{"gold_per_floor":[216,32,66,103,142,172,172,250,275,327,339,351,363,375,387,501,513,569,592,30,30,95,95,8,33],"floor_reached":25,"playtime":1123,"items_purged":[],"score":438,"play_id":"4d3e73ca-04be-49e4-9ae7-5391c87eb9cc","local_time":"20190625201311","is_ascension_mode":true,"campfire_choices":[{"floor":7,"key":"REST"},{"data":"Sweeping Beam","floor":11,"key":"SMITH"},{"floor":15,"key":"REST"},{"floor":23,"key":"REST"}],"neow_cost":"NONE","seed_source_timestamp":27020180155190,"circlet_count":0,"master_deck":["AscendersBane","Strike_B","Strike_B+1","Strike_B","Strike_B","Defend_B","Defend_B","Defend_B","Defend_B","Zap","Dualcast","Rip and Tear","HandOfGreed+1","Steam","Sweeping Beam+1","Coolheaded","Genetic Algorithm","Chill+1","Defragment","Genetic Algorithm","Genetic Algorithm"],"relics":["Cracked Core","Whetstone","Orichalcum","Omamori","MawBank","Cursed Key","Gambling Chip","Bag of Marbles"],"potions_floor_usage":[8,16,25],"damage_taken":[{"damage":0,"enemies":"Cultist","floor":1,"turns":3},{"damage":7,"enemies":"Jaw Worm","floor":3,"turns":3},{"damage":4,"enemies":"Small Slimes","floor":4,"turns":3},{"damage":6,"enemies":"Blue Slaver","floor":5,"turns":4},{"damage":19,"enemies":"Lagavulin","floor":6,"turns":8},{"damage":8,"enemies":"3 Sentries","floor":8,"turns":7},{"damage":10,"enemies":"Lagavulin","floor":10,"turns":7},{"damage":38,"enemies":"Slime Boss","floor":16,"turns":10},{"damage":21,"enemies":"3 Byrds","floor":18,"turns":6},{"damage":21,"enemies":"Shell Parasite","floor":19,"turns":7},{"damage":0,"enemies":"Centurion and Healer","floor":22,"turns":10},{"damage":37,"enemies":"Slavers","floor":25,"turns":4}],"seed_played":"5545091825146386454","potions_obtained":[{"floor":3,"key":"Energy Potion"},{"floor":6,"key":"AttackPotion"},{"floor":10,"key":"FearPotion"},{"floor":19,"key":"SteroidPotion"}],"is_trial":false,"path_per_floor":["M","$","M","M","M","E","R","E","T","E","R","?","?","?","R","B",null,"M","M","$","?","M","R","$","E"],"character_chosen":"DEFECT","items_purchased":["HandOfGreed","Defragment","Gambling Chip","Bag of Marbles","Genetic Algorithm"],"campfire_rested":3,"item_purchase_floors":[2,20,20,20,24],"current_hp_per_floor":[64,64,57,53,47,28,49,41,41,31,31,5,5,28,49,11,56,35,14,14,14,14,35,35,0],"gold":33,"neow_bonus":"HUNDRED_GOLD","is_prod":false,"is_daily":false,"chose_seed":false,"campfire_upgraded":1,"win_rate":0,"timestamp":1561486391,"path_taken":["M","$","M","?","M","E","R","E","T","E","R","?","?","?","R","BOSS","M","M","$","?","?","R","?","E"],"build_version":"2019-01-23","purchased_purges":0,"victory":false,"max_hp_per_floor":[71,71,71,71,71,71,71,71,71,71,71,71,71,71,71,71,71,71,71,71,71,71,71,71,71],"card_choices":[{"not_picked":["Gash","Rebound"],"picked":"Rip and Tear","floor":1},{"not_picked":["Go for the Eyes","Beam Cell"],"picked":"Steam","floor":3},{"not_picked":["BootSequence","Force Field"],"picked":"Sweeping Beam","floor":4},{"not_picked":["Leap","BootSequence"],"picked":"Coolheaded","floor":5},{"not_picked":["Turbo","Rebound","Gash"],"picked":"SKIP","floor":6},{"not_picked":["White Noise","Skim"],"picked":"Genetic Algorithm","floor":8},{"not_picked":["Heatsinks","Beam Cell","Conserve Battery"],"picked":"SKIP","floor":10},{"not_picked":["Hello World","Turbo"],"picked":"Chill+1","floor":18},{"not_picked":["Aggregate","Barrage","Redo"],"picked":"SKIP","floor":19},{"not_picked":["Go for the Eyes","Sweeping Beam","Beam Cell"],"picked":"SKIP","floor":22}],"player_experience":1426745,"relics_obtained":[{"floor":6,"key":"Whetstone"},{"floor":8,"key":"Orichalcum"},{"floor":9,"key":"Omamori"},{"floor":10,"key":"MawBank"}],"event_choices":[{"damage_healed":0,"gold_gain":0,"player_choice":"Fled","damage_taken":26,"max_hp_gain":0,"max_hp_loss":0,"event_name":"Scrap Ooze","floor":12,"gold_loss":0},{"damage_healed":0,"gold_gain":0,"player_choice":"Ignored","damage_taken":0,"max_hp_gain":0,"max_hp_loss":0,"event_name":"Shining Light","floor":13,"gold_loss":0},{"damage_healed":23,"gold_gain":0,"player_choice":"Banana","damage_taken":0,"max_hp_gain":0,"max_hp_loss":0,"event_name":"Big Fish","floor":14,"gold_loss":0},{"damage_healed":0,"gold_gain":0,"player_choice":"Copied","damage_taken":0,"max_hp_gain":0,"max_hp_loss":0,"event_name":"Duplicator","floor":21,"gold_loss":0,"cards_obtained":["Genetic Algorithm"]}],"is_beta":false,"boss_relics":[{"not_picked":["Black Star","Tiny House"],"picked":"Cursed Key"}],"items_purged_floors":[],"is_endless":false,"potions_floor_spawned":[3,6,10,19],"killed_by":"Slavers","ascension_level":20}