{"gold_per_floor":[116,133,143,159,57,82,99,99,99,128,128,128,146,25,25,120,120,138,138,43,43,56,56,113,113,137,137,157,25,425,439,439,539,539,549,561,189,169,179,206,226,226,274,285,2,0,18,38,38,38],"floor_reached":50,"playtime":4931,"items_purged":["Strike_B","Regret"],"score":654,"play_id":"de07247a-c16b-4e56-a68b-fc0c9f641a04","local_time":"20190702005858","is_ascension_mode":false,"campfire_choices":[{"data":"Zap","floor":8,"key":"SMITH"},{"data":"Redo","floor":12,"key":"SMITH"},{"data":"Redo","floor":15,"key":"SMITH"},{"floor":23,"key":"RECALL"},{"data":"Dualcast","floor":25,"key":"SMITH"},{"data":"FTL","floor":27,"key":"SMITH"},{"data":"FTL","floor":32,"key":"SMITH"},{"data":"Coolheaded","floor":42,"key":"SMITH"},{"floor":49,"key":"REST"}],"neow_cost":"NONE","seed_source_timestamp":2103961004436189,"circlet_count":0,"master_deck":["Strike_B","Defend_B+1","Defend_B+1","Defend_B","Defend_B","Zap+1","Dualcast+1","All For One","Redo+1","Redo+1","Steam","Ball Lightning","Steam","Electrodynamics","Go for the Eyes","Sweeping Beam","Cold Snap","Go for the Eyes","Gash","Steam","Thunder Strike","White Noise+1","Conserve Battery","FTL+1","Finesse","Hello World","Go for the Eyes","Go for the Eyes","Sweeping Beam+1","FTL+1","Thunder Strike+1","Hologram","All For One","Scrape","Redo+1","Reinforced Body","Coolheaded+1","Recycle+1","Compile Driver+1","Sunder+1","Finesse","Redo+1","Compile Driver"],"relics":["Cracked Core","Gambling Chip","Meat on the Bone","War Paint","Philosopher\u0027s Stone","Strawberry","Tiny Chest","Centennial Puzzle","Old Coin","Question Card","Nuclear Battery","Toolbox","Incense Burner","Whetstone","Runic Capacitor","Red Mask"],"potions_floor_usage":[6,18,24,24,33,41,50,50,50],"damage_taken":[{"damage":0,"enemies":"Small Slimes","floor":1,"turns":3},{"damage":6,"enemies":"Jaw Worm","floor":2,"turns":3},{"damage":1,"enemies":"Cultist","floor":3,"turns":3},{"damage":16,"enemies":"Lots of Slimes","floor":4,"turns":4},{"damage":14,"enemies":"Gremlin Nob","floor":6,"turns":4},{"damage":0,"enemies":"3 Louse","floor":7,"turns":2},{"damage":10,"enemies":"Lagavulin","floor":10,"turns":5},{"damage":1,"enemies":"Looter","floor":13,"turns":2},{"damage":3,"enemies":"Hexaghost","floor":16,"turns":8},{"damage":14,"enemies":"Spheric Guardian","floor":18,"turns":4},{"damage":2,"enemies":"Chosen","floor":22,"turns":4},{"damage":35,"enemies":"Slavers","floor":24,"turns":4},{"damage":25,"enemies":"Centurion and Healer","floor":28,"turns":4},{"damage":3,"enemies":"Colosseum Slavers","floor":30,"turns":2},{"damage":6,"enemies":"Colosseum Nobs","floor":30,"turns":4},{"damage":6,"enemies":"Snecko","floor":31,"turns":3},{"damage":40,"enemies":"Collector","floor":33,"turns":8},{"damage":42,"enemies":"3 Shapes","floor":35,"turns":3},{"damage":9,"enemies":"Orb Walker","floor":36,"turns":3},{"damage":9,"enemies":"Sphere and 2 Shapes","floor":39,"turns":4},{"damage":0,"enemies":"Giant Head","floor":40,"turns":5},{"damage":0,"enemies":"3 Darklings","floor":41,"turns":2},{"damage":0,"enemies":"Maw","floor":44,"turns":6},{"damage":0,"enemies":"Spire Growth","floor":47,"turns":4},{"damage":1,"enemies":"3 Darklings","floor":48,"turns":3},{"damage":77,"enemies":"Time Eater","floor":50,"turns":8}],"seed_played":"4814684842143558436","potions_obtained":[{"floor":4,"key":"Poison Potion"},{"floor":7,"key":"SpeedPotion"},{"floor":13,"key":"Ancient Potion"},{"floor":16,"key":"SkillPotion"},{"floor":22,"key":"FocusPotion"},{"floor":31,"key":"EssenceOfSteel"},{"floor":33,"key":"Fire Potion"},{"floor":35,"key":"GamblersBrew"},{"floor":38,"key":"Explosive Potion"},{"floor":40,"key":"LiquidBronze"},{"floor":44,"key":"Explosive Potion"},{"floor":48,"key":"AttackPotion"}],"is_trial":false,"path_per_floor":["M","M","M","M","$","E","M","R","T","E","?","R","M","$","R","B",null,"M","?","$","?","M","R","E","R","T","R","M","$","?","M","R","B",null,"M","M","$","?","M","E","M","R","T","M","$","?","M","M","R","B"],"character_chosen":"DEFECT","items_purchased":["Steam","Go for the Eyes","Gash","Steam","Finesse","Sweeping Beam","FTL","Toolbox","Reinforced Body","Finesse","Runic Capacitor"],"campfire_rested":1,"item_purchase_floors":[5,14,14,14,20,29,29,37,37,45,45],"current_hp_per_floor":[75,69,68,52,52,38,38,38,38,28,28,28,39,39,39,48,75,61,61,61,68,66,66,43,43,43,43,30,30,45,51,51,23,82,52,43,43,43,46,46,46,46,46,46,46,46,46,45,69,0],"gold":38,"neow_bonus":"ONE_RANDOM_RARE_CARD","is_prod":false,"is_daily":false,"chose_seed":false,"campfire_upgraded":7,"win_rate":0,"timestamp":1562050738,"path_taken":["M","M","M","M","$","E","M","R","T","E","?","R","M","$","R","BOSS","M","?","$","?","?","R","E","R","T","R","M","?","?","M","R","BOSS","M","M","$","?","M","E","?","R","T","M","$","?","M","M","R","BOSS"],"build_version":"2019-07-01","purchased_purges":2,"victory":false,"max_hp_per_floor":[75,75,75,75,75,75,75,75,75,75,75,75,75,75,75,75,75,75,75,75,82,82,82,82,82,82,82,82,82,82,82,82,82,82,82,82,82,82,82,82,82,82,82,82,82,82,82,82,82,82],"card_choices":[{"not_picked":["Turbo","Hologram"],"picked":"Redo","floor":1},{"not_picked":["Rebound","Melter"],"picked":"Redo","floor":2},{"not_picked":["Reprogram","Rebound"],"picked":"Steam","floor":3},{"not_picked":["Compile Driver","Turbo"],"picked":"Ball Lightning","floor":4},{"not_picked":["Hyperbeam","Heatsinks"],"picked":"Electrodynamics","floor":6},{"not_picked":["Barrage","Skim"],"picked":"Go for the Eyes","floor":7},{"not_picked":["Stack","Barrage"],"picked":"Sweeping Beam","floor":10},{"not_picked":["Blizzard","Hello World"],"picked":"Cold Snap","floor":13},{"not_picked":["Biased Cognition","Echo Form"],"picked":"Thunder Strike","floor":16},{"not_picked":["Turbo","Steam+1"],"picked":"White Noise+1","floor":18},{"not_picked":["Stack","Barrage"],"picked":"Hello World","floor":22},{"not_picked":["Barrage","Leap"],"picked":"Go for the Eyes","floor":24},{"not_picked":["Fusion","Conserve Battery"],"picked":"Go for the Eyes","floor":28},{"not_picked":["Darkness","Sweeping Beam"],"picked":"Thunder Strike","floor":30},{"not_picked":["Go for the Eyes","Barrage+1","Leap"],"picked":"Hologram","floor":31},{"not_picked":["Multi-Cast","Creative AI","Seek"],"picked":"All For One","floor":33},{"not_picked":["Hologram","Coolheaded","Rip and Tear"],"picked":"Scrape","floor":35},{"not_picked":["BootSequence+1","Self Repair","Cold Snap+1"],"picked":"Redo+1","floor":36},{"not_picked":["Conserve Battery","Reprogram","Barrage+1"],"picked":"Coolheaded","floor":39},{"not_picked":["Undo","Steam","Reinforced Body"],"picked":"Recycle+1","floor":40},{"not_picked":["Force Field+1","White Noise+1","FTL+1"],"picked":"Compile Driver+1","floor":41},{"not_picked":["Glacier+1","Leap","Genetic Algorithm"],"picked":"Sunder+1","floor":44},{"not_picked":["Biased Cognition","FTL+1","Static Discharge"],"picked":"Redo+1","floor":47},{"not_picked":["Cold Snap+1","Static Discharge","Barrage+1"],"picked":"Compile Driver","floor":48}],"player_experience":84026,"relics_obtained":[{"floor":6,"key":"Gambling Chip"},{"floor":10,"key":"Meat on the Bone"},{"floor":24,"key":"Tiny Chest"},{"floor":26,"key":"Centennial Puzzle"},{"floor":30,"key":"Old Coin"},{"floor":30,"key":"Question Card"},{"floor":40,"key":"Incense Burner"},{"floor":43,"key":"Whetstone"}],"event_choices":[{"damage_healed":0,"gold_gain":0,"player_choice":"Box","damage_taken":0,"relics_obtained":["War Paint"],"max_hp_gain":0,"max_hp_loss":0,"event_name":"Big Fish","floor":11,"gold_loss":0,"cards_obtained":["Regret"]},{"damage_healed":0,"gold_gain":0,"cards_transformed":["Strike_B","Strike_B"],"player_choice":"Became Test Subject","damage_taken":0,"max_hp_gain":0,"max_hp_loss":0,"event_name":"Drug Dealer","floor":19,"gold_loss":0,"cards_obtained":["Conserve Battery","FTL"]},{"damage_healed":0,"gold_gain":0,"player_choice":"Gave Potion","damage_taken":0,"relics_obtained":["Strawberry"],"max_hp_gain":0,"max_hp_loss":0,"event_name":"WeMeetAgain","floor":21,"gold_loss":0},{"damage_healed":0,"gold_gain":0,"player_choice":"Fight","damage_taken":0,"max_hp_gain":0,"max_hp_loss":0,"event_name":"Colosseum","floor":30,"gold_loss":0},{"damage_healed":0,"gold_gain":0,"player_choice":"Fought Nobs","damage_taken":0,"max_hp_gain":0,"max_hp_loss":0,"event_name":"Colosseum","floor":30,"gold_loss":0},{"damage_healed":0,"gold_gain":0,"player_choice":"Bought 1 Potion","damage_taken":0,"max_hp_gain":0,"max_hp_loss":0,"event_name":"The Woman in Blue","floor":38,"gold_loss":0},{"damage_healed":0,"gold_gain":0,"player_choice":"Paid","damage_taken":0,"relics_obtained":["Red Mask"],"max_hp_gain":0,"max_hp_loss":0,"event_name":"Tomb of Lord Red Mask","floor":46,"gold_loss":2}],"is_beta":false,"boss_relics":[{"not_picked":["Ectoplasm","Fusion Hammer"],"picked":"Philosopher\u0027s Stone"},{"not_picked":["Black Star","Calling Bell"],"picked":"Nuclear Battery"}],"items_purged_floors":[5,37],"is_endless":false,"potions_floor_spawned":[4,7,13,16,22,30,31,33,35,40,44,48],"killed_by":"Time Eater","ascension_level":0}