{"gold_per_floor":[109,126,75,150,150,179,98,98,123,455,420,451,451,461,461,533,533,533,458,458,413,413,413,413,242,242,242,242,242,242,242,242,242,242,242,242,242,242,45,45,45,45,45,45,45,45,10,10,10,10],"floor_reached":51,"playtime":4293,"items_purged":[],"score":1208,"play_id":"2bda4967-04ec-4703-9440-ae1b5588ca47","local_time":"20180930222401","is_ascension_mode":true,"campfire_choices":[{"data":"Body Slam","floor":8.0,"key":"SMITH"},{"data":"Flame Barrier","floor":13.0,"key":"SMITH"},{"data":"Shrug It Off","floor":15.0,"key":"SMITH"},{"data":"Flame Barrier","floor":23.0,"key":"SMITH"},{"data":"Iron Wave","floor":27.0,"key":"SMITH"},{"floor":32.0,"key":"REST"},{"data":"Body Slam","floor":40.0,"key":"SMITH"},{"floor":44.0,"key":"REST"},{"floor":49.0,"key":"REST"}],"neow_cost":"NONE","seed_source_timestamp":0,"circlet_count":0,"master_deck":["Strike_R","Strike_R","Strike_R","Strike_R","Defend_R","Defend_R","Defend_R","Defend_R","Bash","AscendersBane","Shrug It Off","Twin Strike","Body Slam+1","Iron Wave","Flame Barrier+1","Demon Form","Flame Barrier+1","Shrug It Off+1","Double Tap","Iron Wave+1","Thunderclap","Headbutt","Battle Trance","Bandage Up","Pommel Strike","Double Tap","Twin Strike","Madness+1","Madness","Dropkick+1","Body Slam+1","Ghostly Armor","Rampage+1","Headbutt","Whirlwind","Armaments+1"],"special_seed":0,"relics":["Burning Blood","NeowsBlessing","Gremlin Horn","Boot","Old Coin","PreservedInsect","Ectoplasm","MutagenicStrength","Kunai","Blue Candle","Regal Pillow","Velvet Choker","Bronze Scales","Pear","Nunchaku","Blood Vial","SsserpentHead"],"potions_floor_usage":[50,50],"damage_taken":[{"damage":0.0,"enemies":"2 Louse","floor":1.0,"turns":1.0},{"damage":0.0,"enemies":"Jaw Worm","floor":2.0,"turns":1.0},{"damage":0.0,"enemies":"Gremlin Nob","floor":6.0,"turns":1.0},{"damage":23.0,"enemies":"Lagavulin","floor":10.0,"turns":7.0},{"damage":30.0,"enemies":"3 Sentries","floor":12.0,"turns":11.0},{"damage":0.0,"enemies":"Small Slimes","floor":14.0,"turns":3.0},{"damage":35.0,"enemies":"The Guardian","floor":16.0,"turns":13.0},{"damage":9.0,"enemies":"Shell Parasite","floor":18.0,"turns":4.0},{"damage":1.0,"enemies":"2 Thieves","floor":21.0,"turns":4.0},{"damage":18.0,"enemies":"Gremlin Leader","floor":24.0,"turns":6.0},{"damage":24.0,"enemies":"Book of Stabbing","floor":28.0,"turns":5.0},{"damage":8.0,"enemies":"Centurion and Healer","floor":29.0,"turns":5.0},{"damage":12.0,"enemies":"Shelled Parasite and Fungi","floor":31.0,"turns":6.0},{"damage":66.0,"enemies":"Automaton","floor":33.0,"turns":14.0},{"damage":4.0,"enemies":"3 Darklings","floor":35.0,"turns":5.0},{"damage":0.0,"enemies":"3 Shapes","floor":38.0,"turns":6.0},{"damage":42.0,"enemies":"2 Orb Walkers","floor":41.0,"turns":4.0},{"damage":10.0,"enemies":"Mysterious Sphere","floor":42.0,"turns":8.0},{"damage":36.0,"enemies":"Maw","floor":46.0,"turns":8.0},{"damage":35.0,"enemies":"Reptomancer","floor":48.0,"turns":5.0},{"damage":81,"enemies":"Donu and Deca","floor":50,"turns":9}],"seed_played":"-3918746893282916956","potions_obtained":[{"floor":6.0,"key":"Strength Potion"},{"floor":14.0,"key":"BloodPotion"},{"floor":16.0,"key":"Poison Potion"},{"floor":21.0,"key":"SkillPotion"},{"floor":24.0,"key":"Energy Potion"},{"floor":29.0,"key":"Energy Potion"},{"floor":33.0,"key":"Strength Potion"},{"floor":35.0,"key":"SteroidPotion"},{"floor":38.0,"key":"PowerPotion"},{"floor":48.0,"key":"SkillPotion"}],"is_trial":false,"path_per_floor":["M","M","$","?","?","E","$","R","T","E","?","E","R","M","R","B",null,"M","?","?","M","$","R","E","$","T","R","E","M","?","M","R","B",null,"M","?","?","M","$","R","E","?","T","R","?","M","$","M","R","B"],"character_chosen":"IRONCLAD","items_purchased":["Body Slam","Flame Barrier","Battle Trance","Bandage Up","Bronze Scales","Body Slam","Whirlwind"],"campfire_rested":3,"item_purchase_floors":[3,7,25,25,39,39,47],"current_hp_per_floor":[78,80,80,69,74,80,80,80,80,63,84,60,60,66,66,37,73,70,70,70,75,75,75,63,63,63,63,49,51,35,42,84,28,75,81,70,70,80,80,80,58,58,58,100,100,70,70,47,92,23],"gold":10,"neow_bonus":"THREE_ENEMY_KILL","is_prod":false,"is_daily":false,"chose_seed":false,"campfire_upgraded":6,"win_rate":0,"timestamp":1538364241,"path_taken":["M","M","$","?","?","E","$","R","T","E","?","E","R","?","R","BOSS","M","?","?","M","$","R","E","$","T","R","E","?","?","M","R","BOSS","M","?","?","M","$","R","E","?","T","R","?","M","?","M","R","BOSS"],"build_version":"2018-09-27","purchased_purges":0,"victory":true,"max_hp_per_floor":[80,80,80,80,85,85,85,85,85,85,85,85,85,85,85,85,85,85,85,85,85,85,85,85,85,85,85,85,85,90,90,90,90,90,90,90,90,90,90,90,100,100,100,100,100,100,100,100,100,100],"card_choices":[{"not_picked":["Armaments","Feel No Pain"],"picked":"Shrug It Off","floor":1.0},{"not_picked":["Fire Breathing","Shrug It Off"],"picked":"Twin Strike","floor":2.0},{"not_picked":["Blood for Blood","Dual Wield"],"picked":"Iron Wave","floor":6.0},{"not_picked":["Twin Strike","Heavy Blade"],"picked":"Demon Form","floor":10.0},{"not_picked":["Thunderclap","Flex"],"picked":"Flame Barrier","floor":12.0},{"not_picked":["Bludgeon","Pummel"],"picked":"Shrug It Off","floor":14.0},{"not_picked":["Dark Embrace","Immolate"],"picked":"Double Tap","floor":16.0},{"not_picked":["Armaments","Havoc"],"picked":"Iron Wave","floor":18.0},{"not_picked":["Clash","Perfected Strike"],"picked":"Thunderclap","floor":21.0},{"not_picked":["Dual Wield+1","Wild Strike"],"picked":"Headbutt","floor":24.0},{"not_picked":["Barricade","Burning Pact+1","True Grit"],"picked":"SKIP","floor":28.0},{"not_picked":["Havoc","True Grit","Reckless Charge+1"],"picked":"SKIP","floor":29.0},{"not_picked":["Searing Blow","Clothesline"],"picked":"Pommel Strike","floor":31.0},{"not_picked":["Barricade","Juggernaut"],"picked":"Double Tap","floor":33.0},{"not_picked":["Clothesline","Dual Wield"],"picked":"Twin Strike","floor":35.0},{"not_picked":["Wild Strike+1","Clothesline"],"picked":"Dropkick+1","floor":38.0},{"not_picked":["Offering","Fire Breathing"],"picked":"Ghostly Armor","floor":41.0},{"not_picked":["Clash","Wild Strike"],"picked":"Rampage+1","floor":42.0},{"not_picked":["Wild Strike","Burning Pact"],"picked":"Headbutt","floor":46.0},{"not_picked":["Clothesline","Wild Strike"],"picked":"Armaments+1","floor":48.0}],"player_experience":674893,"relics_obtained":[{"floor":6.0,"key":"Gremlin Horn"},{"floor":9.0,"key":"Boot"},{"floor":10.0,"key":"Old Coin"},{"floor":12.0,"key":"PreservedInsect"},{"floor":24.0,"key":"Kunai"},{"floor":26.0,"key":"Blue Candle"},{"floor":28.0,"key":"Regal Pillow"},{"floor":41.0,"key":"Pear"},{"floor":42.0,"key":"Nunchaku"},{"floor":43.0,"key":"Blood Vial"}],"event_choices":[{"event_name":"World of Goop","player_choice":"Gather Gold","floor":4.0,"damage_taken":0.0},{"event_name":"Big Fish","player_choice":"Donut","floor":5.0,"damage_taken":0.0},{"event_name":"The Cleric","player_choice":"Healed","floor":11.0,"damage_taken":0.0},{"event_name":"Beggar","player_choice":"Gave Gold","floor":19.0,"damage_taken":0.0},{"event_name":"Drug Dealer","player_choice":"Inject Mutagens","floor":20.0,"damage_taken":0.0},{"event_name":"Forgotten Altar","player_choice":"Shed Blood","floor":30.0,"damage_taken":0.0},{"event_name":"Winding Halls","player_choice":"Embrace Madness","floor":36.0,"damage_taken":0.0},{"event_name":"Upgrade Shrine","player_choice":"Upgraded","floor":37.0,"damage_taken":0.0},{"event_name":"Mysterious Sphere","player_choice":"Fight","floor":42.0,"damage_taken":0.0},{"event_name":"FaceTrader","player_choice":"Trade","floor":45.0,"damage_taken":0.0}],"is_beta":false,"boss_relics":[{"not_picked":["Tiny House","White Beast Statue"],"picked":"Ectoplasm"},{"not_picked":["Lizard Tail","Calling Bell"],"picked":"Velvet Choker"}],"items_purged_floors":[],"is_endless":false,"potions_floor_spawned":[6,14,16,21,24,29,33,35,38,48],"ascension_level":13}