{"gold_per_floor":[116,131,81,81,91,91,107,107,131,164,164,174,183,195,195,296,296,315,304,58,77,96,96],"floor_reached":23,"playtime":1408,"items_purged":[],"score":195,"play_id":"b2d30a83-2b62-45f8-a7c2-e69185ca140f","local_time":"20190317114845","is_ascension_mode":false,"campfire_choices":[{"data":"Zap","floor":6,"key":"SMITH"},{"data":"Dualcast","floor":8,"key":"SMITH"},{"data":"Darkness","floor":15,"key":"SMITH"}],"neow_cost":"NONE","seed_source_timestamp":323131661553627,"circlet_count":0,"master_deck":["Strike_B","Strike_B","Strike_B","Defend_B","Defend_B","Defend_B","Defend_B","Zap+1","Dualcast+1","Cold Snap","Ball Lightning","Defragment","Ball Lightning","Beam Cell","Loop","Doom and Gloom","Darkness+1","Thunder Strike","Ball Lightning","Barrage+1","Lockon","Master of Strategy","Leap","Cold Snap"],"relics":["Cracked Core","Omamori","Centennial Puzzle","SsserpentHead","Eternal Feather"],"potions_floor_usage":[7,12],"damage_taken":[{"damage":1,"enemies":"Cultist","floor":1,"turns":3},{"damage":0,"enemies":"Small Slimes","floor":2,"turns":2},{"damage":0,"enemies":"2 Louse","floor":5,"turns":1},{"damage":1,"enemies":"Exordium Thugs","floor":7,"turns":3},{"damage":20,"enemies":"3 Sentries","floor":10,"turns":7},{"damage":0,"enemies":"Looter","floor":12,"turns":2},{"damage":0,"enemies":"2 Fungi Beasts","floor":14,"turns":2},{"damage":13,"enemies":"The Guardian","floor":16,"turns":7},{"damage":7,"enemies":"Spheric Guardian","floor":18,"turns":3},{"damage":20,"enemies":"2 Thieves","floor":19,"turns":4},{"damage":22,"enemies":"3 Cultists","floor":21,"turns":5},{"damage":12,"enemies":"Snake Plant","floor":22,"turns":3}],"seed_played":"3935334910620109533","potions_obtained":[{"floor":1,"key":"Swift Potion"},{"floor":4,"key":"Fruit Juice"},{"floor":4,"key":"SteroidPotion"},{"floor":18,"key":"Weak Potion"},{"floor":22,"key":"Block Potion"}],"is_trial":false,"path_per_floor":["M","M","?","?","M","R","M","R","T","E","?","M","$","M","R","B",null,"M","M","$","M","M","R"],"character_chosen":"DEFECT","items_purchased":["Doom and Gloom","Lockon","Master of Strategy"],"campfire_rested":0,"item_purchase_floors":[13,20,20],"current_hp_per_floor":[81,81,81,81,81,81,80,80,80,60,60,60,60,60,60,47,82,75,55,55,33,21,33],"gold":96,"neow_bonus":"TEN_PERCENT_HP_BONUS","is_prod":false,"is_daily":false,"chose_seed":false,"campfire_upgraded":3,"win_rate":0,"timestamp":1552841325,"path_taken":["M","M","?","?","?","R","M","R","T","E","?","M","?","M","R","BOSS","M","M","$","M","M","R"],"build_version":"2019-01-23","purchased_purges":0,"victory":false,"max_hp_per_floor":[82,82,82,82,82,82,82,82,82,82,82,82,82,82,82,82,82,82,82,82,82,82,82],"card_choices":[{"not_picked":["Double Energy","Force Field"],"picked":"Cold Snap","floor":1},{"not_picked":["Consume","Beam Cell"],"picked":"Ball Lightning","floor":2},{"not_picked":["Double Energy","Steam"],"picked":"Defragment","floor":5},{"not_picked":["Blizzard","Hologram"],"picked":"Ball Lightning","floor":7},{"not_picked":["Machine Learning","Steam"],"picked":"Beam Cell","floor":10},{"not_picked":["Ball Lightning","Sweeping Beam"],"picked":"Loop","floor":12},{"not_picked":["Hello World","Storm"],"picked":"Darkness","floor":14},{"not_picked":["Biased Cognition","Rainbow"],"picked":"Thunder Strike","floor":16},{"not_picked":["Barrage","Storm"],"picked":"Ball Lightning","floor":18},{"not_picked":["Reinforced Body","Streamline"],"picked":"Barrage+1","floor":19},{"not_picked":["Genetic Algorithm","Streamline"],"picked":"Leap","floor":21},{"not_picked":["Doom and Gloom","Heatsinks"],"picked":"Cold Snap","floor":22}],"player_experience":1204683,"relics_obtained":[{"floor":9,"key":"Omamori"},{"floor":10,"key":"Centennial Puzzle"}],"event_choices":[{"cards_removed":["Strike_B"],"damage_healed":0,"gold_gain":0,"player_choice":"Card Removal","damage_taken":0,"max_hp_gain":0,"max_hp_loss":0,"event_name":"The Cleric","floor":3,"gold_loss":50},{"damage_healed":0,"gold_gain":0,"player_choice":"Got Potions","damage_taken":0,"max_hp_gain":0,"max_hp_loss":0,"event_name":"Lab","floor":4,"gold_loss":0},{"damage_healed":0,"gold_gain":0,"player_choice":"Trade","damage_taken":0,"relics_obtained":["SsserpentHead"],"max_hp_gain":0,"max_hp_loss":0,"event_name":"FaceTrader","floor":11,"gold_loss":0}],"is_beta":false,"boss_relics":[{"not_picked":["Runic Dome","Runic Pyramid"],"picked":"Eternal Feather"}],"items_purged_floors":[],"is_endless":false,"potions_floor_spawned":[1,5,18,22],"ascension_level":0}