{"gold_per_floor":[112,187,187,202,221,221,233,267,294,309,2,37,37,63,63,162,162,180,180,180,180,180,180],"floor_reached":23,"playtime":1797,"items_purged":[],"score":311,"play_id":"af92bad5-39f2-4a88-98c6-00167c873b21","local_time":"20180920091001","is_ascension_mode":true,"campfire_choices":[{"data":"Rage","floor":6,"key":"SMITH"},{"floor":15,"key":"REST"}],"neow_cost":"","seed_source_timestamp":682694602506119,"circlet_count":0,"master_deck":["Strike_R","Strike_R","Strike_R","Strike_R","Strike_R","Defend_R","Defend_R","Defend_R","Bash","AscendersBane","Shrug It Off","Headbutt","Rage+1","Rampage","Iron Wave","Flame Barrier","Shrug It Off","Impervious","Armaments","Body Slam","RitualDagger"],"relics":["Burning Blood","Blood Vial","Centennial Puzzle","Torii","Ancient Tea Set","Potion Belt","Thread and Needle","Cursed Key","Nilry\u0027s Codex"],"potions_floor_usage":[8,8,16,16,23,23,23],"damage_taken":[{"damage":9,"enemies":"Jaw Worm","floor":1,"turns":5},{"damage":2,"enemies":"2 Louse","floor":4,"turns":4},{"damage":7,"enemies":"Small Slimes","floor":5,"turns":4},{"damage":0,"enemies":"Blue Slaver","floor":7,"turns":4},{"damage":11,"enemies":"Lagavulin","floor":8,"turns":7},{"damage":15,"enemies":"2 Fungi Beasts","floor":10,"turns":4},{"damage":19,"enemies":"Gremlin Nob","floor":12,"turns":5},{"damage":11,"enemies":"3 Sentries","floor":14,"turns":12},{"damage":8,"enemies":"The Guardian","floor":16,"turns":13},{"damage":0,"enemies":"Chosen","floor":18,"turns":5},{"damage":88,"enemies":"Gremlin Leader","floor":23,"turns":8}],"seed_played":"4247818903813389770","potions_obtained":[{"floor":4,"key":"EssenceOfSteel"},{"floor":5,"key":"SteroidPotion"},{"floor":10,"key":"EssenceOfSteel"},{"floor":12,"key":"Weak Potion"},{"floor":14,"key":"Fire Potion"},{"floor":21,"key":"SmokeBomb"},{"floor":21,"key":"Swift Potion"},{"floor":21,"key":"Regen Potion"}],"is_trial":false,"path_per_floor":["M","?","?","M","M","R","M","E","T","M","$","E","?","E","R","B",null,"M","?","?","?","?"],"character_chosen":"IRONCLAD","items_purchased":["Torii"],"campfire_rested":1,"item_purchase_floors":[11],"current_hp_per_floor":[69,58,51,55,54,54,60,55,55,48,48,37,37,34,58,58,75,80,80,64,64,58,0],"gold":180,"neow_bonus":"","is_prod":false,"is_daily":false,"chose_seed":false,"campfire_upgraded":1,"win_rate":0,"timestamp":1537452601,"path_taken":["M","?","?","M","M","R","M","E","T","M","$","E","?","E","R","BOSS","M","?","?","?","?","E"],"build_version":"2018-09-06","purchased_purges":0,"victory":false,"max_hp_per_floor":[80,80,80,80,80,80,80,80,80,80,80,80,80,80,80,80,80,80,80,80,80,80,80],"card_choices":[{"not_picked":["Cleave","Flex"],"picked":"Shrug It Off","floor":1},{"not_picked":["True Grit","Sentinel"],"picked":"Headbutt","floor":4},{"not_picked":["Blood for Blood","True Grit"],"picked":"Rage","floor":5},{"not_picked":["Disarm","Cleave"],"picked":"Rampage","floor":7},{"not_picked":["Dark Embrace","True Grit"],"picked":"Dropkick","floor":8},{"not_picked":["Warcry","Dual Wield"],"picked":"Iron Wave","floor":10},{"not_picked":["Headbutt","Havoc"],"picked":"Flame Barrier","floor":12},{"not_picked":["Clothesline","Searing Blow"],"picked":"Shrug It Off","floor":14},{"not_picked":["Limit Break","Dark Embrace"],"picked":"Impervious","floor":16},{"not_picked":["Wild Strike+1","Perfected Strike"],"picked":"Armaments","floor":18}],"player_experience":625953,"relics_obtained":[{"floor":8,"key":"Blood Vial"},{"floor":9,"key":"Centennial Puzzle"},{"floor":12,"key":"Ancient Tea Set"},{"floor":14,"key":"Thread and Needle"},{"floor":20,"key":"Nilry\u0027s Codex"}],"event_choices":[{"event_name":"World of Goop","player_choice":"Gather Gold","floor":2,"damage_taken":0},{"event_name":"Golden Wing","player_choice":"Card Removal","floor":3,"damage_taken":0},{"event_name":"WeMeetAgain","player_choice":"Card","floor":13,"damage_taken":0},{"event_name":"The Library","player_choice":"Read","floor":19,"damage_taken":0},{"event_name":"Cursed Tome","player_choice":"Obtained Book","floor":20,"damage_taken":0},{"event_name":"The Lab","player_choice":"Got Potions","floor":21,"damage_taken":0},{"event_name":"Nest","player_choice":"Joined the Cult","floor":22,"damage_taken":0}],"is_beta":false,"boss_relics":[{"not_picked":["Astrolabe","Philosopher\u0027s Stone"],"picked":"Cursed Key"}],"items_purged_floors":[],"is_endless":false,"potions_floor_spawned":[4,5,10,12,14],"killed_by":"Gremlin Leader","ascension_level":10}