{"gold_per_floor":[114,126,144,144,158,158,158,192,218,246,246,260,260],"floor_reached":13,"playtime":1010,"items_purged":[],"score":95,"play_id":"d4b16714-133d-4c48-a8b1-101d2acc6d93","local_time":"20190314230639","is_ascension_mode":false,"campfire_choices":[{"data":"Zap","floor":7.0,"key":"SMITH"}],"neow_cost":"NONE","seed_source_timestamp":0,"circlet_count":0,"master_deck":["Strike_B","Strike_B","Strike_B","Strike_B","Defend_B","Defend_B","Defend_B","Defend_B","Zap+1","Dualcast","Leap","Gash","Go for the Eyes","FTL+1","Turbo","Auto Shields","Consume"],"special_seed":0,"relics":["Cracked Core","Juzu Bracelet","Smiling Mask","Anchor","Vajra","Pen Nib"],"potions_floor_usage":[],"damage_taken":[{"damage":0.0,"enemies":"Cultist","floor":1.0,"turns":3.0},{"damage":0.0,"enemies":"2 Louse","floor":2.0,"turns":1.0},{"damage":0.0,"enemies":"Small Slimes","floor":3.0,"turns":3.0},{"damage":6.0,"enemies":"2 Fungi Beasts","floor":5.0,"turns":4.0},{"damage":14.0,"enemies":"Gremlin Nob","floor":8.0,"turns":4.0},{"damage":32.0,"enemies":"Lagavulin","floor":10.0,"turns":8.0},{"damage":0,"enemies":"Lots of Slimes","floor":12,"turns":4},{"damage":16,"enemies":"Exordium Thugs","floor":13,"turns":4}],"seed_played":"1480483509894021384","potions_obtained":[{"floor":2.0,"key":"Ancient Potion"},{"floor":5.0,"key":"PowerPotion"},{"floor":10,"key":"Regen Potion"}],"is_trial":false,"path_per_floor":["M","M","M","T","M","?","R","E","T","E","?","M","M"],"character_chosen":"DEFECT","items_purchased":[],"campfire_rested":0,"item_purchase_floors":[],"current_hp_per_floor":[75,75,75,75,69,69,69,55,55,23,11,11,0],"gold":260,"neow_bonus":"RANDOM_COMMON_RELIC","is_prod":false,"is_daily":false,"chose_seed":false,"campfire_upgraded":1,"win_rate":0,"timestamp":1552622799,"path_taken":["M","M","M","?","M","?","R","E","T","E","?","M","M"],"build_version":"2019-01-23","purchased_purges":0,"victory":false,"max_hp_per_floor":[75,75,75,75,75,75,75,75,75,75,75,75,75],"card_choices":[{"not_picked":["Steam","Streamline"],"picked":"Leap","floor":1.0},{"not_picked":["Ball Lightning","Force Field"],"picked":"Gash","floor":2.0},{"not_picked":["Turbo","Tempest"],"picked":"Go for the Eyes","floor":3.0},{"not_picked":["Blizzard","Turbo"],"picked":"FTL","floor":5.0},{"not_picked":["Coolheaded","Reprogram"],"picked":"Turbo","floor":8.0},{"not_picked":["Cold Snap","Tempest"],"picked":"Auto Shields","floor":10},{"not_picked":["Barrage","Cold Snap"],"picked":"Consume","floor":12}],"player_experience":1178487,"relics_obtained":[{"floor":8.0,"key":"Smiling Mask"},{"floor":9.0,"key":"Anchor"},{"floor":10,"key":"Vajra"}],"event_choices":[{"damage_healed":0.0,"max_hp_gain":0.0,"max_hp_loss":0.0,"gold_gain":0.0,"event_name":"Upgrade Shrine","player_choice":"Upgraded","floor":6.0,"gold_loss":0.0,"damage_taken":0.0,"cards_upgraded":["FTL"]},{"damage_healed":0,"gold_gain":0,"player_choice":"Success","damage_taken":12,"relics_obtained":["Pen Nib"],"max_hp_gain":0,"max_hp_loss":0,"event_name":"Scrap Ooze","floor":11,"gold_loss":0}],"is_beta":false,"boss_relics":[],"items_purged_floors":[],"is_endless":false,"potions_floor_spawned":[2,5,10],"killed_by":"Exordium Thugs","ascension_level":0}