{"gold_per_floor":[114,114,132,23,23,48,48,48,48,48,61,74,74,38,38,133,133,148,164,181,181,195,195,206,206,206,206],"floor_reached":27,"playtime":1643,"items_purged":["Strike_G"],"score":238,"play_id":"8ad0640c-9f1c-406b-a2b8-b10d075c49a1","local_time":"20180720100224","is_ascension_mode":false,"campfire_choices":[{"data":"Envenom","floor":7,"key":"SMITH"},{"data":"Poisoned Stab","floor":10,"key":"SMITH"},{"data":"Catalyst","floor":13,"key":"SMITH"},{"floor":15,"key":"REST"},{"floor":23,"key":"REST"},{"data":"Poisoned Stab","floor":25,"key":"SMITH"}],"neow_cost":"CURSE","seed_source_timestamp":2051621068424202,"circlet_count":0,"master_deck":["Defend_G","Defend_G","Defend_G","Defend_G","Strike_G","Strike_G","Strike_G","Survivor","Neutralize","Writhe","Envenom+1","Poisoned Stab+1","Poisoned Stab+1","Catalyst+1","Bouncing Flask","Noxious Fumes","Dagger Spray","Dagger Spray+1","RitualDagger"],"relics":["Ring of the Snake","Singing Bowl","Dodecahedron","Meat on the Bone","Empty Cage","Omamori"],"potions_floor_usage":[12,16,22,24],"damage_taken":[{"damage":4,"enemies":"Cultist","floor":1,"turns":5},{"damage":0,"enemies":"Small Slimes","floor":3,"turns":3},{"damage":19,"enemies":"3 Sentries","floor":6,"turns":10},{"damage":0,"enemies":"2 Louse","floor":11,"turns":3},{"damage":3,"enemies":"Gremlin Gang","floor":12,"turns":7},{"damage":44,"enemies":"Hexaghost","floor":16,"turns":5},{"damage":0,"enemies":"Chosen","floor":18,"turns":4},{"damage":20,"enemies":"Shell Parasite","floor":19,"turns":4},{"damage":23,"enemies":"Snake Plant","floor":20,"turns":4},{"damage":43,"enemies":"Snecko","floor":22,"turns":6},{"damage":7,"enemies":"Centurion and Healer","floor":24,"turns":6},{"damage":42,"enemies":"Slaver and Parasite","floor":27,"turns":4}],"seed_played":"8000522760707764735","potions_obtained":[{"floor":1,"key":"SpeedPotion"},{"floor":11,"key":"PowerPotion"},{"floor":12,"key":"SkillPotion"},{"floor":16,"key":"LiquidBronze"},{"floor":19,"key":"GamblersBrew"},{"floor":22,"key":"GhostInAJar"},{"floor":24,"key":"SteroidPotion"}],"is_trial":false,"path_per_floor":["M","?","M","$","?","E","R","T","T","R","M","M","R","$","R","B",null,"M","M","M","?","M","R","M","R","T"],"character_chosen":"THE_SILENT","items_purchased":["Catalyst","Noxious Fumes"],"campfire_rested":2,"item_purchase_floors":[4,14],"current_hp_per_floor":[66,71,71,71,75,58,58,58,58,58,60,57,57,57,79,49,81,81,61,52,46,17,42,49,49,49,7],"gold":206,"neow_bonus":"THREE_RARE_CARDS","is_prod":false,"is_daily":false,"chose_seed":false,"campfire_upgraded":4,"win_rate":0,"timestamp":1532098944,"path_taken":["M","?","M","$","?","E","R","?","T","R","M","M","R","?","R","BOSS","M","M","M","?","?","R","M","R","T","?"],"build_version":"2018-07-19v2","purchased_purges":1,"victory":false,"max_hp_per_floor":[70,75,75,75,75,77,77,77,77,77,79,79,79,79,79,81,81,81,81,83,83,85,85,87,87,87,87],"card_choices":[{"not_picked":["Phantasmal Killer","After Image"],"picked":"Envenom","floor":0},{"not_picked":["Acrobatics","Prepared"],"picked":"Poisoned Stab","floor":1},{"not_picked":["Escape Plan","Dodge and Roll"],"picked":"Poisoned Stab","floor":3},{"not_picked":["Slice","Backstab","Acrobatics"],"picked":"Singing Bowl","floor":6},{"not_picked":["Prepared","Deadly Poison","Deflect"],"picked":"Singing Bowl","floor":11},{"not_picked":["Outmaneuver","Deadly Poison"],"picked":"Bouncing Flask","floor":12},{"not_picked":["Malaise","Wraith Form v2","Venomology"],"picked":"Singing Bowl","floor":16},{"not_picked":["Dagger Throw","Outmaneuver"],"picked":"Dagger Spray","floor":18},{"not_picked":["Glass Knife","PiercingWail"],"picked":"Dagger Spray+1","floor":19},{"not_picked":["Heel Hook","Slice+1","Terror"],"picked":"Singing Bowl","floor":20},{"not_picked":["Prepared","Dagger Spray+1","Deadly Poison"],"picked":"Singing Bowl","floor":22},{"not_picked":["Dash","Riddle With Holes","Skewer"],"picked":"Singing Bowl","floor":24}],"player_experience":243158,"relics_obtained":[{"floor":6,"key":"Singing Bowl"},{"floor":8,"key":"Dodecahedron"},{"floor":9,"key":"Meat on the Bone"},{"floor":26,"key":"Omamori"}],"event_choices":[{"event_name":"Big Fish","player_choice":"Donut","floor":2,"damage_taken":0},{"event_name":"Wheel of Change","player_choice":"Full Heal","floor":5,"damage_taken":0},{"event_name":"Nest","player_choice":"Joined the Cult","floor":21,"damage_taken":0}],"is_beta":false,"boss_relics":[{"not_picked":["Runic Pyramid","Black Star"],"picked":"Empty Cage"}],"items_purged_floors":[4],"is_endless":false,"potions_floor_spawned":[1,11,12,16,19,22,24],"killed_by":"Slaver and Parasite","ascension_level":0}