{"gold_per_floor":[113,113,113,31,42,74,149,149,149,174,174,139,167,114,114,215,215,226,226,243,243,254,254,285,232,232,265,265,276,309,324,324,324],"floor_reached":33,"playtime":2018,"items_purged":[],"score":517,"play_id":"a3d57fb4-2fcf-4e4b-8f80-6de45e7de749","local_time":"20181109151044","is_ascension_mode":true,"campfire_choices":[{"data":"Doom and Gloom","floor":8,"key":"SMITH"},{"data":"Sweeping Beam","floor":11,"key":"SMITH"},{"data":"Dualcast","floor":15,"key":"SMITH"},{"floor":23,"key":"REST"},{"floor":32,"key":"REST"}],"neow_cost":"NONE","seed_source_timestamp":0,"circlet_count":0,"master_deck":["Strike_B","Strike_B","Strike_B","Strike_B","Defend_B","Defend_B","Defend_B","Defend_B","Zap+1","Dualcast+1","Steam","Sweeping Beam+1","Doom and Gloom+1","Redo","Go for the Eyes","Turbo","Conserve Battery","Beam Cell","Ball Lightning","Electrodynamics","RitualDagger","Cold Snap","Ball Lightning","Chaos","RitualDagger","Ball Lightning"],"special_seed":0,"relics":["Cracked Core","Bag of Marbles","Ginger","Thread and Needle","Vajra","Busted Crown","Pen Nib","Gremlin Horn","Orichalcum","Frozen Egg 2"],"potions_floor_usage":[10,16,24,29,30,31],"damage_taken":[{"damage":1,"enemies":"Jaw Worm","floor":1,"turns":3},{"damage":0,"enemies":"2 Louse","floor":5,"turns":2},{"damage":12,"enemies":"Gremlin Nob","floor":6,"turns":3},{"damage":23,"enemies":"3 Sentries","floor":10,"turns":6},{"damage":0,"enemies":"Lagavulin","floor":13,"turns":5},{"damage":43,"enemies":"Hexaghost","floor":16,"turns":8},{"damage":5,"enemies":"Shell Parasite","floor":18,"turns":3},{"damage":0,"enemies":"Spheric Guardian","floor":20,"turns":2},{"damage":8,"enemies":"Snake Plant","floor":22,"turns":3},{"damage":16,"enemies":"Slavers","floor":24,"turns":4},{"damage":0,"enemies":"Gremlin Leader","floor":27,"turns":4},{"damage":8,"enemies":"Shelled Parasite and Fungi","floor":29,"turns":3},{"damage":30,"enemies":"Slavers","floor":30,"turns":3},{"damage":2,"enemies":"Chosen and Byrds","floor":31,"turns":3},{"damage":63,"enemies":"Automaton","floor":33,"turns":6}],"seed_played":"-1287309089388602535","potions_obtained":[{"floor":5,"key":"EssenceOfSteel"},{"floor":6,"key":"Regen Potion"},{"floor":13,"key":"SkillPotion"},{"floor":24,"key":"Strength Potion"},{"floor":27,"key":"SpeedPotion"},{"floor":29,"key":"PowerPotion"},{"floor":31,"key":"Energy Potion"}],"is_trial":false,"path_per_floor":["M","?","?","$","M","E","?","R","T","E","R","?","E","$","R","B",null,"M","?","M","$","M","R","E","$","T","E","?","M","E","M","R","B"],"character_chosen":"DEFECT","items_purchased":["Doom and Gloom","Redo","Ball Lightning","Ball Lightning"],"campfire_rested":2,"item_purchase_floors":[4,4,14,25],"current_hp_per_floor":[67,72,72,72,72,60,49,49,49,41,41,61,61,61,61,18,65,60,54,54,54,46,70,54,54,54,54,54,46,16,14,38,0],"gold":324,"neow_bonus":"THREE_CARDS","is_prod":false,"is_daily":false,"chose_seed":false,"campfire_upgraded":3,"win_rate":0,"timestamp":1541797844,"path_taken":["M","?","?","?","?","E","?","R","T","E","R","?","E","?","R","BOSS","M","?","M","$","M","R","E","$","T","E","?","M","E","?","R","BOSS"],"build_version":"2018-11-08","purchased_purges":0,"victory":false,"max_hp_per_floor":[75,80,80,80,80,80,80,80,80,80,80,80,80,80,80,80,80,80,80,80,80,80,80,80,80,80,80,80,80,80,80,80,80],"card_choices":[{"not_picked":["Compile Driver","Scrape"],"picked":"Steam","floor":0.0},{"not_picked":["Leap","Beam Cell"],"picked":"Sweeping Beam","floor":1},{"not_picked":["Steam","Beam Cell"],"picked":"Go for the Eyes","floor":5},{"not_picked":["Reprogram","Heatsinks"],"picked":"Turbo","floor":6},{"not_picked":["Turbo","Capacitor"],"picked":"Conserve Battery","floor":10},{"not_picked":["Fission","Recycle"],"picked":"Beam Cell","floor":13},{"not_picked":["Buffer","All For One"],"picked":"Electrodynamics","floor":16},{"not_picked":["Scrape"],"picked":"SKIP","floor":18},{"not_picked":["Hologram+1"],"picked":"SKIP","floor":20},{"not_picked":[],"picked":"Cold Snap","floor":22},{"not_picked":["White Noise+1"],"picked":"SKIP","floor":24},{"not_picked":[],"picked":"Chaos","floor":27},{"not_picked":["Conserve Battery"],"picked":"SKIP","floor":29},{"not_picked":[],"picked":"Ball Lightning","floor":30},{"not_picked":["Streamline"],"picked":"SKIP","floor":31}],"player_experience":969405,"relics_obtained":[{"floor":6,"key":"Bag of Marbles"},{"floor":9,"key":"Ginger"},{"floor":10,"key":"Thread and Needle"},{"floor":13,"key":"Vajra"},{"floor":24,"key":"Pen Nib"},{"floor":26,"key":"Gremlin Horn"},{"floor":27,"key":"Orichalcum"},{"floor":30,"key":"Frozen Egg 2"}],"event_choices":[{"damage_healed":0,"gold_gain":0,"player_choice":"Donut","damage_taken":0,"max_hp_gain":5,"max_hp_loss":0,"event_name":"Big Fish","floor":2,"gold_loss":0},{"damage_healed":0,"gold_gain":0,"player_choice":"Grow","damage_taken":0,"max_hp_gain":0,"max_hp_loss":0,"event_name":"Living Wall","floor":3,"gold_loss":0,"cards_upgraded":["Zap"]},{"damage_healed":0,"gold_gain":75,"player_choice":"Gather Gold","damage_taken":11,"max_hp_gain":0,"max_hp_loss":0,"event_name":"World of Goop","floor":7,"gold_loss":0},{"damage_healed":20,"gold_gain":0,"player_choice":"Healed","damage_taken":0,"max_hp_gain":0,"max_hp_loss":0,"event_name":"The Cleric","floor":12,"gold_loss":35},{"damage_healed":0,"gold_gain":0,"player_choice":"Joined the Cult","damage_taken":6,"max_hp_gain":0,"max_hp_loss":0,"event_name":"Nest","floor":19,"gold_loss":0,"cards_obtained":["RitualDagger"]},{"damage_healed":0,"gold_gain":0,"player_choice":"Copied","damage_taken":0,"max_hp_gain":0,"max_hp_loss":0,"event_name":"Duplicator","floor":28,"gold_loss":0,"cards_obtained":["RitualDagger"]}],"is_beta":false,"boss_relics":[{"not_picked":["Black Star","FrozenCore"],"picked":"Busted Crown"}],"items_purged_floors":[],"is_endless":false,"potions_floor_spawned":[5,6,13,24,27,29,31],"killed_by":"Automaton","ascension_level":8}