{"gold_per_floor":[118,193,193,193,210,210,224,249,249,249,262,272,272,197,197,296,296,312,326,339,359,370,370,381,406,458,468,383,403,403,90,90,186,186,199,4,14,0,70,103,149,249,272,292,292,99,118,130,130,130,130,130,30,58,58],"floor_reached":56,"playtime":7064,"items_purged":["Defend_G","Survivor"],"score":1276,"play_id":"dc5cd35b-3f01-4046-98dd-740e00d817fb","local_time":"20190330000405","is_ascension_mode":false,"campfire_choices":[{"data":"Neutralize","floor":6.0,"key":"SMITH"},{"data":"Backflip","floor":10.0,"key":"SMITH"},{"data":"Footwork","floor":13.0,"key":"SMITH"},{"data":"Quick Slash","floor":15.0,"key":"SMITH"},{"data":"Glass Knife","floor":23.0,"key":"SMITH"},{"data":"Prepared","floor":32.0,"key":"SMITH"},{"data":"After Image","floor":45,"key":"SMITH"},{"floor":49,"key":"RECALL"},{"data":"Phantasmal Killer","floor":52,"key":"SMITH"}],"neow_cost":"NONE","seed_source_timestamp":0,"circlet_count":0,"master_deck":["Defend_G+1","Defend_G+1","Defend_G+1","Defend_G+1","Strike_G+1","Strike_G+1","Strike_G+1","Strike_G+1","Neutralize+1","Footwork+1","After Image+1","Backflip+1","Quick Slash+1","Prepared+1","Glass Knife+1","Prepared","Blade Dance+1","Night Terror","Infinite Blades+1","Cloak And Dagger+1","Master of Strategy","Phantasmal Killer+1","Finisher+1","Escape Plan","Expertise","Acrobatics+1","After Image+1"],"special_seed":0,"relics":["Ring of the Snake","NeowsBlessing","Ornamental Fan","Mercury Hourglass","Coffee Dripper","Bag of Marbles","Vajra","Dream Catcher","Lantern","Philosopher\u0027s Stone","ClockworkSouvenir","Red Mask","Tingsha","Dead Branch","Mango","Boot","DollysMirror","Kunai"],"potions_floor_usage":[54,55],"damage_taken":[{"damage":0.0,"enemies":"Jaw Worm","floor":1.0,"turns":1.0},{"damage":0.0,"enemies":"Small Slimes","floor":5.0,"turns":1.0},{"damage":0.0,"enemies":"Cultist","floor":7.0,"turns":1.0},{"damage":24.0,"enemies":"3 Sentries","floor":8.0,"turns":18.0},{"damage":0.0,"enemies":"3 Louse","floor":11.0,"turns":3.0},{"damage":0.0,"enemies":"Large Slime","floor":12.0,"turns":7.0},{"damage":4.0,"enemies":"Hexaghost","floor":16.0,"turns":12.0},{"damage":3.0,"enemies":"2 Thieves","floor":18.0,"turns":4.0},{"damage":0.0,"enemies":"Spheric Guardian","floor":19.0,"turns":4.0},{"damage":7.0,"enemies":"Snecko","floor":20.0,"turns":5.0},{"damage":1.0,"enemies":"Chosen and Byrds","floor":21.0,"turns":6.0},{"damage":2.0,"enemies":"Shelled Parasite and Fungi","floor":22.0,"turns":5.0},{"damage":0.0,"enemies":"Centurion and Healer","floor":24.0,"turns":5.0},{"damage":0.0,"enemies":"Book of Stabbing","floor":25.0,"turns":6.0},{"damage":0.0,"enemies":"Snecko","floor":27.0,"turns":3.0},{"damage":2.0,"enemies":"Cultist and Chosen","floor":29.0,"turns":4.0},{"damage":0.0,"enemies":"Collector","floor":33.0,"turns":12.0},{"damage":0.0,"enemies":"3 Darklings","floor":35.0,"turns":4.0},{"damage":0.0,"enemies":"Orb Walker","floor":37.0,"turns":3.0},{"damage":1.0,"enemies":"Giant Head","floor":40.0,"turns":7.0},{"damage":2,"enemies":"2 Orb Walkers","floor":41,"turns":4},{"damage":0,"enemies":"Mind Bloom Boss Battle","floor":42,"turns":3},{"damage":0,"enemies":"3 Darklings","floor":44,"turns":2},{"damage":0,"enemies":"Transient","floor":47,"turns":5},{"damage":0,"enemies":"Sphere and 2 Shapes","floor":48,"turns":3},{"damage":0,"enemies":"Donu and Deca","floor":50,"turns":6},{"damage":0,"enemies":"Shield and Spear","floor":54,"turns":5},{"damage":21,"enemies":"The Heart","floor":55,"turns":8}],"seed_played":"-3292741037027064239","potions_obtained":[{"floor":1.0,"key":"Strength Potion"},{"floor":5.0,"key":"Strength Potion"},{"floor":12.0,"key":"GhostInAJar"},{"floor":18.0,"key":"SpeedPotion"},{"floor":21.0,"key":"Ancient Potion"},{"floor":27.0,"key":"GhostInAJar"}],"is_trial":false,"path_per_floor":["M","?","?","?","M","R","M","E","T","R","M","M","R","$","R","B",null,"M","M","M","M","M","R","M","E","T","M","?","M","?","$","R","B",null,"M","$","M","?","T","E","?","?","T","M","R","$","M","M","R","B",null,"R","$","E","B",null],"character_chosen":"THE_SILENT","items_purchased":["Lantern","Master of Strategy","ClockworkSouvenir","DollysMirror"],"campfire_rested":0,"item_purchase_floors":[31,31,36,46],"current_hp_per_floor":[70,59,59,59,59,59,59,35,35,35,35,35,35,35,35,31,70,67,67,60,59,57,57,57,57,57,57,57,55,55,55,55,55,70,70,70,70,70,70,69,67,81,81,81,81,81,81,81,81,81,84,84,84,84,63],"gold":58,"neow_bonus":"THREE_ENEMY_KILL","is_prod":false,"is_daily":false,"chose_seed":false,"campfire_upgraded":8,"win_rate":0,"timestamp":1553900645,"path_taken":["M","?","?","?","M","R","M","E","T","R","M","M","R","?","R","BOSS","M","M","M","M","M","R","M","E","T","M","?","M","?","$","R","BOSS","M","$","M","?","?","E","?","?","T","M","R","$","M","M","R","BOSS","R","$","E","BOSS"],"build_version":"2019-01-23","purchased_purges":2,"victory":true,"max_hp_per_floor":[70,70,70,70,70,70,70,70,70,70,70,70,70,70,70,70,70,70,70,70,70,70,70,70,70,70,70,70,70,70,70,70,70,70,70,70,70,70,70,70,70,84,84,84,84,84,84,84,84,84,84,84,84,84,84],"card_choices":[{"not_picked":["PiercingWail","Finisher"],"picked":"Footwork","floor":1.0},{"not_picked":["PiercingWail","Leg Sweep","Distraction"],"picked":"SKIP","floor":5.0},{"not_picked":["PiercingWail","Leg Sweep","Distraction"],"picked":"SKIP","floor":5.0},{"not_picked":["Acrobatics","Bane"],"picked":"Backflip","floor":7.0},{"not_picked":["Deadly Poison","Finisher","Flying Knee"],"picked":"SKIP","floor":8.0},{"not_picked":["Outmaneuver","Slice"],"picked":"Quick Slash","floor":11.0},{"not_picked":["Cloak And Dagger","Deadly Poison"],"picked":"Prepared","floor":12.0},{"not_picked":["Unload","Phantasmal Killer"],"picked":"Glass Knife","floor":16.0},{"not_picked":["Masterful Stab","Slice","Backflip"],"picked":"SKIP","floor":18.0},{"not_picked":["Bane","Cloak And Dagger","Underhanded Strike"],"picked":"SKIP","floor":19.0},{"not_picked":["Sucker Punch","Night Terror"],"picked":"Prepared","floor":20.0},{"not_picked":["Dodge and Roll","Acrobatics","Dagger Spray"],"picked":"SKIP","floor":21.0},{"not_picked":["Leg Sweep","Flying Knee"],"picked":"Blade Dance+1","floor":22.0},{"not_picked":["Flying Knee","Blade Dance","Sucker Punch"],"picked":"SKIP","floor":24.0},{"not_picked":["Finisher+1","Dagger Spray"],"picked":"Night Terror","floor":25.0},{"not_picked":["Underhanded Strike","Bane"],"picked":"Infinite Blades+1","floor":27.0},{"not_picked":["Underhanded Strike","Slice+1"],"picked":"Cloak And Dagger+1","floor":29.0},{"not_picked":["Venomology","Grand Finale"],"picked":"Phantasmal Killer","floor":33.0},{"not_picked":["Prepared","All Out Attack"],"picked":"Finisher+1","floor":35.0},{"not_picked":["Acrobatics","Dagger Spray"],"picked":"Escape Plan","floor":37.0},{"not_picked":["Dagger Throw","Outmaneuver"],"picked":"Expertise","floor":40},{"not_picked":["Bouncing Flask+1","Terror"],"picked":"Acrobatics+1","floor":42},{"not_picked":["Poisoned Stab+1","Backflip","PiercingWail+1"],"picked":"SKIP","floor":44},{"not_picked":["Poisoned Stab+1","Backflip","PiercingWail+1"],"picked":"SKIP","floor":44},{"not_picked":["Poisoned Stab+1","Backflip","PiercingWail+1"],"picked":"SKIP","floor":44},{"not_picked":["Leg Sweep+1","Bane","Eviscerate+1"],"picked":"SKIP","floor":47},{"not_picked":["Sucker Punch","Masterful Stab","Catalyst"],"picked":"SKIP","floor":48},{"not_picked":["Slice","Reflex+1","Dagger Spray"],"picked":"SKIP","floor":54}],"player_experience":249288,"relics_obtained":[{"floor":8.0,"key":"Ornamental Fan"},{"floor":9.0,"key":"Mercury Hourglass"},{"floor":25.0,"key":"Bag of Marbles"},{"floor":26.0,"key":"Vajra"},{"floor":40,"key":"Tingsha"},{"floor":41,"key":"Dead Branch"},{"floor":42,"key":"Mango"},{"floor":43,"key":"Boot"},{"floor":54,"key":"Kunai"}],"event_choices":[{"damage_healed":0.0,"max_hp_gain":0.0,"max_hp_loss":0.0,"gold_gain":75.0,"event_name":"World of Goop","player_choice":"Gather Gold","floor":2.0,"gold_loss":0.0,"damage_taken":11.0},{"damage_healed":0.0,"max_hp_gain":0.0,"max_hp_loss":0.0,"gold_gain":0.0,"cards_transformed":["Strike_G"],"event_name":"Living Wall","player_choice":"Change","floor":3.0,"gold_loss":0.0,"damage_taken":0.0,"cards_obtained":["After Image"]},{"damage_healed":0.0,"max_hp_gain":0.0,"max_hp_loss":0.0,"gold_gain":0.0,"event_name":"Liars Game","player_choice":"Ignored","floor":4.0,"gold_loss":0.0,"damage_taken":0.0},{"damage_healed":0.0,"max_hp_gain":0.0,"max_hp_loss":0.0,"gold_gain":0.0,"event_name":"Addict","player_choice":"Obtained Relic","floor":28.0,"gold_loss":85.0,"damage_taken":0.0,"relics_obtained":["Dream Catcher"]},{"damage_healed":0.0,"max_hp_gain":0.0,"max_hp_loss":0.0,"gold_gain":0.0,"event_name":"Back to Basics","player_choice":"Simplicity","floor":30.0,"gold_loss":0.0,"damage_taken":0.0,"cards_upgraded":["Defend_G","Defend_G","Defend_G","Defend_G","Strike_G","Strike_G","Strike_G","Strike_G"]},{"damage_healed":0.0,"max_hp_gain":0.0,"max_hp_loss":0.0,"gold_gain":0.0,"event_name":"Tomb of Lord Red Mask","player_choice":"Paid","floor":38.0,"gold_loss":14.0,"damage_taken":0.0,"relics_obtained":["Red Mask"]},{"damage_healed":0,"gold_gain":0,"player_choice":"Fight","damage_taken":0,"max_hp_gain":0,"max_hp_loss":0,"event_name":"Mysterious Sphere","floor":41,"gold_loss":0},{"damage_healed":0,"gold_gain":0,"player_choice":"Fight","damage_taken":0,"max_hp_gain":0,"max_hp_loss":0,"event_name":"MindBloom","floor":42,"gold_loss":0}],"is_beta":false,"boss_relics":[{"not_picked":["Runic Dome","Astrolabe"],"picked":"Coffee Dripper"},{"not_picked":["Orrery","Snecko Eye"],"picked":"Philosopher\u0027s Stone"}],"items_purged_floors":[14,53],"is_endless":false,"potions_floor_spawned":[1,5,12,18,21,27,29,35,37,47],"ascension_level":0}