{"gold_per_floor":[113,113,133,208,221,260,260,303,329,329,350,350,384,384,384,384],"floor_reached":16,"playtime":782,"items_purged":[],"score":162,"play_id":"fab3d5af-9f57-4f67-896c-583a4ece6a0d","local_time":"20180917095123","is_ascension_mode":true,"campfire_choices":[{"floor":7,"key":"REST"},{"data":"Bludgeon","floor":10,"key":"SMITH"},{"data":"Bash","floor":12,"key":"SMITH"},{"data":"Shrug It Off","floor":15,"key":"SMITH"}],"neow_cost":"NONE","seed_source_timestamp":426953952037738,"circlet_count":0,"master_deck":["Strike_R","Strike_R","Strike_R","Strike_R","Strike_R","Defend_R","Defend_R","Defend_R","Defend_R","Bash+1","AscendersBane","Flex","Flex","Bludgeon+1","Anger","Shrug It Off+1","Spot Weakness","Corruption"],"relics":["Burning Blood","Golden Idol","Orichalcum","Omamori","PreservedInsect","Odd Mushroom"],"potions_floor_usage":[3,6,8,16],"damage_taken":[{"damage":2,"enemies":"Small Slimes","floor":1,"turns":5},{"damage":0,"enemies":"2 Louse","floor":3,"turns":2},{"damage":3,"enemies":"Jaw Worm","floor":5,"turns":4},{"damage":8,"enemies":"Gremlin Nob","floor":6,"turns":3},{"damage":17,"enemies":"3 Sentries","floor":8,"turns":9},{"damage":5,"enemies":"Looter","floor":11,"turns":2},{"damage":21,"enemies":"The Mushroom Lair","floor":13,"turns":4},{"damage":2,"enemies":"Slime Boss","floor":16,"turns":5}],"seed_played":"-3630704947712579193","potions_obtained":[{"floor":0,"key":"Dexterity Potion"},{"floor":0,"key":"Fire Potion"},{"floor":0,"key":"EssenceOfSteel"},{"floor":3,"key":"FearPotion"},{"floor":8,"key":"Strength Potion"},{"floor":13,"key":"AttackPotion"}],"is_trial":false,"path_per_floor":["M","?","M","?","M","E","R","E","T","R","M","R","?","?","R"],"character_chosen":"IRONCLAD","items_purchased":[],"campfire_rested":1,"item_purchase_floors":[],"current_hp_per_floor":[76,56,62,51,54,52,76,65,65,65,66,66,51,51,51,49],"gold":384,"neow_bonus":"THREE_SMALL_POTIONS","is_prod":false,"is_daily":false,"chose_seed":false,"campfire_upgraded":3,"win_rate":0,"timestamp":1537195883,"path_taken":["M","?","M","?","?","E","R","E","T","R","M","R","?","?","R","BOSS"],"build_version":"2018-09-06","purchased_purges":0,"victory":false,"max_hp_per_floor":[80,80,80,80,80,80,80,80,80,80,80,80,80,80,80,80],"card_choices":[{"not_picked":["Shockwave","Armaments"],"picked":"Flex","floor":1},{"not_picked":["Body Slam","Havoc"],"picked":"Flex","floor":3},{"not_picked":["Clothesline","Cleave"],"picked":"Bludgeon","floor":5},{"not_picked":["Havoc","Second Wind"],"picked":"Anger","floor":6},{"not_picked":["Armaments","Battle Trance"],"picked":"Shrug It Off","floor":8},{"not_picked":["Disarm","Second Wind"],"picked":"Wild Strike","floor":11},{"not_picked":["Thunderclap","Body Slam"],"picked":"Spot Weakness","floor":13}],"player_experience":612644,"relics_obtained":[{"floor":6,"key":"Orichalcum"},{"floor":8,"key":"Omamori"},{"floor":9,"key":"PreservedInsect"},{"floor":13,"key":"Odd Mushroom"}],"event_choices":[{"event_name":"Golden Idol","player_choice":"Take Damage","floor":2,"damage_taken":0},{"event_name":"World of Goop","player_choice":"Gather Gold","floor":4,"damage_taken":0},{"event_name":"Mushrooms","player_choice":"Fought Mushrooms","floor":13,"damage_taken":0},{"event_name":"Living Wall","player_choice":"Change","floor":14,"damage_taken":0}],"is_beta":false,"boss_relics":[],"items_purged_floors":[],"is_endless":false,"potions_floor_spawned":[3,8,13],"killed_by":"Slime Boss","ascension_level":10}