{"gold_per_floor":[111,111,123,138,157,157,190,190,190,215,265,275,275,289,289,366,366,386,396,52,67,67,67,67,67,67,67,80,80,98,110,110,184,184,202,6,6,6,17,45,45,65,89,104,104,118,118,136,136,136,136,136,136,12,41,41],"floor_reached":57,"playtime":5318,"items_purged":["Strike_R","Strike_R"],"score":2667,"play_id":"0172670d-b0c2-4657-a064-0a1e7ca4f412","local_time":"20190626203955","is_ascension_mode":true,"campfire_choices":[{"data":"Wild Strike","floor":6.0,"key":"SMITH"},{"floor":8.0,"key":"REST"},{"data":"Cleave","floor":13.0,"key":"SMITH"},{"data":"Feel No Pain","floor":15.0,"key":"SMITH"},{"data":"Limit Break","floor":24,"key":"SMITH"},{"data":"Bash","floor":27,"key":"SMITH"},{"data":"Spot Weakness","floor":29,"key":"SMITH"},{"data":"Inflame","floor":32,"key":"SMITH"},{"floor":41,"key":"RECALL"},{"data":"Feel No Pain","floor":45,"key":"SMITH"},{"floor":49,"key":"REST"},{"data":"Feel No Pain","floor":53,"key":"SMITH"}],"neow_cost":"NONE","seed_source_timestamp":0,"circlet_count":0,"master_deck":["AscendersBane","Defend_R","Defend_R","Defend_R","Defend_R","Bash+1","Evolve","Cleave+1","Disarm","Shrug It Off","Shrug It Off","Reaper","Feel No Pain+1","Limit Break+1","Shrug It Off","True Grit+1","Spot Weakness+1","Shrug It Off","Feed","Feel No Pain+1","Necronomicurse","Clothesline+1","Inflame+1","Barricade","Dual Wield+1","Dark Shackles","True Grit","Corruption+1","Feel No Pain+1","Offering","Feel No Pain","Body Slam","Entrench","Shrug It Off","Entrench+1"],"special_seed":0,"relics":["Burning Blood","Question Card","Dead Branch","Meat on the Bone","Nunchaku","Sozu","Necronomicon","Empty Cage","Charon\u0027s Ashes","Lantern","The Courier","Pocketwatch"],"potions_floor_usage":[56,56],"damage_taken":[{"damage":7.0,"enemies":"Jaw Worm","floor":1.0,"turns":3.0},{"damage":7.0,"enemies":"Cultist","floor":3.0,"turns":4.0},{"damage":3.0,"enemies":"Small Slimes","floor":4.0,"turns":4.0},{"damage":40.0,"enemies":"Exordium Thugs","floor":5.0,"turns":7.0},{"damage":35.0,"enemies":"3 Sentries","floor":7.0,"turns":6.0},{"damage":20.0,"enemies":"Lagavulin","floor":10.0,"turns":8.0},{"damage":1.0,"enemies":"2 Fungi Beasts","floor":12.0,"turns":4.0},{"damage":1.0,"enemies":"Looter","floor":14.0,"turns":4.0},{"damage":66.0,"enemies":"Slime Boss","floor":16.0,"turns":11.0},{"damage":9,"enemies":"3 Byrds","floor":18,"turns":6},{"damage":0,"enemies":"Chosen","floor":19,"turns":6},{"damage":31,"enemies":"Snecko","floor":21,"turns":10},{"damage":10,"enemies":"Colosseum Slavers","floor":23,"turns":6},{"damage":46,"enemies":"Centurion and Healer","floor":28,"turns":14},{"damage":21,"enemies":"Chosen and Byrds","floor":30,"turns":6},{"damage":0,"enemies":"Cultist and Chosen","floor":31,"turns":11},{"damage":58,"enemies":"Automaton","floor":33,"turns":9},{"damage":68,"enemies":"3 Darklings","floor":35,"turns":8},{"damage":13,"enemies":"3 Shapes","floor":39,"turns":14},{"damage":73,"enemies":"Reptomancer","floor":40,"turns":11},{"damage":6,"enemies":"Transient","floor":42,"turns":6},{"damage":13,"enemies":"Maw","floor":44,"turns":8},{"damage":56,"enemies":"Jaw Worm Horde","floor":46,"turns":6},{"damage":15,"enemies":"3 Darklings","floor":48,"turns":6},{"damage":8,"enemies":"Awakened One","floor":50,"turns":6},{"damage":37,"enemies":"Time Eater","floor":51,"turns":22},{"damage":60,"enemies":"Shield and Spear","floor":55,"turns":8},{"damage":60,"enemies":"The Heart","floor":56,"turns":9}],"seed_played":"-48371839096049499","potions_obtained":[{"floor":1.0,"key":"LiquidBronze"},{"floor":4.0,"key":"Regen Potion"},{"floor":14.0,"key":"PowerPotion"},{"floor":16.0,"key":"PowerPotion"}],"is_trial":false,"path_per_floor":["M","?","M","M","M","R","E","R","T","E","?","M","R","M","R","B",null,"M","M","$","M","?","?","R","?","T","R","M","R","M","M","R","B",null,"M","$","?","$","M","E","R","M","T","M","R","M","T","M","R","B","B",null,"R","$","E","B",null],"character_chosen":"IRONCLAD","items_purchased":["Spot Weakness","Shrug It Off","Feed","Dark Shackles","Body Slam","Entrench","Shrug It Off"],"campfire_rested":2,"item_purchase_floors":[20,20,20,36,54,54,54],"current_hp_per_floor":[67,67,66,69,50,50,21,43,43,41,34,51,51,60,60,20,61,64,75,75,53,32,57,57,57,57,57,48,48,60,90,90,90,90,90,90,90,90,89,79,79,79,79,96,96,82,82,76,106,109,113,113,113,113,118,120],"gold":41,"neow_bonus":"TRANSFORM_CARD","is_prod":false,"is_daily":false,"chose_seed":false,"campfire_upgraded":9,"win_rate":0,"timestamp":1561574395,"path_taken":["M","?","M","M","?","R","E","R","T","E","?","M","R","M","R","BOSS","M","M","$","M","?","?","R","?","T","R","M","R","?","M","R","BOSS","M","$","?","?","M","E","R","M","T","M","R","?","?","?","R","BOSS","BOSS","R","$","E","BOSS"],"build_version":"2019-01-23","purchased_purges":2,"victory":true,"max_hp_per_floor":[75,75,75,75,75,75,75,75,75,75,75,75,75,75,75,75,75,75,75,75,78,78,81,81,81,81,81,84,84,87,90,90,90,90,90,90,90,90,96,99,99,99,99,103,103,103,103,106,106,109,113,113,113,113,120,120],"card_choices":[{"not_picked":["Clash","Infernal Blade"],"picked":"Evolve","floor":1.0},{"not_picked":["Body Slam","Warcry","Perfected Strike"],"picked":"Cleave","floor":3.0},{"not_picked":["Wild Strike","Heavy Blade","Perfected Strike"],"picked":"Disarm","floor":4.0},{"not_picked":["Reckless Charge","Infernal Blade","Whirlwind"],"picked":"Wild Strike","floor":5.0},{"not_picked":["Blood for Blood","Intimidate","Wild Strike"],"picked":"Shrug It Off","floor":7.0},{"not_picked":["Carnage","Headbutt","Sever Soul"],"picked":"Shrug It Off","floor":10.0},{"not_picked":["Headbutt","Pommel Strike","Anger"],"picked":"Reaper","floor":12.0},{"not_picked":["Ghostly Armor","Rage","Inflame"],"picked":"Feel No Pain","floor":14.0},{"not_picked":["Berserk","Demon Form","Juggernaut"],"picked":"Limit Break","floor":16.0},{"not_picked":["Rage","Clothesline","Body Slam"],"picked":"Shrug It Off","floor":18},{"not_picked":["Anger","Second Wind","Pommel Strike"],"picked":"True Grit+1","floor":19},{"not_picked":["Havoc","Armaments","Fiend Fire"],"picked":"Feel No Pain","floor":21},{"not_picked":["Dual Wield","Wild Strike","Twin Strike"],"picked":"Clothesline+1","floor":28},{"not_picked":["Body Slam","Uppercut","Armaments"],"picked":"Inflame","floor":30},{"not_picked":["Armaments","Searing Blow","Entrench","Clothesline"],"picked":"SKIP","floor":31},{"not_picked":["Exhume","Feed","Immolate"],"picked":"Barricade","floor":33},{"not_picked":["Armaments+1","True Grit","Feel No Pain"],"picked":"Dual Wield+1","floor":35},{"not_picked":["Wild Strike+1","Sword Boomerang","Cleave+1"],"picked":"True Grit","floor":39},{"not_picked":["Reaper","Clash+1","Heavy Blade"],"picked":"Corruption+1","floor":40},{"not_picked":["Twin Strike","Flame Barrier","Reckless Charge+1","Clash"],"picked":"SKIP","floor":42},{"not_picked":["Body Slam","Cleave","Shockwave+1"],"picked":"Feel No Pain","floor":44},{"not_picked":["True Grit","Clash","Cleave+1"],"picked":"Offering","floor":46},{"not_picked":["Armaments","Power Through","Clash"],"picked":"Feel No Pain","floor":48},{"not_picked":["True Grit","Spot Weakness","Combust"],"picked":"Entrench+1","floor":55}],"player_experience":1427868,"relics_obtained":[{"floor":7.0,"key":"Dead Branch"},{"floor":9.0,"key":"Meat on the Bone"},{"floor":10.0,"key":"Nunchaku"},{"floor":22,"key":"Necronomicon"},{"floor":40,"key":"Charon\u0027s Ashes"},{"floor":43,"key":"Lantern"},{"floor":47,"key":"The Courier"},{"floor":55,"key":"Pocketwatch"}],"event_choices":[{"cards_removed":["Sever Soul"],"damage_healed":0.0,"max_hp_gain":0.0,"max_hp_loss":0.0,"gold_gain":0.0,"event_name":"WeMeetAgain","player_choice":"Gave Card","floor":2.0,"gold_loss":0.0,"damage_taken":0.0,"relics_obtained":["Question Card"]},{"damage_healed":0.0,"max_hp_gain":0.0,"max_hp_loss":0.0,"gold_gain":50.0,"event_name":"FaceTrader","player_choice":"Touch","floor":11.0,"gold_loss":0.0,"damage_taken":7.0},{"damage_healed":0,"gold_gain":0,"player_choice":"Obtained Book","damage_taken":21,"max_hp_gain":0,"max_hp_loss":0,"event_name":"Cursed Tome","floor":22,"gold_loss":0},{"damage_healed":0,"gold_gain":0,"player_choice":"Fight","damage_taken":0,"max_hp_gain":0,"max_hp_loss":0,"event_name":"Colosseum","floor":23,"gold_loss":0},{"damage_healed":0,"gold_gain":0,"player_choice":"Fled From Nobs","damage_taken":0,"max_hp_gain":0,"max_hp_loss":0,"event_name":"Colosseum","floor":23,"gold_loss":0},{"cards_removed":["Wild Strike"],"damage_healed":0,"gold_gain":0,"player_choice":"Purged","damage_taken":0,"max_hp_gain":0,"max_hp_loss":0,"event_name":"Purifier","floor":37,"gold_loss":0}],"is_beta":false,"boss_relics":[{"not_picked":["Mark of Pain","Runic Dome"],"picked":"Sozu"},{"not_picked":["Lizard Tail","Black Star"],"picked":"Empty Cage"}],"items_purged_floors":[20,36],"is_endless":false,"potions_floor_spawned":[1,4,14,16,18,19,21,35,42,44,46],"ascension_level":20}