{"gold_per_floor":[360,360,360,192,367,392,392,410,410,424,444,460,473,26,26,26],"floor_reached":16,"playtime":1107,"items_purged":["Strike_R","Strike_R"],"score":102,"play_id":"d884ff7f-e3a0-4f33-bdf8-d411a264d11d","local_time":"20180711144904","is_ascension_mode":false,"campfire_choices":[{"floor":7,"key":"DIG"},{"floor":15,"key":"DIG"}],"neow_cost":"TEN_PERCENT_HP_LOSS","seed_source_timestamp":1291678102466518,"circlet_count":0,"master_deck":["Strike_R","Strike_R","Strike_R","Defend_R","Defend_R","Defend_R","Defend_R","Bash","Flex","Pommel Strike","Doubt","Ghostly Armor","Flex","Shrug It Off","Shrug It Off","Cleave","Body Slam"],"relics":["Burning Blood","Shuriken","Shovel","Letter Opener","Incense Burner","TwistedFunnel","Strawberry","Orichalcum"],"potions_floor_usage":[8,12,16],"damage_taken":[{"damage":1,"enemies":"Cultist","floor":1,"turns":4},{"damage":54,"enemies":"Lagavulin","floor":6,"turns":7},{"damage":7,"enemies":"Small Slimes","floor":8,"turns":4},{"damage":1,"enemies":"Jaw Worm","floor":10,"turns":2},{"damage":3,"enemies":"Blue Slaver","floor":11,"turns":4},{"damage":0,"enemies":"2 Fungi Beasts","floor":12,"turns":2},{"damage":0,"enemies":"Gremlin Gang","floor":13,"turns":4},{"damage":58,"enemies":"Slime Boss","floor":16,"turns":16}],"seed_played":"-3851644677121130707","potions_obtained":[{"floor":6,"key":"Block Potion"},{"floor":10,"key":"Explosive Potion"},{"floor":13,"key":"Block Potion"}],"is_trial":false,"path_per_floor":["M","T","?","$","?","E","R","M","T","M","M","M","M","$","R"],"character_chosen":"IRONCLAD","items_purchased":["Flex","Pommel Strike","TwistedFunnel","Strawberry"],"campfire_rested":0,"item_purchase_floors":[4,4,14,14],"current_hp_per_floor":[72,72,72,72,72,24,24,23,23,28,31,37,43,50,50,0],"gold":26,"neow_bonus":"TWO_FIFTY_GOLD","is_prod":false,"is_daily":false,"chose_seed":false,"campfire_upgraded":0,"win_rate":0,"timestamp":1531338544,"path_taken":["M","?","?","$","?","E","R","?","T","M","M","M","M","?","R","BOSS"],"build_version":"2018-07-05","purchased_purges":2,"victory":false,"max_hp_per_floor":[72,72,72,72,72,72,72,72,72,72,72,72,72,79,79,79],"card_choices":[{"not_picked":["Armaments","Clash","Clothesline"],"picked":"SKIP","floor":1},{"not_picked":["Corruption","Wild Strike"],"picked":"Ghostly Armor","floor":6},{"not_picked":["Uppercut","Brutality"],"picked":"Flex","floor":8},{"not_picked":["Intimidate","Feel No Pain"],"picked":"Shrug It Off","floor":10},{"not_picked":["Fire Breathing","Impervious"],"picked":"Shrug It Off","floor":11},{"not_picked":["Flex","Rage"],"picked":"Cleave","floor":12},{"not_picked":["Burning Pact","Warcry"],"picked":"Body Slam","floor":13}],"player_experience":152416,"relics_obtained":[{"floor":2,"key":"Shuriken"},{"floor":6,"key":"Shovel"},{"floor":7,"key":"Letter Opener"},{"floor":9,"key":"Incense Burner"},{"floor":15,"key":"Orichalcum"}],"event_choices":[{"event_name":"Match and Keep!","player_choice":"0 cards matched","floor":3,"damage_taken":0},{"event_name":"Liars Game","player_choice":"agreed","floor":5,"damage_taken":0}],"boss_relics":[],"items_purged_floors":[4,14],"is_endless":false,"potions_floor_spawned":[6,10,13],"killed_by":"Slime Boss","ascension_level":0}