{"gold_per_floor":[110,126,144,161,177,208,208,223,223,254,104,124,142,154,154,255,255,270,142,157,169,169,204,204,218,245,259,72,72,85,96,96,194,194,207,221,239,259,24,24,58,58,58,68,88,102,9,9,9,9],"floor_reached":51,"playtime":5285,"items_purged":["Defend_R"],"score":796,"play_id":"0e3529f8-ce9a-476f-84d8-e01be7885969","local_time":"20190701001318","is_ascension_mode":false,"campfire_choices":[{"data":"Feed","floor":7,"key":"SMITH"},{"data":"Exhume","floor":15,"key":"SMITH"},{"data":"Perfected Strike","floor":24,"key":"SMITH"},{"floor":32,"key":"REST"},{"data":"Perfected Strike","floor":40,"key":"SMITH"},{"data":"Perfected Strike","floor":42,"key":"SMITH"},{"floor":49,"key":"REST"}],"neow_cost":"NONE","seed_source_timestamp":2014452644280217,"circlet_count":0,"master_deck":["Strike_R","Strike_R","Strike_R","Strike_R","Strike_R","Defend_R","Feed+1","Perfected Strike+1","Perfected Strike+1","Shrug It Off","Thunderclap","Inflame","Blood for Blood","Warcry","Offering","Exhume+1","Headbutt","Wild Strike","Juggernaut","Shockwave+1","Warcry+1","Rupture+1","Flex","Shrug It Off","Twin Strike+1","Twin Strike","J.A.X.","Thunderclap","True Grit","Perfected Strike","Perfected Strike","Flash of Steel","Iron Wave","Pommel Strike","Headbutt","Brutality","Flame Barrier+1","True Grit","Anger+1","Pommel Strike","Perfected Strike+1","True Grit+1","Flex","Shrug It Off","Master of Strategy","Twin Strike+1"],"relics":["Burning Blood","Orichalcum","Anchor","Paper Frog","Astrolabe","Dream Catcher","Vajra","Busted Crown","Membership Card","Molten Egg 2","Shovel"],"potions_floor_usage":[5,6,16,16,23,30,31,31,38,44,46,46,50],"damage_taken":[{"damage":6,"enemies":"Cultist","floor":1,"turns":3},{"damage":8,"enemies":"2 Louse","floor":2,"turns":5},{"damage":12,"enemies":"Small Slimes","floor":3,"turns":3},{"damage":7,"enemies":"Exordium Thugs","floor":4,"turns":4},{"damage":5,"enemies":"Lots of Slimes","floor":5,"turns":5},{"damage":23,"enemies":"Lagavulin","floor":6,"turns":6},{"damage":10,"enemies":"Blue Slaver","floor":8,"turns":5},{"damage":19,"enemies":"3 Sentries","floor":10,"turns":7},{"damage":2,"enemies":"2 Fungi Beasts","floor":12,"turns":3},{"damage":0,"enemies":"Gremlin Gang","floor":13,"turns":4},{"damage":0,"enemies":"Red Slaver","floor":14,"turns":2},{"damage":43,"enemies":"Hexaghost","floor":16,"turns":6},{"damage":28,"enemies":"Shell Parasite","floor":18,"turns":6},{"damage":6,"enemies":"Chosen","floor":20,"turns":3},{"damage":27,"enemies":"Centurion and Healer","floor":21,"turns":5},{"damage":19,"enemies":"Slavers","floor":23,"turns":3},{"damage":28,"enemies":"Shelled Parasite and Fungi","floor":25,"turns":4},{"damage":18,"enemies":"Snake Plant","floor":27,"turns":3},{"damage":9,"enemies":"Centurion and Healer","floor":30,"turns":2},{"damage":10,"enemies":"Shelled Parasite and Fungi","floor":31,"turns":2},{"damage":48,"enemies":"Collector","floor":33,"turns":6},{"damage":16,"enemies":"3 Shapes","floor":35,"turns":7},{"damage":35,"enemies":"3 Darklings","floor":36,"turns":5},{"damage":12,"enemies":"Jaw Worm Horde","floor":37,"turns":3},{"damage":14,"enemies":"Writhing Mass","floor":38,"turns":4},{"damage":10,"enemies":"Giant Head","floor":41,"turns":5},{"damage":7,"enemies":"Spire Growth","floor":44,"turns":4},{"damage":9,"enemies":"Maw","floor":45,"turns":4},{"damage":10,"enemies":"Writhing Mass","floor":46,"turns":4},{"damage":41,"enemies":"Time Eater","floor":50,"turns":5}],"seed_played":"7103754998938046485","potions_obtained":[{"floor":1,"key":"SteroidPotion"},{"floor":4,"key":"Block Potion"},{"floor":12,"key":"Poison Potion"},{"floor":13,"key":"Poison Potion"},{"floor":16,"key":"Ancient Potion"},{"floor":18,"key":"FearPotion"},{"floor":23,"key":"SpeedPotion"},{"floor":27,"key":"Strength Potion"},{"floor":30,"key":"EssenceOfSteel"},{"floor":31,"key":"GamblersBrew"},{"floor":36,"key":"Fire Potion"},{"floor":38,"key":"SpeedPotion"},{"floor":41,"key":"Poison Potion"},{"floor":44,"key":"BloodPotion"},{"floor":46,"key":"Ancient Potion"}],"is_trial":false,"path_per_floor":["M","M","M","M","M","E","R","M","T","E","$","M","M","M","R","B",null,"M","$","M","M","?","E","R","M","T","M","$","?","M","M","R","B",null,"M","M","M","M","$","R","E","R","T","M","M","M","$","?","R","B",null],"character_chosen":"IRONCLAD","items_purchased":["Offering","Shrug It Off","True Grit","Perfected Strike","Flash of Steel","Membership Card","Perfected Strike","Shrug It Off","Master of Strategy"],"campfire_rested":2,"item_purchase_floors":[11,19,28,28,28,39,39,47,47],"current_hp_per_floor":[83,84,81,83,87,70,70,70,70,61,61,69,83,93,93,56,119,101,101,105,88,88,83,83,61,61,49,49,49,46,46,88,50,147,141,112,106,98,98,98,94,94,94,97,94,109,109,109,156,125],"gold":9,"neow_bonus":"ONE_RANDOM_RARE_CARD","is_prod":false,"is_daily":false,"chose_seed":false,"campfire_upgraded":5,"win_rate":0,"timestamp":1561961598,"path_taken":["M","M","M","M","M","E","R","M","T","E","$","M","M","M","R","BOSS","M","$","M","?","?","E","R","M","T","M","$","?","M","M","R","BOSS","M","M","M","M","$","R","E","R","T","M","M","M","?","?","R","BOSS"],"build_version":"2019-01-23","purchased_purges":1,"victory":true,"max_hp_per_floor":[83,86,89,92,95,95,95,99,99,103,103,107,115,119,119,119,119,123,123,127,131,131,139,139,139,139,139,139,139,139,143,143,147,147,151,151,151,151,151,151,151,151,151,155,155,159,159,159,159,163],"card_choices":[{"not_picked":["Body Slam","Iron Wave"],"picked":"Perfected Strike","floor":1},{"not_picked":["Rupture","Armaments"],"picked":"Perfected Strike","floor":2},{"not_picked":["Searing Blow","Second Wind"],"picked":"Shrug It Off","floor":3},{"not_picked":["Clothesline","Heavy Blade"],"picked":"Rupture","floor":4},{"not_picked":["Heavy Blade","Evolve"],"picked":"Thunderclap","floor":5},{"not_picked":["Fire Breathing","Clash"],"picked":"Inflame","floor":6},{"not_picked":["Iron Wave","Cleave"],"picked":"Blood for Blood","floor":8},{"not_picked":["Sever Soul","Rupture"],"picked":"Warcry","floor":10},{"not_picked":["Body Slam","Heavy Blade"],"picked":"Exhume","floor":12},{"not_picked":["Anger","Seeing Red"],"picked":"Headbutt","floor":13},{"not_picked":["Thunderclap","Clash"],"picked":"Wild Strike","floor":14},{"not_picked":["Reaper","Dark Embrace"],"picked":"Juggernaut","floor":16},{"not_picked":["Havoc+1","Battle Trance"],"picked":"Flex","floor":18},{"not_picked":["Havoc","Fiend Fire"],"picked":"Twin Strike+1","floor":20},{"not_picked":["Wild Strike","Dropkick"],"picked":"Twin Strike","floor":21},{"not_picked":["Rage","Flame Barrier"],"picked":"Thunderclap","floor":23},{"not_picked":["Shrug It Off","Body Slam"],"picked":"True Grit","floor":25},{"not_picked":["Dual Wield","Heavy Blade"],"picked":"Perfected Strike","floor":27},{"not_picked":["Dropkick+1","Burning Pact"],"picked":"Pommel Strike","floor":30},{"not_picked":["Clash","Body Slam","Berserk"],"picked":"SKIP","floor":31},{"not_picked":["Spot Weakness+1","Bloodletting"],"picked":"Headbutt","floor":32},{"not_picked":["Demon Form","Berserk"],"picked":"Brutality","floor":33},{"not_picked":[],"picked":"Flame Barrier+1","floor":35},{"not_picked":[],"picked":"True Grit","floor":36},{"not_picked":[],"picked":"Anger+1","floor":37},{"not_picked":[],"picked":"Pommel Strike","floor":38},{"not_picked":["Spot Weakness+1"],"picked":"SKIP","floor":41},{"not_picked":["Rampage+1"],"picked":"SKIP","floor":44},{"not_picked":[],"picked":"True Grit+1","floor":45},{"not_picked":[],"picked":"Flex","floor":46},{"not_picked":[],"picked":"Twin Strike+1","floor":49}],"player_experience":67694,"relics_obtained":[{"floor":6,"key":"Orichalcum"},{"floor":9,"key":"Anchor"},{"floor":10,"key":"Paper Frog"},{"floor":23,"key":"Dream Catcher"},{"floor":26,"key":"Vajra"},{"floor":41,"key":"Molten Egg 2"},{"floor":43,"key":"Shovel"}],"event_choices":[{"damage_healed":0,"gold_gain":0,"player_choice":"Obtain J.A.X.","damage_taken":0,"max_hp_gain":0,"max_hp_loss":0,"event_name":"Drug Dealer","floor":22,"gold_loss":0,"cards_obtained":["J.A.X."]},{"cards_removed":["Bash"],"damage_healed":0,"gold_gain":0,"player_choice":"Took Card","damage_taken":0,"max_hp_gain":0,"max_hp_loss":0,"event_name":"NoteForYourself","floor":29,"gold_loss":0,"cards_obtained":["Iron Wave"]},{"cards_removed":["True Grit"],"damage_healed":0,"gold_gain":0,"player_choice":"Removed Skill","damage_taken":0,"max_hp_gain":0,"max_hp_loss":0,"event_name":"Falling","floor":48,"gold_loss":0}],"is_beta":false,"boss_relics":[{"not_picked":["Coffee Dripper","Eternal Feather"],"picked":"Astrolabe"},{"not_picked":["Empty Cage","Tiny House"],"picked":"Busted Crown"}],"items_purged_floors":[19],"is_endless":false,"potions_floor_spawned":[1,4,12,13,16,18,23,27,30,31,36,38,41,44,46],"ascension_level":0}