{"gold_per_floor":[113,113,131,231,251,251,175,175,175,206,206,206,222,222,222,324,324,344,43,43,42,42,42],"floor_reached":23,"playtime":1848,"items_purged":[],"score":268,"play_id":"56d2aa70-9c4d-47f4-92f8-c2d5915df25b","local_time":"20181105222341","is_ascension_mode":true,"campfire_choices":[{"data":"Zap","floor":6,"key":"SMITH"},{"data":"Zap","floor":8,"key":"SMITH"},{"data":"Darkness","floor":12,"key":"SMITH"},{"floor":15,"key":"REST"}],"neow_cost":"NONE","seed_source_timestamp":4708581487924983,"circlet_count":0,"master_deck":["Strike_B","Strike_B","Defend_B","Defend_B","Defend_B","Zap+1","Dualcast","Reboot","Darkness+1","Zap+1","Bandage Up","Rebound","Cold Snap","Doom and Gloom","Skim","Glacier","Buffer","Conserve Battery","Force Field","Cold Snap","Ghostly","Ghostly","Ghostly","Ghostly","Ghostly"],"relics":["Cracked Core","Pear","Pen Nib","Shuriken","Empty Cage","Ice Cream"],"potions_floor_usage":[3],"damage_taken":[{"damage":2,"enemies":"2 Louse","floor":1,"turns":2},{"damage":1,"enemies":"Cultist","floor":3,"turns":3},{"damage":12,"enemies":"Jaw Worm","floor":5,"turns":2},{"damage":28,"enemies":"Lagavulin","floor":10,"turns":4},{"damage":13,"enemies":"Blue Slaver","floor":13,"turns":3},{"damage":43,"enemies":"Slime Boss","floor":16,"turns":7},{"damage":27,"enemies":"3 Byrds","floor":18,"turns":4},{"damage":19,"enemies":"2 Thieves","floor":21,"turns":5},{"damage":1,"enemies":"Gremlin Leader","floor":23,"turns":4}],"seed_played":"1580733797764648074","potions_obtained":[{"floor":1,"key":"AttackPotion"},{"floor":13,"key":"SteroidPotion"},{"floor":16,"key":"Ancient Potion"},{"floor":21,"key":"Strength Potion"}],"is_trial":false,"path_per_floor":["M","?","M","?","M","R","$","R","T","E","?","R","M","T","R","B",null,"M","$","?","M","?","E"],"character_chosen":"DEFECT","items_purchased":["Doom and Gloom","Ice Cream"],"campfire_rested":1,"item_purchase_floors":[7,19],"current_hp_per_floor":[66,66,69,69,61,61,61,61,71,43,43,43,34,34,59,20,69,46,46,46,31,31,34],"gold":42,"neow_bonus":"ONE_RANDOM_RARE_CARD","is_prod":false,"is_daily":false,"chose_seed":false,"campfire_upgraded":3,"win_rate":0,"timestamp":1541478221,"path_taken":["M","?","?","?","M","R","?","R","T","E","?","R","M","?","R","BOSS","M","$","?","?","?","E"],"build_version":"2018-11-01","purchased_purges":0,"victory":false,"max_hp_per_floor":[75,75,75,75,75,75,75,75,85,85,85,85,85,85,85,85,85,85,85,85,85,42,42],"card_choices":[{"not_picked":["Reprogram","Ball Lightning"],"picked":"Darkness","floor":1},{"not_picked":["Sweeping Beam","Gash"],"picked":"Rebound","floor":3},{"not_picked":["Barrage","Conserve Battery"],"picked":"Cold Snap","floor":5},{"not_picked":["Double Energy","Gash"],"picked":"Skim","floor":10},{"not_picked":["Leap","Loop"],"picked":"Glacier","floor":13},{"not_picked":["All For One","Echo Form"],"picked":"Buffer","floor":16},{"not_picked":["Go for the Eyes","Scrape+1"],"picked":"Conserve Battery","floor":18},{"not_picked":["Hologram","Beam Cell"],"picked":"Cold Snap","floor":21}],"player_experience":940239,"relics_obtained":[{"floor":9,"key":"Pear"},{"floor":10,"key":"Pen Nib"},{"floor":14,"key":"Shuriken"}],"event_choices":[{"damage_healed":0,"gold_gain":0,"player_choice":"2 cards matched","damage_taken":0,"max_hp_gain":0,"max_hp_loss":0,"event_name":"Match and Keep!","floor":2,"gold_loss":0,"cards_obtained":["Zap","Bandage Up"]},{"damage_healed":0,"gold_gain":100,"player_choice":"Pray","damage_taken":0,"max_hp_gain":0,"max_hp_loss":0,"event_name":"Golden Shrine","floor":4,"gold_loss":0},{"damage_healed":0,"gold_gain":0,"player_choice":"Ignored","damage_taken":0,"max_hp_gain":0,"max_hp_loss":0,"event_name":"Liars Game","floor":11,"gold_loss":0},{"damage_healed":0,"gold_gain":0,"cards_transformed":["Strike_B"],"player_choice":"Transformed","damage_taken":0,"max_hp_gain":0,"max_hp_loss":0,"event_name":"Transmorgrifier","floor":20,"gold_loss":0,"cards_obtained":["Force Field"]},{"damage_healed":0,"gold_gain":0,"player_choice":"Became a Ghost","damage_taken":0,"max_hp_gain":0,"max_hp_loss":43,"event_name":"Ghosts","floor":22,"gold_loss":0,"cards_obtained":["Ghostly","Ghostly","Ghostly","Ghostly","Ghostly"]}],"is_beta":false,"boss_relics":[{"not_picked":["Runic Dome","Philosopher\u0027s Stone"],"picked":"Empty Cage"}],"items_purged_floors":[],"is_endless":false,"potions_floor_spawned":[1,13,16,21],"killed_by":"Gremlin Leader","ascension_level":6}