{"gold_per_floor":[365,93,111,111,11,11,11,11,66,95,127,139,123,134,134,212,212,229,229,229,144,69,69,83,83,108,108,17,33,60,60],"floor_reached":31,"playtime":1144,"items_purged":["Writhe","Heavy Blade"],"score":471,"play_id":"df8b49eb-eeb6-4a2d-8dc6-9cf810814931","local_time":"20181017160730","is_ascension_mode":true,"campfire_choices":[{"data":"Searing Blow","floor":6.0,"key":"SMITH"},{"data":"Searing Blow+2","floor":8.0,"key":"SMITH"},{"data":"Searing Blow+3","floor":12.0,"key":"SMITH"},{"data":"Searing Blow+4","floor":15.0,"key":"SMITH"},{"floor":23,"key":"REST"},{"data":"Searing Blow+5","floor":25,"key":"SMITH"}],"neow_cost":"CURSE","seed_source_timestamp":0,"circlet_count":0,"master_deck":["Defend_R","Defend_R","Defend_R","Bash","AscendersBane","Searing Blow+6","Madness+1","Rampage","Twin Strike","Cleave","Pommel Strike","Feed","Perfected Strike","Battle Trance","Bite","Bite","Bite","Bite","Bite","Flame Barrier","Thunderclap"],"special_seed":0,"relics":["Burning Blood","MawBank","Velvet Choker","Mummified Hand","Red Skull","Oddly Smooth Stone"],"potions_floor_usage":[18,24],"damage_taken":[{"damage":9.0,"enemies":"Jaw Worm","floor":1.0,"turns":4.0},{"damage":6.0,"enemies":"Cultist","floor":3.0,"turns":3.0},{"damage":0.0,"enemies":"Small Slimes","floor":10.0,"turns":2.0},{"damage":5.0,"enemies":"Exordium Wildlife","floor":11.0,"turns":4.0},{"damage":7.0,"enemies":"3 Louse","floor":14.0,"turns":3.0},{"damage":65,"enemies":"Slime Boss","floor":16,"turns":11},{"damage":30,"enemies":"Shell Parasite","floor":18,"turns":3},{"damage":2,"enemies":"Chosen","floor":24,"turns":3},{"damage":22,"enemies":"Sentry and Sphere","floor":29,"turns":4},{"damage":42,"enemies":"Book of Stabbing","floor":30,"turns":4},{"damage":11,"enemies":"Centurion and Healer","floor":31,"turns":2}],"seed_played":"8307018029471963839","potions_obtained":[{"floor":1.0,"key":"Block Potion"},{"floor":3.0,"key":"LiquidBronze"},{"floor":16,"key":"LiquidBronze"},{"floor":18,"key":"Explosive Potion"}],"is_trial":false,"path_per_floor":["M","$","M","?","$","R","?","R","T","M","M","R","$","M","R","B",null,"M","?","?","?","?","R","M","R","T","?","$","M","E"],"character_chosen":"IRONCLAD","items_purchased":["Searing Blow","Madness","Cleave","Flame Barrier"],"campfire_rested":1,"item_purchase_floors":[2,2,13,28],"current_hp_per_floor":[65,65,65,65,65,65,65,65,65,71,72,72,72,71,71,12,59,35,14,14,14,14,38,45,45,45,45,45,39,12,9],"gold":60,"neow_bonus":"TWO_FIFTY_GOLD","is_prod":false,"is_daily":false,"chose_seed":false,"campfire_upgraded":5,"win_rate":0,"timestamp":1539810450,"path_taken":["M","$","M","?","$","R","?","R","T","M","M","R","?","M","R","BOSS","M","?","?","?","?","R","M","R","T","?","?","?","E","M"],"build_version":"2018-10-11","purchased_purges":2,"victory":false,"max_hp_per_floor":[75,75,75,75,75,75,75,75,75,75,75,75,75,75,75,75,75,75,80,80,80,80,80,83,83,83,58,58,58,61,61],"card_choices":[{"not_picked":["Clothesline","Rage"],"picked":"Heavy Blade","floor":1.0},{"not_picked":["Perfected Strike","Clothesline"],"picked":"Rampage","floor":3.0},{"not_picked":["Havoc","Metallicize","Reckless Charge"],"picked":"SKIP","floor":10.0},{"not_picked":["Flex","Wild Strike"],"picked":"Twin Strike","floor":11.0},{"not_picked":["Sword Boomerang","Anger"],"picked":"Pommel Strike","floor":14.0},{"not_picked":["Bludgeon","Offering"],"picked":"Feed","floor":16},{"not_picked":["True Grit","Dual Wield"],"picked":"Perfected Strike","floor":18},{"not_picked":["Shockwave","True Grit"],"picked":"Battle Trance","floor":24},{"not_picked":["Wild Strike","Dropkick"],"picked":"Thunderclap","floor":29},{"not_picked":["Evolve","Disarm","Clash"],"picked":"SKIP","floor":30}],"player_experience":783204,"relics_obtained":[{"floor":9.0,"key":"MawBank"},{"floor":26,"key":"Red Skull"},{"floor":30,"key":"Oddly Smooth Stone"}],"event_choices":[{"event_name":"Accursed Blacksmith","player_choice":"Forge","floor":4.0,"damage_taken":0.0},{"event_name":"Living Wall","player_choice":"Grow","floor":7.0,"damage_taken":0.0},{"event_name":"Forgotten Altar","player_choice":"Shed Blood","floor":19,"damage_taken":0},{"event_name":"Cursed Tome","player_choice":"Ignored","floor":20,"damage_taken":0},{"event_name":"Addict","player_choice":"Obtained Relic","floor":21,"damage_taken":0},{"event_name":"Beggar","player_choice":"Gave Gold","floor":22,"damage_taken":0},{"event_name":"Vampires","player_choice":"Became a vampire","floor":27,"damage_taken":0}],"is_beta":false,"boss_relics":[{"not_picked":["Black Blood","Pandora\u0027s Box"],"picked":"Velvet Choker"}],"items_purged_floors":[2,5],"is_endless":false,"potions_floor_spawned":[1,3,16,18],"killed_by":"Centurion and Healer","ascension_level":17}