{"gold_per_floor":[118,131,131,131,151,151,178,178,178,192,38,11,43,56,56,157,157,177,177,177,197,215,215,241,256,256,256,271,36,50,50,50,147,147,160,170,70,70,70,101,121,140,213,213,223,273,273,121,121,121],"floor_reached":50,"playtime":3050,"items_purged":[],"score":778,"play_id":"1247a7a3-4ddb-4111-aff9-a7c2c127befa","local_time":"20180914100825","is_ascension_mode":true,"campfire_choices":[{"floor":6.0,"key":"REST"},{"data":"Bludgeon","floor":15.0,"key":"SMITH"},{"floor":23.0,"key":"REST"},{"data":"Immolate","floor":27.0,"key":"SMITH"},{"data":"Swift Strike","floor":32.0,"key":"SMITH"},{"floor":44.0,"key":"REST"},{"floor":47.0,"key":"REST"},{"floor":49.0,"key":"REST"}],"neow_cost":"NONE","seed_source_timestamp":0,"circlet_count":0,"master_deck":["Strike_R","Strike_R","Defend_R+1","Defend_R+1","Defend_R","Defend_R","Bash","Iron Wave","Perfected Strike+1","Bludgeon+1","Iron Wave","Shrug It Off","Perfected Strike","Shrug It Off","Iron Wave","Immolate+1","Flex","Pommel Strike+1","Cleave","Pommel Strike","Metallicize+1","Metallicize+1","Swift Strike+1","Perfected Strike+1","Immolate","Perfected Strike","Wild Strike","Perfected Strike","Armaments","Madness","Madness","Body Slam","Bludgeon","Iron Wave","Perfected Strike"],"special_seed":0,"relics":["Burning Blood","Potion Belt","Mummified Hand","Paper Frog","Orichalcum","War Paint","Oddly Smooth Stone","White Beast Statue","MutagenicStrength","Enchiridion","Darkstone Periapt","Frozen Egg 2","Bag of Marbles","Bottled Tornado","Empty Cage","Peace Pipe","Kunai","Vajra","Anchor"],"potions_floor_usage":[50,50],"damage_taken":[{"damage":4.0,"enemies":"2 Louse","floor":1.0,"turns":5.0},{"damage":1.0,"enemies":"Cultist","floor":2.0,"turns":3.0},{"damage":4.0,"enemies":"Small Slimes","floor":5.0,"turns":5.0},{"damage":25.0,"enemies":"3 Sentries","floor":7.0,"turns":10.0},{"damage":0.0,"enemies":"Blue Slaver","floor":10.0,"turns":5.0},{"damage":8.0,"enemies":"Gremlin Nob","floor":13.0,"turns":4.0},{"damage":2.0,"enemies":"Looter","floor":14.0,"turns":3.0},{"damage":12.0,"enemies":"The Guardian","floor":16.0,"turns":9.0},{"damage":3.0,"enemies":"Chosen","floor":18.0,"turns":5.0},{"damage":0.0,"enemies":"Spheric Guardian","floor":21.0,"turns":1.0},{"damage":20.0,"enemies":"Snake Plant","floor":22.0,"turns":5.0},{"damage":24.0,"enemies":"Slavers","floor":24.0,"turns":4.0},{"damage":6.0,"enemies":"Chosen and Byrds","floor":25.0,"turns":4.0},{"damage":2.0,"enemies":"Centurion and Healer","floor":28.0,"turns":3.0},{"damage":0.0,"enemies":"Snecko","floor":30.0,"turns":2.0},{"damage":38.0,"enemies":"Automaton","floor":33.0,"turns":10.0},{"damage":1.0,"enemies":"Orb Walker","floor":35.0,"turns":2.0},{"damage":0.0,"enemies":"3 Darklings","floor":36.0,"turns":2.0},{"damage":29.0,"enemies":"Giant Head","floor":40.0,"turns":8.0},{"damage":18.0,"enemies":"Reptomancer","floor":41.0,"turns":3.0},{"damage":9.0,"enemies":"Transient","floor":42.0,"turns":5.0},{"damage":32.0,"enemies":"Maw","floor":45.0,"turns":8.0},{"damage":73,"enemies":"Awakened One","floor":50,"turns":7}],"seed_played":"-2575869012866578969","potions_obtained":[{"floor":2.0,"key":"GamblersBrew"},{"floor":10.0,"key":"Weak Potion"},{"floor":14.0,"key":"Block Potion"},{"floor":18.0,"key":"Weak Potion"},{"floor":21.0,"key":"GamblersBrew"},{"floor":22.0,"key":"Block Potion"},{"floor":24.0,"key":"LiquidBronze"},{"floor":25.0,"key":"LiquidBronze"},{"floor":28.0,"key":"Strength Potion"},{"floor":30.0,"key":"LiquidBronze"},{"floor":33.0,"key":"GamblersBrew"},{"floor":35.0,"key":"Block Potion"},{"floor":36.0,"key":"LiquidBronze"},{"floor":39.0,"key":"LiquidBronze"},{"floor":39.0,"key":"EntropicBrew"},{"floor":40.0,"key":"EssenceOfSteel"},{"floor":41.0,"key":"Poison Potion"},{"floor":42.0,"key":"FearPotion"},{"floor":45.0,"key":"LiquidBronze"}],"is_trial":false,"path_per_floor":["M","M","?","?","M","R","E","?","T","M","$","$","E","M","R","B",null,"M","?","?","M","M","R","E","M","T","R","M","$","M","T","R","B",null,"M","M","$","?","?","E","M","M","T","R","M","T","R","$","R"],"character_chosen":"IRONCLAD","items_purchased":["War Paint","Shrug It Off","Bag of Marbles","Swift Strike","Perfected Strike","Armaments","Anchor"],"campfire_rested":5,"item_purchase_floors":[11,12,29,29,37,37,48],"current_hp_per_floor":[74,79,37,37,39,63,44,44,44,50,50,50,48,52,52,46,72,75,75,59,65,51,75,57,57,57,57,61,61,67,67,67,35,69,74,80,80,70,70,47,35,32,32,56,30,30,54,54,78,5],"gold":121,"neow_bonus":"RANDOM_COMMON_RELIC","is_prod":false,"is_daily":false,"chose_seed":false,"campfire_upgraded":3,"win_rate":0,"timestamp":1536937705,"path_taken":["M","M","?","?","M","R","E","?","T","M","?","$","E","?","R","BOSS","M","?","?","M","M","R","E","M","T","R","?","$","M","?","R","BOSS","M","M","$","?","?","E","M","?","T","R","?","?","R","$","R","BOSS"],"build_version":"2018-09-06","purchased_purges":0,"victory":false,"max_hp_per_floor":[80,80,80,80,80,80,80,80,80,80,80,80,80,80,80,80,80,80,80,80,80,80,80,80,80,80,80,80,80,80,80,80,80,80,80,80,80,80,80,80,80,80,80,80,80,80,80,80,80,80],"card_choices":[{"not_picked":["Wild Strike","Pommel Strike"],"picked":"Iron Wave","floor":1.0},{"not_picked":["Evolve","Cleave"],"picked":"Perfected Strike","floor":2.0},{"not_picked":["Flex","Second Wind"],"picked":"Iron Wave","floor":5.0},{"not_picked":["Intimidate","Whirlwind"],"picked":"Shrug It Off","floor":7.0},{"not_picked":["Corruption","Rupture"],"picked":"Perfected Strike","floor":10.0},{"not_picked":["Uppercut","Entrench","Metallicize"],"picked":"SKIP","floor":13.0},{"not_picked":["Whirlwind","Sever Soul"],"picked":"Iron Wave","floor":14.0},{"not_picked":["Demon Form","Double Tap"],"picked":"Immolate","floor":16.0},{"not_picked":["Sever Soul","Clash"],"picked":"Flex","floor":18.0},{"not_picked":["Sentinel+1","Flame Barrier"],"picked":"Pommel Strike+1","floor":21.0},{"not_picked":["Uppercut","Power Through"],"picked":"Cleave","floor":22.0},{"not_picked":["Double Tap","Battle Trance"],"picked":"Pommel Strike","floor":24.0},{"not_picked":["True Grit","Sword Boomerang"],"picked":"Metallicize+1","floor":25.0},{"not_picked":["Burning Pact","Flex"],"picked":"Metallicize+1","floor":28.0},{"not_picked":["Pummel","Flame Barrier"],"picked":"Perfected Strike+1","floor":30.0},{"not_picked":["Berserk+1","Impervious"],"picked":"Immolate","floor":33.0},{"not_picked":["Headbutt","Thunderclap"],"picked":"Perfected Strike","floor":35.0},{"not_picked":["Anger","Burning Pact"],"picked":"Wild Strike","floor":36.0},{"not_picked":["Armaments+1","Clash"],"picked":"Body Slam","floor":40.0},{"not_picked":["Rampage","Heavy Blade"],"picked":"Bludgeon","floor":41.0},{"not_picked":["Clothesline","Body Slam"],"picked":"Iron Wave","floor":42.0},{"not_picked":["Dual Wield","Body Slam+1"],"picked":"Perfected Strike","floor":45.0}],"player_experience":598646,"relics_obtained":[{"floor":7.0,"key":"Paper Frog"},{"floor":9.0,"key":"Orichalcum"},{"floor":13.0,"key":"Oddly Smooth Stone"},{"floor":20.0,"key":"Enchiridion"},{"floor":24.0,"key":"Darkstone Periapt"},{"floor":26.0,"key":"Frozen Egg 2"},{"floor":31.0,"key":"Bottled Tornado"},{"floor":40.0,"key":"Peace Pipe"},{"floor":43.0,"key":"Kunai"},{"floor":46.0,"key":"Vajra"}],"event_choices":[{"event_name":"Scrap Ooze","player_choice":"success","floor":3.0,"damage_taken":42.0},{"event_name":"Transmorgrifier","player_choice":"Transform","floor":4.0,"damage_taken":0.0},{"event_name":"Living Wall","player_choice":"Grow","floor":8.0,"damage_taken":0.0},{"event_name":"Drug Dealer","player_choice":"Inject Mutagens","floor":19.0,"damage_taken":0.0},{"event_name":"Cursed Tome","player_choice":"Obtained Book","floor":20.0,"damage_taken":0.0},{"event_name":"Winding Halls","player_choice":"Embrace Madness","floor":38.0,"damage_taken":0.0},{"event_name":"The Lab","player_choice":"Got Potions","floor":39.0,"damage_taken":0.0}],"is_beta":false,"boss_relics":[{"not_picked":["Lizard Tail","Astrolabe"],"picked":"White Beast Statue"},{"not_picked":["Coffee Dripper","Pandora\u0027s Box"],"picked":"Empty Cage"}],"items_purged_floors":[],"is_endless":false,"potions_floor_spawned":[2,10,14,18,21,22,24,25,28,30,33,35,36,40,41,42,45],"killed_by":"Awakened One","ascension_level":8}