{"gold_per_floor":[119,129,147,95,105,105,140,140,140,140,155,185,185,197,197,197],"floor_reached":16,"playtime":1099,"items_purged":[],"score":196,"play_id":"03b00e10-906f-47bb-93de-07017833e5e0","local_time":"20181008113000","is_ascension_mode":true,"campfire_choices":[{"data":"Twin Strike","floor":6,"key":"SMITH"},{"data":"Cleave","floor":8,"key":"SMITH"},{"data":"Searing Blow","floor":15,"key":"SMITH"}],"neow_cost":"NONE","seed_source_timestamp":2247172418523606,"circlet_count":0,"master_deck":["Strike_R","Strike_R","Strike_R","Strike_R","Strike_R","Defend_R+1","Defend_R","Defend_R+1","Defend_R","Bash","AscendersBane","Cleave+1","Twin Strike+1","Iron Wave","Thunderclap","Flex","Headbutt","Parasite","Iron Wave","Searing Blow+1","Pommel Strike"],"relics":["Burning Blood","Strawberry","War Paint","Gremlin Horn","Sundial"],"potions_floor_usage":[7,7,16,16],"damage_taken":[{"damage":10,"enemies":"Small Slimes","floor":1,"turns":5},{"damage":2,"enemies":"2 Louse","floor":2,"turns":2},{"damage":11,"enemies":"Cultist","floor":3,"turns":4},{"damage":9,"enemies":"2 Fungi Beasts","floor":5,"turns":4},{"damage":20,"enemies":"3 Sentries","floor":7,"turns":5},{"damage":5,"enemies":"Exordium Thugs","floor":11,"turns":4},{"damage":34,"enemies":"Lagavulin","floor":12,"turns":7},{"damage":0,"enemies":"Gremlin Gang","floor":14,"turns":1},{"damage":39,"enemies":"Hexaghost","floor":16,"turns":9}],"seed_played":"2668731202357119542","potions_obtained":[{"floor":3,"key":"FearPotion"},{"floor":5,"key":"Strength Potion"},{"floor":11,"key":"Dexterity Potion"},{"floor":13,"key":"EssenceOfSteel"},{"floor":13,"key":"SkillPotion"}],"is_trial":false,"path_per_floor":["M","M","M","$","M","R","E","R","T","?","M","E","?","M","R"],"character_chosen":"IRONCLAD","items_purchased":["Thunderclap"],"campfire_rested":0,"item_purchase_floors":[4],"current_hp_per_floor":[71,75,70,70,67,67,53,53,53,73,74,46,46,52,52,13],"gold":197,"neow_bonus":"RANDOM_COMMON_RELIC","is_prod":false,"is_daily":false,"chose_seed":false,"campfire_upgraded":3,"win_rate":0,"timestamp":1539016200,"path_taken":["M","M","M","$","M","R","E","R","T","?","?","E","?","M","R","BOSS"],"build_version":"2018-10-04v2","purchased_purges":0,"victory":false,"max_hp_per_floor":[82,82,82,82,82,82,82,82,82,82,82,82,82,82,82,82],"card_choices":[{"not_picked":["True Grit","Combust"],"picked":"Cleave","floor":1},{"not_picked":["Second Wind","Heavy Blade"],"picked":"Twin Strike","floor":2},{"not_picked":["Shockwave","Rage"],"picked":"Iron Wave","floor":3},{"not_picked":["Juggernaut","Havoc"],"picked":"Flex","floor":5},{"not_picked":["Intimidate","Shockwave"],"picked":"Headbutt","floor":7},{"not_picked":["Thunderclap","Anger"],"picked":"Iron Wave","floor":11},{"not_picked":["Hemokinesis","Havoc"],"picked":"Searing Blow","floor":12},{"not_picked":["True Grit","Warcry"],"picked":"Pommel Strike","floor":14}],"player_experience":724163,"relics_obtained":[{"floor":7,"key":"War Paint"},{"floor":9,"key":"Gremlin Horn"},{"floor":12,"key":"Sundial"}],"event_choices":[{"event_name":"Mushrooms","player_choice":"Healed and dodged fight","floor":10,"damage_taken":0},{"event_name":"The Lab","player_choice":"Got Potions","floor":13,"damage_taken":0}],"is_beta":false,"boss_relics":[],"items_purged_floors":[],"is_endless":false,"potions_floor_spawned":[3,5,11],"killed_by":"Hexaghost","ascension_level":15}