{"gold_per_floor":[118,118,293,293,253,253,272,272,296,296,307,319,319,335,335,430,430,440,440,454,31,31,31,47,47,47,47,64,64,83,96,96,96],"floor_reached":33,"playtime":1966,"items_purged":["Doubt"],"score":459,"play_id":"5d739ce7-f7fa-4737-b88a-49442399873e","local_time":"20190324182243","is_ascension_mode":true,"campfire_choices":[{"data":"Zap","floor":6,"key":"SMITH"},{"data":"Tempest","floor":8,"key":"SMITH"},{"data":"Dualcast","floor":10,"key":"SMITH"},{"data":"Redo","floor":15,"key":"SMITH"},{"data":"Redo","floor":23,"key":"SMITH"},{"floor":25,"key":"REST"},{"floor":29,"key":"REST"},{"floor":32,"key":"REST"}],"neow_cost":"NONE","seed_source_timestamp":423567416029384,"circlet_count":0,"master_deck":["AscendersBane","Strike_B+1","Strike_B","Strike_B","Defend_B","Defend_B","Defend_B+1","Defend_B","Zap+1","Dualcast+1","Glacier","Darkness","Tempest+1","Sweeping Beam","Redo+1","Hologram","Echo Form","Sweeping Beam","Redo+1","Turbo","Auto Shields","Compile Driver","Ball Lightning","Barrage","Chaos","Leap","Compile Driver","Redo"],"relics":["Cracked Core","Vajra","Pen Nib","Orrery","Nilry\u0027s Codex","Chemical X","Bronze Scales","Orichalcum","MutagenicStrength"],"potions_floor_usage":[18,20,20,24],"damage_taken":[{"damage":0,"enemies":"2 Louse","floor":1,"turns":3},{"damage":3,"enemies":"Small Slimes","floor":7,"turns":4},{"damage":0,"enemies":"Cultist","floor":11,"turns":3},{"damage":0,"enemies":"Exordium Wildlife","floor":12,"turns":3},{"damage":5,"enemies":"Red Slaver","floor":14,"turns":3},{"damage":0,"enemies":"Slime Boss","floor":16,"turns":6},{"damage":13,"enemies":"3 Byrds","floor":18,"turns":4},{"damage":3,"enemies":"Shell Parasite","floor":20,"turns":5},{"damage":9,"enemies":"Snecko","floor":24,"turns":5},{"damage":24,"enemies":"Shelled Parasite and Fungi","floor":28,"turns":5},{"damage":7,"enemies":"3 Cultists","floor":30,"turns":4},{"damage":17,"enemies":"Cultist and Chosen","floor":31,"turns":5},{"damage":70,"enemies":"Automaton","floor":33,"turns":6}],"seed_played":"-1669569481417743115","potions_obtained":[{"floor":1,"key":"Fire Potion"},{"floor":7,"key":"SkillPotion"},{"floor":16,"key":"EssenceOfSteel"},{"floor":18,"key":"GamblersBrew"},{"floor":20,"key":"Explosive Potion"}],"is_trial":false,"path_per_floor":["M","?","?","?","$","R","M","R","T","R","M","M","?","M","R","B",null,"M","?","M","$","?","R","M","R","T","?","M","R","M","M","R","B"],"character_chosen":"DEFECT","items_purchased":["Darkness","Chemical X","Bronze Scales"],"campfire_rested":3,"item_purchase_floors":[5,21,21],"current_hp_per_floor":[68,53,53,53,53,53,50,50,50,50,50,50,50,45,45,45,68,55,39,36,36,36,36,27,49,49,49,25,47,40,23,45,0],"gold":96,"neow_bonus":"REMOVE_CARD","is_prod":false,"is_daily":false,"chose_seed":false,"campfire_upgraded":5,"win_rate":0,"timestamp":1553469763,"path_taken":["M","?","?","?","$","R","M","R","T","R","?","M","?","M","R","BOSS","M","?","M","$","?","R","M","R","T","?","M","R","M","?","R","BOSS"],"build_version":"2019-01-23","purchased_purges":1,"victory":false,"max_hp_per_floor":[75,75,75,75,75,75,75,75,75,75,75,75,75,75,75,75,75,75,75,75,75,75,75,75,75,75,75,75,75,75,75,75,75],"card_choices":[{"not_picked":["Aggregate","Undo"],"picked":"Glacier","floor":1},{"not_picked":["Reinforced Body","Gash"],"picked":"Tempest","floor":7},{"not_picked":["Steam Power","FTL"],"picked":"Sweeping Beam","floor":11},{"not_picked":["Fusion","Stack"],"picked":"Redo","floor":12},{"not_picked":["Gash","Consume"],"picked":"Hologram","floor":14},{"not_picked":["Meteor Strike","Multi-Cast"],"picked":"Echo Form","floor":16},{"not_picked":["Barrage","Rebound"],"picked":"Sweeping Beam","floor":17},{"not_picked":["Melter","Streamline"],"picked":"Redo","floor":17},{"not_picked":["Hologram","Hello World"],"picked":"Turbo","floor":17},{"not_picked":["Go for the Eyes","Reinforced Body"],"picked":"Auto Shields","floor":17},{"not_picked":["Turbo","Gash"],"picked":"Compile Driver","floor":17},{"not_picked":["Reprogram","Biased Cognition"],"picked":"Ball Lightning","floor":18},{"not_picked":["Recycle","Rebound"],"picked":"Barrage","floor":20},{"not_picked":["Turbo","Steam Power"],"picked":"Chaos","floor":24},{"not_picked":["Rebound","Double Energy"],"picked":"Leap","floor":28},{"not_picked":["Leap","Coolheaded"],"picked":"Compile Driver","floor":30},{"not_picked":["Rip and Tear","Turbo"],"picked":"Redo","floor":31}],"player_experience":1258463,"relics_obtained":[{"floor":9,"key":"Vajra"},{"floor":13,"key":"Pen Nib"},{"floor":19,"key":"Nilry\u0027s Codex"},{"floor":26,"key":"Orichalcum"}],"event_choices":[{"damage_healed":0,"gold_gain":0,"player_choice":"Entered Light","damage_taken":15,"max_hp_gain":0,"max_hp_loss":0,"event_name":"Shining Light","floor":2,"gold_loss":0,"cards_upgraded":["Defend_B","Strike_B"]},{"damage_healed":0,"gold_gain":175,"player_choice":"AGREE","damage_taken":0,"max_hp_gain":0,"max_hp_loss":0,"event_name":"Liars Game","floor":3,"gold_loss":0,"cards_obtained":["Doubt"]},{"damage_healed":0,"gold_gain":0,"player_choice":"Bought 0 Potions","damage_taken":0,"max_hp_gain":0,"max_hp_loss":0,"event_name":"The Woman in Blue","floor":4,"gold_loss":0},{"damage_healed":0,"gold_gain":0,"player_choice":"Relic","damage_taken":0,"max_hp_gain":0,"max_hp_loss":0,"event_name":"Wheel of Change","floor":13,"gold_loss":0},{"damage_healed":0,"gold_gain":0,"player_choice":"Obtained Book","damage_taken":16,"max_hp_gain":0,"max_hp_loss":0,"event_name":"Cursed Tome","floor":19,"gold_loss":0},{"damage_healed":0,"gold_gain":0,"player_choice":"Ignored","damage_taken":0,"max_hp_gain":0,"max_hp_loss":0,"event_name":"Ghosts","floor":22,"gold_loss":0},{"damage_healed":0,"gold_gain":0,"player_choice":"Inject Mutagens","damage_taken":0,"relics_obtained":["MutagenicStrength"],"max_hp_gain":0,"max_hp_loss":0,"event_name":"Drug Dealer","floor":27,"gold_loss":0}],"is_beta":false,"boss_relics":[{"not_picked":["Tiny House","Cursed Key"],"picked":"Orrery"}],"items_purged_floors":[21],"is_endless":false,"potions_floor_spawned":[1,7,16,18,20],"killed_by":"Automaton","ascension_level":12}