{"gold_per_floor":[117,132,147,164,184,212,287,287,313,328,343,20,48,223,223,327,327,252,263,188,188,203,203],"floor_reached":23,"playtime":2140,"items_purged":[],"score":244,"play_id":"7a66370e-615c-47a8-ad79-ad4efa80e439","local_time":"20181007132819","is_ascension_mode":true,"campfire_choices":[{"floor":8,"key":"REST"},{"floor":15,"key":"REST"}],"neow_cost":"NONE","seed_source_timestamp":779207095342947,"circlet_count":0,"master_deck":["Strike_B","Strike_B","Strike_B","Strike_B","Defend_B","Defend_B","Defend_B","Zap","Dualcast","Steam","Sunder","Chill","Fusion","Self Repair","Darkness","Defragment","Cold Snap","Ball Lightning","Melter","Doubt","Glacier","Buffer","Sweeping Beam+1","Steam"],"relics":["FrozenCore","Dream Catcher","Potion Belt","Thread and Needle","Oddly Smooth Stone"],"potions_floor_usage":[3,4,5,6,6,6,13,16,22],"damage_taken":[{"damage":1,"enemies":"2 Louse","floor":1,"turns":2},{"damage":1,"enemies":"Jaw Worm","floor":2,"turns":4},{"damage":0,"enemies":"Cultist","floor":3,"turns":2},{"damage":5,"enemies":"Large Slime","floor":4,"turns":3},{"damage":10,"enemies":"Exordium Thugs","floor":5,"turns":3},{"damage":11,"enemies":"3 Sentries","floor":6,"turns":9},{"damage":10,"enemies":"Gremlin Gang","floor":10,"turns":6},{"damage":2,"enemies":"Large Slime","floor":11,"turns":6},{"damage":14,"enemies":"Gremlin Nob","floor":13,"turns":3},{"damage":21,"enemies":"Slime Boss","floor":16,"turns":12},{"damage":16,"enemies":"2 Thieves","floor":18,"turns":5},{"damage":12,"enemies":"3 Byrds","floor":19,"turns":7},{"damage":16,"enemies":"3 Cultists","floor":22,"turns":7},{"damage":59,"enemies":"Gremlin Leader","floor":23,"turns":7}],"seed_played":"9213747413603666478","potions_obtained":[{"floor":2,"key":"EntropicBrew"},{"floor":4,"key":"Strength Potion"},{"floor":5,"key":"SpeedPotion"},{"floor":11,"key":"AttackPotion"},{"floor":13,"key":"PowerPotion"},{"floor":19,"key":"Fire Potion"}],"is_trial":false,"path_per_floor":["M","M","M","M","M","E","?","R","T","M","M","$","E","?","R","B",null,"M","M","?","?","M"],"character_chosen":"DEFECT","items_purchased":["Thread and Needle","Ball Lightning"],"campfire_rested":2,"item_purchase_floors":[12,12],"current_hp_per_floor":[81,80,80,75,65,61,50,74,74,71,76,76,62,62,82,61,82,73,68,68,68,59,0],"gold":203,"neow_bonus":"TEN_PERCENT_HP_BONUS","is_prod":false,"is_daily":false,"chose_seed":false,"campfire_upgraded":0,"win_rate":0,"timestamp":1538944099,"path_taken":["M","M","M","M","M","E","?","R","T","M","?","$","E","?","R","BOSS","M","?","?","?","?","E"],"build_version":"2018-10-04v2","purchased_purges":0,"victory":false,"max_hp_per_floor":[82,82,82,82,82,82,82,82,82,82,82,82,82,82,82,82,82,82,82,82,82,82,82],"card_choices":[{"not_picked":["Streamline","Go for the Eyes"],"picked":"Steam","floor":1},{"not_picked":["Ball Lightning","Steam Power"],"picked":"Sunder","floor":2},{"not_picked":["Rebound","Fusion"],"picked":"Chill","floor":3},{"not_picked":["Leap","Sweeping Beam"],"picked":"Fusion","floor":4},{"not_picked":["Scrape","Rebound"],"picked":"Self Repair","floor":5},{"not_picked":["Rebound","Beam Cell"],"picked":"Darkness","floor":6},{"not_picked":["Capacitor","Loop"],"picked":"Defragment","floor":8},{"not_picked":["Storm","Fusion","Turbo"],"picked":"SKIP","floor":10},{"not_picked":["Amplify","Lockon"],"picked":"Cold Snap","floor":11},{"not_picked":["FTL","Go for the Eyes"],"picked":"Melter","floor":13},{"not_picked":["Compile Driver","FTL"],"picked":"Glacier","floor":15},{"not_picked":["Fission","Amplify"],"picked":"Buffer","floor":16},{"not_picked":["Barrage","Gash"],"picked":"Sweeping Beam+1","floor":18},{"not_picked":["Rebound","Sweeping Beam","Glacier+1"],"picked":"SKIP","floor":19},{"not_picked":["Stack","Capacitor"],"picked":"Steam","floor":22}],"player_experience":431258,"relics_obtained":[{"floor":6,"key":"Dream Catcher"},{"floor":9,"key":"Potion Belt"},{"floor":13,"key":"Oddly Smooth Stone"}],"event_choices":[{"event_name":"World of Goop","player_choice":"Gather Gold","floor":7,"damage_taken":0},{"event_name":"Liars Game","player_choice":"agreed","floor":14,"damage_taken":0},{"event_name":"Beggar","player_choice":"Gave Gold","floor":20,"damage_taken":0},{"event_name":"Vampires","player_choice":"Ignored","floor":21,"damage_taken":0}],"is_beta":false,"boss_relics":[{"not_picked":["Coffee Dripper","Black Star"],"picked":"FrozenCore"}],"items_purged_floors":[],"is_endless":false,"potions_floor_spawned":[2,4,5,11,13,19],"killed_by":"Gremlin Leader","ascension_level":4}