{"gold_per_floor":[114,132,143,161,6,34,44,44,93,93,93,106,106,31,31,160,160,176,203,203,203,118,154,172,172,225,225,245,192,213,113,113,234,234,249,262,13,36,36,36,69,69,69,69,92,425,425,439,439,439],"floor_reached":50,"playtime":2618,"items_purged":["Strike_R","Strike_R"],"score":540,"play_id":"00f0dc31-43cf-4445-b655-fd3998edf8ea","local_time":"20190111152007","is_ascension_mode":false,"campfire_choices":[{"data":"Anger","floor":8.0,"key":"SMITH"},{"floor":11.0,"key":"REST"},{"data":"Thunderclap","floor":13.0,"key":"SMITH"},{"data":"Iron Wave","floor":15.0,"key":"SMITH"},{"data":"Fiend Fire","floor":25.0,"key":"SMITH"},{"data":"Thunderclap","floor":27.0,"key":"SMITH"},{"floor":32.0,"key":"REST"},{"data":"Iron Wave","floor":40,"key":"SMITH"},{"floor":42,"key":"REST"},{"floor":49,"key":"REST"}],"neow_cost":"NONE","seed_source_timestamp":0,"circlet_count":0,"master_deck":["Defend_R+1","Defend_R+1","Bash","Twin Strike","Spot Weakness","Spot Weakness","Pummel","Iron Wave+1","Anger+1","Thunderclap+1","Fiend Fire+1","Rupture+1","Immolate+1","Blood for Blood+1","Iron Wave+1","Pummel","Thunderclap+1","Thunderclap+1","Flex","Flex","Feed","Sword Boomerang","Anger+1","Metallicize+1","Flex+1","Heavy Blade+1","Havoc+1"],"special_seed":0,"relics":["Burning Blood","Regal Pillow","Gremlin Horn","War Paint","Astrolabe","Bronze Scales","Nilry\u0027s Codex","Pear","Bag of Preparation","Eternal Feather","Pantograph","Vajra","Molten Egg 2"],"potions_floor_usage":[41],"damage_taken":[{"damage":6.0,"enemies":"Cultist","floor":1.0,"turns":3.0},{"damage":20.0,"enemies":"Jaw Worm","floor":2.0,"turns":5.0},{"damage":5.0,"enemies":"2 Louse","floor":3.0,"turns":2.0},{"damage":12.0,"enemies":"Blue Slaver","floor":4.0,"turns":3.0},{"damage":26.0,"enemies":"3 Sentries","floor":6.0,"turns":7.0},{"damage":8.0,"enemies":"Red Slaver","floor":7.0,"turns":3.0},{"damage":7.0,"enemies":"Exordium Wildlife","floor":12.0,"turns":3.0},{"damage":39.0,"enemies":"The Guardian","floor":16.0,"turns":8.0},{"damage":10.0,"enemies":"Spheric Guardian","floor":18.0,"turns":3.0},{"damage":31.0,"enemies":"Slavers","floor":23.0,"turns":3.0},{"damage":0.0,"enemies":"2 Thieves","floor":24.0,"turns":1.0},{"damage":8.0,"enemies":"Sentry and Sphere","floor":28.0,"turns":3.0},{"damage":0.0,"enemies":"Centurion and Healer","floor":30.0,"turns":4.0},{"damage":74.0,"enemies":"Automaton","floor":33.0,"turns":8.0},{"damage":18,"enemies":"3 Shapes","floor":35,"turns":2},{"damage":16,"enemies":"Orb Walker","floor":36,"turns":4},{"damage":10,"enemies":"Sphere and 2 Shapes","floor":38,"turns":3},{"damage":76,"enemies":"Nemesis","floor":41,"turns":7},{"damage":22,"enemies":"4 Shapes","floor":45,"turns":2},{"damage":14,"enemies":"Transient","floor":48,"turns":5},{"damage":113,"enemies":"Awakened One","floor":50,"turns":6}],"seed_played":"-6249772739992902877","potions_obtained":[{"floor":1.0,"key":"SneckoOil"},{"floor":2.0,"key":"Fire Potion"},{"floor":12.0,"key":"SneckoOil"},{"floor":16.0,"key":"PowerPotion"},{"floor":28.0,"key":"FearPotion"},{"floor":45,"key":"SneckoOil"},{"floor":48,"key":"Poison Potion"}],"is_trial":false,"path_per_floor":["M","M","M","M","$","E","M","R","T","?","R","M","R","$","R","B",null,"M","T","?","?","?","E","M","R","T","R","M","$","M","$","R","B",null,"M","M","$","M","?","R","E","R","T","$","M","?","?","M","R","B"],"character_chosen":"IRONCLAD","items_purchased":["Regal Pillow","Flex","Pantograph"],"campfire_rested":4,"item_purchase_floors":[5,29,37],"current_hp_per_floor":[88,74,75,69,69,49,47,47,47,25,66,65,65,65,65,32,88,84,84,84,68,78,53,59,59,59,59,57,57,63,63,98,30,98,89,79,79,75,75,87,17,77,77,77,61,61,61,53,101,0],"gold":439,"neow_bonus":"TEN_PERCENT_HP_BONUS","is_prod":false,"is_daily":false,"chose_seed":false,"campfire_upgraded":6,"win_rate":0,"timestamp":1547241607,"path_taken":["M","M","M","M","?","E","?","R","T","?","R","M","R","?","R","BOSS","M","?","?","?","?","E","M","R","T","R","M","$","?","?","R","BOSS","M","M","$","M","?","R","E","R","T","$","M","?","?","M","R","BOSS"],"build_version":"2019-01-10","purchased_purges":2,"victory":false,"max_hp_per_floor":[88,88,88,88,88,88,88,88,88,88,88,88,88,88,88,88,88,88,88,88,88,98,98,98,98,98,98,98,98,98,98,98,98,98,101,101,101,101,101,101,101,101,101,101,101,101,101,101,101,101],"card_choices":[{"not_picked":["Combust","Headbutt"],"picked":"Twin Strike","floor":1.0},{"not_picked":["Corruption","Clothesline"],"picked":"Spot Weakness","floor":2.0},{"not_picked":["Fire Breathing","Headbutt"],"picked":"Spot Weakness","floor":3.0},{"not_picked":["Wild Strike","Armaments"],"picked":"Pummel","floor":4.0},{"not_picked":["Spot Weakness","Sever Soul"],"picked":"Iron Wave","floor":6.0},{"not_picked":["Clash","Wild Strike"],"picked":"Anger","floor":7.0},{"not_picked":["Shockwave","Body Slam"],"picked":"Thunderclap","floor":12.0},{"not_picked":["Feed","Brutality"],"picked":"Fiend Fire","floor":16.0},{"not_picked":["Pommel Strike","Hemokinesis"],"picked":"Iron Wave","floor":18.0},{"not_picked":["Sever Soul","Feel No Pain+1"],"picked":"Pummel","floor":23.0},{"not_picked":["Anger","Perfected Strike+1"],"picked":"Thunderclap","floor":24.0},{"not_picked":["Sentinel","Armaments"],"picked":"Thunderclap+1","floor":28.0},{"not_picked":["Iron Wave","Headbutt+1"],"picked":"Flex","floor":30.0},{"not_picked":["Dark Embrace","Berserk"],"picked":"Feed","floor":33.0},{"not_picked":["Burning Pact+1","Heavy Blade"],"picked":"Sword Boomerang","floor":35},{"not_picked":["Seeing Red+1","Infernal Blade+1"],"picked":"Anger+1","floor":36},{"not_picked":["Feel No Pain+1","Evolve"],"picked":"Metallicize+1","floor":38},{"not_picked":["Perfected Strike","Anger"],"picked":"Flex+1","floor":41},{"not_picked":["Anger+1","Impervious"],"picked":"Heavy Blade+1","floor":45},{"not_picked":["Clothesline+1","Perfected Strike+1"],"picked":"Havoc+1","floor":48}],"player_experience":1102961,"relics_obtained":[{"floor":6.0,"key":"Gremlin Horn"},{"floor":9.0,"key":"War Paint"},{"floor":19.0,"key":"Bronze Scales"},{"floor":21.0,"key":"Nilry\u0027s Codex"},{"floor":23.0,"key":"Bag of Preparation"},{"floor":41,"key":"Vajra"},{"floor":43,"key":"Molten Egg 2"}],"event_choices":[{"damage_healed":0.0,"max_hp_gain":0.0,"max_hp_loss":0.0,"gold_gain":0.0,"event_name":"Golden Idol","player_choice":"Take Damage","floor":10.0,"gold_loss":0.0,"damage_taken":22.0,"relics_obtained":["Golden Idol"]},{"cards_removed":["Strike_R"],"damage_healed":0.0,"max_hp_gain":0.0,"max_hp_loss":0.0,"gold_gain":0.0,"event_name":"Back to Basics","player_choice":"Elegance","floor":20.0,"gold_loss":0.0,"damage_taken":0.0},{"damage_healed":0.0,"max_hp_gain":0.0,"max_hp_loss":0.0,"gold_gain":0.0,"event_name":"Cursed Tome","player_choice":"Obtained Book","floor":21.0,"gold_loss":0.0,"damage_taken":16.0},{"damage_healed":0.0,"max_hp_gain":0.0,"max_hp_loss":0.0,"gold_gain":0.0,"event_name":"Addict","player_choice":"Obtained Relic","floor":22.0,"gold_loss":85.0,"damage_taken":0.0,"relics_obtained":["Pear"]},{"cards_removed":["Defend_R"],"damage_healed":0,"gold_gain":0,"player_choice":"Removed Skill","damage_taken":0,"max_hp_gain":0,"max_hp_loss":0,"event_name":"Falling","floor":39,"gold_loss":0},{"damage_healed":0,"gold_gain":333,"player_choice":"Gave Idol","damage_taken":0,"max_hp_gain":0,"max_hp_loss":0,"event_name":"The Moai Head","floor":46,"relics_lost":["Golden Idol"],"gold_loss":0},{"damage_healed":0,"gold_gain":0,"player_choice":"Memory 1","damage_taken":0,"max_hp_gain":0,"max_hp_loss":0,"event_name":"SensoryStone","floor":47,"gold_loss":0}],"is_beta":false,"boss_relics":[{"not_picked":["Coffee Dripper","Philosopher\u0027s Stone"],"picked":"Astrolabe"},{"not_picked":["Black Blood","Lizard Tail"],"picked":"Eternal Feather"}],"items_purged_floors":[14,31],"is_endless":false,"potions_floor_spawned":[1,2,12,16,28,45,48],"killed_by":"Awakened One","ascension_level":0}