{"gold_per_floor":[119,219,238,249,263,263,280,280,280,294,294,308,18,38,38,139,139,157,57,57,57,57,91,103,135,147,159,205,217],"floor_reached":29,"playtime":1528,"items_purged":[],"score":357,"play_id":"89112dd6-2803-451c-a69c-6c194dace60c","local_time":"20181110143618","is_ascension_mode":true,"campfire_choices":[{"data":"Zap","floor":6,"key":"SMITH"},{"data":"Dualcast","floor":8,"key":"SMITH"},{"data":"Darkness","floor":11,"key":"SMITH"},{"floor":15,"key":"REST"},{"floor":24,"key":"REST"},{"data":"Loop","floor":27,"key":"SMITH"}],"neow_cost":"NONE","seed_source_timestamp":850560223699262,"circlet_count":0,"master_deck":["Strike_B","Strike_B","Strike_B","Strike_B","Defend_B","Defend_B","Defend_B","Defend_B","Zap+1","Dualcast+1","Darkness+1","Cold Snap","Steam Power","Go for the Eyes","Sweeping Beam","Loop+1","Defragment","Defragment+1","Conserve Battery","Rainbow","Sweeping Beam","Defragment+1","Ball Lightning","Cold Snap+1","Sweeping Beam+1","Skim"],"relics":["Cracked Core","Gremlin Horn","Frozen Egg 2","Sozu","MutagenicStrength","MawBank","Turnip","Sundial"],"potions_floor_usage":[5],"damage_taken":[{"damage":2,"enemies":"Jaw Worm","floor":1,"turns":3},{"damage":1,"enemies":"Cultist","floor":3,"turns":4},{"damage":0,"enemies":"Small Slimes","floor":4,"turns":3},{"damage":9,"enemies":"Exordium Wildlife","floor":5,"turns":6},{"damage":7,"enemies":"Red Slaver","floor":7,"turns":3},{"damage":0,"enemies":"3 Louse","floor":10,"turns":2},{"damage":5,"enemies":"Looter","floor":12,"turns":3},{"damage":3,"enemies":"Exordium Thugs","floor":14,"turns":4},{"damage":32,"enemies":"Hexaghost","floor":16,"turns":7},{"damage":0,"enemies":"3 Byrds","floor":18,"turns":4},{"damage":23,"enemies":"Book of Stabbing","floor":23,"turns":4},{"damage":3,"enemies":"Chosen","floor":25,"turns":4},{"damage":52,"enemies":"Slavers","floor":28,"turns":3},{"damage":0,"enemies":"Shelled Parasite and Fungi","floor":29,"turns":1}],"seed_played":"-1075785874642260175","potions_obtained":[{"floor":1,"key":"Fire Potion"},{"floor":5,"key":"GamblersBrew"},{"floor":7,"key":"FocusPotion"},{"floor":14,"key":"Dexterity Potion"}],"is_trial":false,"path_per_floor":["M","?","M","M","M","R","M","R","T","M","R","M","$","M","R","B",null,"M","$","?","?","$","E","R","M","T","R","E","M"],"character_chosen":"DEFECT","items_purchased":["Frozen Egg 2","Defragment+1","Defragment+1","Ball Lightning"],"campfire_rested":2,"item_purchase_floors":[13,13,19,19],"current_hp_per_floor":[73,73,72,72,63,63,56,56,56,56,56,51,51,48,72,40,72,72,72,72,56,56,33,59,56,56,56,4,4],"gold":217,"neow_bonus":"TEN_PERCENT_HP_BONUS","is_prod":false,"is_daily":false,"chose_seed":false,"campfire_upgraded":4,"win_rate":0,"timestamp":1541882178,"path_taken":["M","?","M","M","M","R","M","R","T","M","R","M","$","?","R","BOSS","M","$","?","?","?","E","R","M","T","R","E","M"],"build_version":"2018-11-08","purchased_purges":0,"victory":false,"max_hp_per_floor":[82,82,82,82,82,82,82,82,82,82,82,82,82,82,82,82,82,82,82,82,87,87,87,87,87,87,87,87,87],"card_choices":[{"not_picked":["Undo","Steam"],"picked":"Darkness","floor":1},{"not_picked":["Loop","Gash"],"picked":"Cold Snap","floor":3},{"not_picked":["Chaos","Storm"],"picked":"Steam Power","floor":4},{"not_picked":["Streamline","Gash"],"picked":"Go for the Eyes","floor":5},{"not_picked":["Gash","Compile Driver"],"picked":"Sweeping Beam","floor":7},{"not_picked":["Double Energy","Sweeping Beam"],"picked":"Loop","floor":10},{"not_picked":["Compile Driver","Buffer"],"picked":"Defragment","floor":12},{"not_picked":["Coolheaded","Go for the Eyes"],"picked":"Conserve Battery","floor":14},{"not_picked":["Echo Form+1","Core Surge"],"picked":"Rainbow","floor":16},{"not_picked":["Barrage","Genetic Algorithm"],"picked":"Sweeping Beam","floor":18},{"not_picked":["Coolheaded","Thunder Strike"],"picked":"Cold Snap+1","floor":23},{"not_picked":["Coolheaded","Barrage"],"picked":"Sweeping Beam+1","floor":25},{"not_picked":["Aggregate","Hologram"],"picked":"Skim","floor":28}],"player_experience":981123,"relics_obtained":[{"floor":9,"key":"Gremlin Horn"},{"floor":23,"key":"MawBank"},{"floor":26,"key":"Turnip"},{"floor":28,"key":"Sundial"}],"event_choices":[{"damage_healed":0,"gold_gain":100,"player_choice":"Pray","damage_taken":0,"max_hp_gain":0,"max_hp_loss":0,"event_name":"Golden Shrine","floor":2,"gold_loss":0},{"damage_healed":0,"gold_gain":0,"player_choice":"Inject Mutagens","damage_taken":0,"relics_obtained":["MutagenicStrength"],"max_hp_gain":0,"max_hp_loss":0,"event_name":"Drug Dealer","floor":20,"gold_loss":0},{"damage_healed":0,"gold_gain":0,"player_choice":"Shed Blood","damage_taken":21,"max_hp_gain":5,"max_hp_loss":0,"event_name":"Forgotten Altar","floor":21,"gold_loss":0}],"is_beta":false,"boss_relics":[{"not_picked":["Fusion Hammer","FrozenCore"],"picked":"Sozu"}],"items_purged_floors":[],"is_endless":false,"potions_floor_spawned":[1,5,7,14,18,23,25],"killed_by":"Shelled Parasite and Fungi","ascension_level":8}