{"gold_per_floor":[109,123,73,73,148,148,175,175,175,210,135,135,135,147,147,246,246,266,266,286,561,336,362,381,381,430,529,541,541,552,400,400,502,502,516,531,138,158,171,171,182,228,228,228,228],"floor_reached":45,"playtime":2777,"items_purged":["Strike_B","Regret"],"score":811,"play_id":"5963b54f-9874-4b28-ae8b-fdaa61a72b65","local_time":"20190324101840","is_ascension_mode":true,"campfire_choices":[{"data":"Zap","floor":6.0,"key":"SMITH"},{"floor":8.0,"key":"REST"},{"floor":15.0,"key":"REST"},{"floor":29.0,"key":"REST"},{"floor":32.0,"key":"REST"},{"floor":40.0,"key":"REST"}],"neow_cost":"NONE","seed_source_timestamp":0,"circlet_count":0,"master_deck":["AscendersBane","Defend_B","Defend_B+1","Defend_B+1","Zap+1","Dualcast+1","Ball Lightning","Cold Snap","Compile Driver","Lockon","Streamline+1","Seek+1","Hologram+1","Necronomicurse","Gash+1","Compile Driver+1","Chaos","Hologram","Capacitor+1","Gash+1","Conserve Battery","Thunder Strike+1","Creative AI","Barrage+1","Sunder+1","Doom and Gloom+1","Conserve Battery","Redo+1","Beam Cell+1","FTL+1","Skim"],"special_seed":0,"relics":["Cracked Core","Regal Pillow","Pear","Cables","Question Card","Molten Egg 2","Nuclear Battery","Necronomicon","Potion Belt","MutagenicStrength","Orichalcum","Empty Cage","PreservedInsect","War Paint","Ginger","Singing Bowl"],"potions_floor_usage":[45,45],"damage_taken":[{"damage":1.0,"enemies":"Cultist","floor":1.0,"turns":3.0},{"damage":7.0,"enemies":"Jaw Worm","floor":2.0,"turns":3.0},{"damage":20.0,"enemies":"Gremlin Nob","floor":7.0,"turns":4.0},{"damage":26.0,"enemies":"Lagavulin","floor":10.0,"turns":4.0},{"damage":0.0,"enemies":"Small Slimes","floor":14.0,"turns":2.0},{"damage":0.0,"enemies":"Slime Boss","floor":16.0,"turns":6.0},{"damage":11.0,"enemies":"Shell Parasite","floor":18.0,"turns":4.0},{"damage":0.0,"enemies":"Chosen","floor":20.0,"turns":3.0},{"damage":35.0,"enemies":"Book of Stabbing","floor":23.0,"turns":4.0},{"damage":0.0,"enemies":"Snecko","floor":24.0,"turns":2.0},{"damage":2.0,"enemies":"Chosen and Byrds","floor":28.0,"turns":3.0},{"damage":11.0,"enemies":"Centurion and Healer","floor":30.0,"turns":3.0},{"damage":75.0,"enemies":"Automaton","floor":33.0,"turns":9.0},{"damage":0.0,"enemies":"Orb Walker","floor":35.0,"turns":2.0},{"damage":40.0,"enemies":"3 Darklings","floor":36.0,"turns":6.0},{"damage":17.0,"enemies":"Jaw Worm Horde","floor":38.0,"turns":3.0},{"damage":0.0,"enemies":"Transient","floor":39.0,"turns":5.0},{"damage":29.0,"enemies":"Maw","floor":41.0,"turns":5.0},{"damage":8.0,"enemies":"2 Orb Walkers","floor":42.0,"turns":3.0},{"damage":0,"enemies":"Spire Growth","floor":45,"turns":2}],"seed_played":"-5203238587359188045","potions_obtained":[{"floor":10.0,"key":"AttackPotion"},{"floor":14.0,"key":"SteroidPotion"},{"floor":24.0,"key":"Ancient Potion"},{"floor":33.0,"key":"SneckoOil"},{"floor":38.0,"key":"FearPotion"},{"floor":39.0,"key":"Ancient Potion"}],"is_trial":false,"path_per_floor":["M","M","?","?","?","R","E","R","T","E","$","?","?","M","R","B",null,"M","?","M","?","$","E","M","?","T","?","M","R","M","$","R","B",null,"M","M","$","M","M","R","M","?","T","?","M"],"character_chosen":"DEFECT","items_purchased":["Compile Driver+1","Chaos","Thunder Strike+1","PreservedInsect","War Paint","Doom and Gloom+1","Conserve Battery"],"campfire_rested":5,"item_purchase_floors":[22,22,31,37,37,37,37],"current_hp_per_floor":[67,60,60,53,42,42,32,72,72,46,46,46,21,21,61,61,79,68,52,52,52,52,17,17,17,17,17,15,55,44,44,84,9,66,66,26,26,9,9,49,20,12,12,12,12],"gold":228,"neow_bonus":"RANDOM_COMMON_RELIC","is_prod":false,"is_daily":false,"chose_seed":false,"campfire_upgraded":1,"win_rate":0,"timestamp":1553440720,"path_taken":["M","?","?","?","?","R","E","R","T","E","?","?","?","M","R","BOSS","M","?","M","?","$","E","?","?","T","?","M","R","M","$","R","BOSS","M","M","$","M","M","R","M","?","T","?","?"],"build_version":"2019-01-23","purchased_purges":2,"victory":false,"max_hp_per_floor":[75,75,75,75,75,75,85,85,85,85,85,85,85,85,85,85,85,85,85,85,85,85,85,85,85,85,85,85,85,85,85,85,85,85,85,85,85,85,85,85,85,85,85,85,85],"card_choices":[{"not_picked":["Stack","Compile Driver"],"picked":"Ball Lightning","floor":1.0},{"not_picked":["Coolheaded","Go for the Eyes"],"picked":"Cold Snap","floor":2.0},{"not_picked":["Beam Cell","Sweeping Beam"],"picked":"Compile Driver","floor":7.0},{"not_picked":["Multi-Cast","Turbo"],"picked":"Lockon","floor":10.0},{"not_picked":["Stack","Redo","Beam Cell+1"],"picked":"Streamline+1","floor":14.0},{"not_picked":["Meteor Strike+1","All For One+1","Reboot"],"picked":"Seek","floor":16.0},{"not_picked":["Self Repair+1","Genetic Algorithm+1","Defragment"],"picked":"Hologram+1","floor":18.0},{"not_picked":["Undo","Force Field+1","White Noise"],"picked":"Gash+1","floor":20.0},{"not_picked":["Machine Learning","Double Energy","Redo+1"],"picked":"Hologram","floor":23.0},{"not_picked":["Conserve Battery","Rip and Tear+1","Consume+1"],"picked":"Capacitor+1","floor":24.0},{"not_picked":["Glacier","Turbo","Compile Driver+1"],"picked":"Gash+1","floor":28.0},{"not_picked":["Force Field","Steam Power","Capacitor+1"],"picked":"Conserve Battery","floor":30.0},{"not_picked":["Reboot","Seek","Meteor Strike+1"],"picked":"Creative AI","floor":33.0},{"not_picked":["Genetic Algorithm+1","Redo","Double Energy"],"picked":"Barrage+1","floor":35.0},{"not_picked":["Leap+1","Gash+1","Rebound+1"],"picked":"Sunder+1","floor":36.0},{"not_picked":["Aggregate+1","Fusion","Go for the Eyes+1"],"picked":"Redo+1","floor":38.0},{"not_picked":["Auto Shields+1","Capacitor","Rebound+1"],"picked":"Beam Cell+1","floor":39.0},{"not_picked":["Hello World+1","Auto Shields","Go for the Eyes+1"],"picked":"FTL+1","floor":41.0},{"not_picked":["Hologram","Lockon+1","White Noise+1"],"picked":"Skim","floor":42.0}],"player_experience":1249449,"relics_obtained":[{"floor":7.0,"key":"Pear"},{"floor":9.0,"key":"Cables"},{"floor":10.0,"key":"Question Card"},{"floor":19.0,"key":"Necronomicon"},{"floor":23.0,"key":"Potion Belt"},{"floor":26.0,"key":"Orichalcum"},{"floor":42.0,"key":"Ginger"},{"floor":43.0,"key":"Singing Bowl"}],"event_choices":[{"cards_removed":["Strike_B"],"damage_healed":0.0,"max_hp_gain":0.0,"max_hp_loss":0.0,"gold_gain":0.0,"event_name":"The Cleric","player_choice":"Card Removal","floor":3.0,"gold_loss":50.0,"damage_taken":0.0},{"cards_removed":["Strike_B"],"damage_healed":0.0,"max_hp_gain":0.0,"max_hp_loss":0.0,"gold_gain":0.0,"event_name":"Golden Wing","player_choice":"Card Removal","floor":4.0,"gold_loss":0.0,"damage_taken":7.0},{"damage_healed":0.0,"max_hp_gain":0.0,"max_hp_loss":0.0,"gold_gain":75.0,"event_name":"World of Goop","player_choice":"Gather Gold","floor":5.0,"gold_loss":0.0,"damage_taken":11.0},{"damage_healed":0.0,"max_hp_gain":0.0,"max_hp_loss":0.0,"gold_gain":0.0,"event_name":"Living Wall","player_choice":"Grow","floor":12.0,"gold_loss":0.0,"damage_taken":0.0,"cards_upgraded":["Dualcast"]},{"damage_healed":0.0,"max_hp_gain":0.0,"max_hp_loss":0.0,"gold_gain":0.0,"event_name":"Scrap Ooze","player_choice":"Success","floor":13.0,"gold_loss":0.0,"damage_taken":25.0,"relics_obtained":["Molten Egg 2"]},{"damage_healed":0.0,"max_hp_gain":0.0,"max_hp_loss":0.0,"gold_gain":0.0,"event_name":"Cursed Tome","player_choice":"Obtained Book","floor":19.0,"gold_loss":0.0,"damage_taken":16.0},{"damage_healed":0.0,"max_hp_gain":0.0,"max_hp_loss":0.0,"gold_gain":275.0,"event_name":"Golden Shrine","player_choice":"Desecrate","floor":21.0,"gold_loss":0.0,"damage_taken":0.0,"cards_obtained":["Regret"]},{"damage_healed":0.0,"max_hp_gain":0.0,"max_hp_loss":0.0,"gold_gain":0.0,"event_name":"Drug Dealer","player_choice":"Inject Mutagens","floor":25.0,"gold_loss":0.0,"damage_taken":0.0,"relics_obtained":["MutagenicStrength"]},{"damage_healed":0.0,"max_hp_gain":0.0,"max_hp_loss":0.0,"gold_gain":99.0,"event_name":"Nest","player_choice":"Stole From Cult","floor":27.0,"gold_loss":0.0,"damage_taken":0.0},{"damage_healed":0.0,"max_hp_gain":0.0,"max_hp_loss":0.0,"gold_gain":0.0,"event_name":"Mysterious Sphere","player_choice":"Fight","floor":42.0,"gold_loss":0.0,"damage_taken":0.0},{"damage_healed":0.0,"max_hp_gain":0.0,"max_hp_loss":0.0,"gold_gain":0.0,"event_name":"Upgrade Shrine","player_choice":"Upgraded","floor":44.0,"gold_loss":0.0,"damage_taken":0.0,"cards_upgraded":["Seek"]}],"is_beta":false,"boss_relics":[{"not_picked":["Runic Pyramid","Ectoplasm"],"picked":"Nuclear Battery"},{"not_picked":["FrozenCore","Black Star"],"picked":"Empty Cage"}],"items_purged_floors":[11,22],"is_endless":false,"potions_floor_spawned":[10,14,24,33,38,39],"killed_by":"Spire Growth","ascension_level":11}