{"gold_per_floor":[112,187,199,214,389,389,400,400,424,424,449,132,152,117,117,216,216,226,226,325,164,177,206,221,233,258,258,268,268,296,314,314,314],"floor_reached":33,"playtime":1816,"items_purged":["Doubt"],"score":337,"play_id":"2e80ff51-51a1-4663-bf43-dcacd1b229db","local_time":"20190123111730","is_ascension_mode":false,"campfire_choices":[{"data":"Immolate","floor":6,"key":"SMITH"},{"data":"Uppercut","floor":10,"key":"SMITH"},{"data":"Immolate","floor":15,"key":"SMITH"},{"data":"Spot Weakness","floor":27,"key":"SMITH"},{"data":"Ghostly Armor","floor":29,"key":"SMITH"},{"floor":32,"key":"RECALL"}],"neow_cost":"NONE","seed_source_timestamp":1112043252748206,"circlet_count":0,"master_deck":["Strike_R+1","Strike_R+1","Strike_R+1","Strike_R+1","Defend_R+1","Defend_R+1","Defend_R+1","Defend_R+1","Bash+1","Immolate+1","Spot Weakness+1","Uppercut+1","Armaments","Iron Wave+1","Feed","Immolate+1","Dropkick","Feed","Clothesline+1","Ghostly Armor+1","Shockwave","Anger+1","Spot Weakness+1","True Grit+1","Thunderclap+1"],"relics":["Burning Blood","Happy Flower","Bronze Scales","Membership Card","Bag of Preparation","Runic Cube","Matryoshka","Strawberry","Whetstone","Bird Faced Urn"],"potions_floor_usage":[11,18,24,28],"damage_taken":[{"damage":6,"enemies":"2 Louse","floor":1,"turns":2},{"damage":3,"enemies":"Jaw Worm","floor":3,"turns":4},{"damage":9,"enemies":"Cultist","floor":4,"turns":4},{"damage":7,"enemies":"3 Louse","floor":7,"turns":2},{"damage":14,"enemies":"3 Sentries","floor":11,"turns":6},{"damage":5,"enemies":"Looter","floor":13,"turns":2},{"damage":40,"enemies":"Hexaghost","floor":16,"turns":7},{"damage":12,"enemies":"Shell Parasite","floor":18,"turns":2},{"damage":6,"enemies":"Chosen","floor":22,"turns":2},{"damage":23,"enemies":"Book of Stabbing","floor":23,"turns":5},{"damage":7,"enemies":"Snake Plant","floor":24,"turns":3},{"damage":3,"enemies":"3 Cultists","floor":25,"turns":4},{"damage":3,"enemies":"Centurion and Healer","floor":28,"turns":3},{"damage":16,"enemies":"Slavers","floor":30,"turns":3},{"damage":7,"enemies":"Shelled Parasite and Fungi","floor":31,"turns":5},{"damage":113,"enemies":"Champ","floor":33,"turns":8}],"seed_played":"-7849655879636456958","potions_obtained":[{"floor":1,"key":"EssenceOfSteel"},{"floor":3,"key":"Block Potion"},{"floor":11,"key":"AttackPotion"},{"floor":13,"key":"BloodPotion"},{"floor":18,"key":"GamblersBrew"},{"floor":23,"key":"SneckoOil"},{"floor":25,"key":"AttackPotion"},{"floor":28,"key":"Ancient Potion"}],"is_trial":false,"path_per_floor":["?","?","?","M","?","?","?"],"character_chosen":"IRONCLAD","items_purchased":["Membership Card","Bag of Preparation","Matryoshka","Ghostly Armor"],"campfire_rested":0,"item_purchase_floors":[12,12,21,21],"current_hp_per_floor":[80,69,72,69,69,69,68,68,68,68,63,63,67,86,86,55,89,83,83,83,83,86,76,75,84,84,84,90,90,83,82,82,0],"gold":314,"neow_bonus":"ONE_RANDOM_RARE_CARD","is_prod":false,"is_daily":false,"chose_seed":false,"campfire_upgraded":5,"win_rate":0,"timestamp":1548263850,"path_taken":["M","?","M","M","?","R","M","?","T","R","E","$","?","?","R","BOSS","M","?","?","$","M","E","M","M","T","R","M","R","E","M","R","BOSS"],"build_version":"2019-01-23","purchased_purges":1,"victory":false,"max_hp_per_floor":[80,80,80,80,80,80,80,80,80,80,83,83,86,86,86,89,89,89,89,89,89,92,99,99,105,105,105,108,108,111,111,111,111],"card_choices":[{"not_picked":["Metallicize","Blood for Blood"],"picked":"Spot Weakness","floor":1},{"not_picked":["Perfected Strike","Cleave"],"picked":"Uppercut","floor":3},{"not_picked":["Carnage","Sentinel"],"picked":"Armaments","floor":4},{"not_picked":["Havoc","Armaments"],"picked":"Iron Wave","floor":7},{"not_picked":["Anger","Burning Pact"],"picked":"Immolate","floor":11},{"not_picked":["Sword Boomerang","Havoc"],"picked":"Dropkick","floor":13},{"not_picked":["Brutality","Impervious"],"picked":"Feed","floor":16},{"not_picked":["Havoc","Warcry+1"],"picked":"Clothesline+1","floor":18},{"not_picked":["Clash","Heavy Blade+1"],"picked":"Shockwave","floor":22},{"not_picked":["Exhume","Anger","Entrench"],"picked":"SKIP","floor":23},{"not_picked":["Havoc","Cleave"],"picked":"Anger+1","floor":24},{"not_picked":["Reckless Charge","Pommel Strike"],"picked":"Spot Weakness+1","floor":25},{"not_picked":["Twin Strike","Clothesline+1"],"picked":"True Grit+1","floor":28},{"not_picked":["Havoc","Sentinel","Barricade"],"picked":"SKIP","floor":30},{"not_picked":["Whirlwind","Iron Wave"],"picked":"Thunderclap+1","floor":31}],"player_experience":1107748,"relics_obtained":[{"floor":9,"key":"Happy Flower"},{"floor":11,"key":"Bronze Scales"},{"floor":23,"key":"Strawberry"},{"floor":26,"key":"Whetstone"},{"floor":30,"key":"Bird Faced Urn"}],"event_choices":[{"damage_healed":0,"gold_gain":75,"player_choice":"Gather Gold","damage_taken":11,"max_hp_gain":0,"max_hp_loss":0,"event_name":"World of Goop","floor":2,"gold_loss":0},{"damage_healed":0,"gold_gain":175,"player_choice":"AGREE","damage_taken":0,"max_hp_gain":0,"max_hp_loss":0,"event_name":"Liars Game","floor":5,"gold_loss":0,"cards_obtained":["Doubt"]},{"damage_healed":0,"gold_gain":0,"cards_transformed":["Strike_R"],"player_choice":"Transformed","damage_taken":0,"max_hp_gain":0,"max_hp_loss":0,"event_name":"Transmorgrifier","floor":8,"gold_loss":0,"cards_obtained":["Feed"]},{"damage_healed":21,"gold_gain":0,"player_choice":"Healed","damage_taken":0,"max_hp_gain":0,"max_hp_loss":0,"event_name":"The Cleric","floor":14,"gold_loss":35},{"damage_healed":0,"gold_gain":0,"player_choice":"Simplicity","damage_taken":0,"max_hp_gain":0,"max_hp_loss":0,"event_name":"Back to Basics","floor":19,"gold_loss":0,"cards_upgraded":["Strike_R","Strike_R","Strike_R","Strike_R","Defend_R","Defend_R","Defend_R","Defend_R"]},{"damage_healed":0,"gold_gain":99,"player_choice":"Stole From Cult","damage_taken":0,"max_hp_gain":0,"max_hp_loss":0,"event_name":"Nest","floor":20,"gold_loss":0}],"is_beta":false,"boss_relics":[{"not_picked":["Black Blood","Astrolabe"],"picked":"Runic Cube"}],"items_purged_floors":[12],"is_endless":false,"potions_floor_spawned":[1,3,11,13,18,23,25,28],"killed_by":"Champ","ascension_level":0}