{"gold_per_floor":[115,215,229,241,241,241,252,284,284,312,312,312,312,323,323,423,423,442,31,31,48,59,59,74,74,74,74,3,36,36,50,50,50],"floor_reached":33,"playtime":2649,"items_purged":[],"score":460,"play_id":"81294367-b7ee-4e0c-8a3f-e3d3281111ad","local_time":"20181023083002","is_ascension_mode":true,"campfire_choices":[{"data":"Quick Slash","floor":6,"key":"SMITH"},{"floor":11,"key":"REST"},{"floor":13,"key":"REST"},{"data":"Predator","floor":15,"key":"SMITH"},{"data":"Flying Knee","floor":23,"key":"SMITH"},{"data":"Poisoned Stab","floor":25,"key":"SMITH"},{"data":"Dash","floor":27,"key":"SMITH"},{"data":"Dash","floor":32,"key":"SMITH"}],"neow_cost":"NONE","seed_source_timestamp":0,"circlet_count":0,"master_deck":["Defend_G","Defend_G+1","Defend_G","Defend_G","Defend_G","Survivor+1","Neutralize+1","Dagger Throw","Quick Slash+1","Predator+1","Blur+1","Leg Sweep+1","Backflip+1","Corpse Explosion+1","Dash+1","Master of Strategy+1","Dramatic Entrance","Poisoned Stab+1","Flying Knee+1","Poisoned Stab+1","Dash+1","Deflect+1","Bite","Bite","Bite","Bite","Bite","Bouncing Flask+1"],"special_seed":0,"relics":["Ring of the Snake","Oddly Smooth Stone","Toxic Egg 2","Blue Candle","Dead Branch","Pantograph","Sozu","Bronze Scales","Gremlin Horn","War Paint"],"potions_floor_usage":[7,14],"damage_taken":[{"damage":1,"enemies":"Small Slimes","floor":1,"turns":5},{"damage":1,"enemies":"Cultist","floor":3,"turns":5},{"damage":3,"enemies":"2 Louse","floor":4,"turns":4},{"damage":0,"enemies":"Looter","floor":7,"turns":3},{"damage":24,"enemies":"Gremlin Nob","floor":8,"turns":4},{"damage":27,"enemies":"Lagavulin","floor":10,"turns":6},{"damage":5,"enemies":"Lots of Slimes","floor":14,"turns":6},{"damage":13,"enemies":"The Guardian","floor":16,"turns":24},{"damage":11,"enemies":"Chosen","floor":18,"turns":5},{"damage":7,"enemies":"2 Thieves","floor":21,"turns":3},{"damage":5,"enemies":"Snake Plant","floor":22,"turns":4},{"damage":0,"enemies":"Cultist and Chosen","floor":24,"turns":3},{"damage":19,"enemies":"Gremlin Leader","floor":29,"turns":5},{"damage":0,"enemies":"Snecko","floor":31,"turns":3},{"damage":60,"enemies":"Champ","floor":33,"turns":10}],"seed_played":"-8801664619876675643","potions_obtained":[{"floor":4,"key":"EssenceOfSteel"},{"floor":8,"key":"LiquidBronze"}],"is_trial":false,"path_per_floor":["M","?","M","M","?","R","M","E","T","E","R","T","R","M","R","B",null,"M","$","?","M","M","R","M","R","T","R","$","E","?","M","R"],"character_chosen":"THE_SILENT","items_purchased":["Master of Strategy+1","Bronze Scales","Dramatic Entrance","Dash"],"campfire_rested":2,"item_purchase_floors":[19,19,19,28],"current_hp_per_floor":[62,62,61,58,58,58,58,34,34,7,28,28,49,44,44,56,67,56,56,56,49,44,44,44,44,44,44,44,25,25,29,29,0],"gold":50,"neow_bonus":"UPGRADE_CARD","is_prod":false,"is_daily":false,"chose_seed":false,"campfire_upgraded":6,"win_rate":0,"timestamp":1540301402,"path_taken":["M","?","M","M","?","R","M","E","T","E","R","?","R","M","R","BOSS","M","$","?","M","M","R","M","R","T","R","$","E","?","?","R","BOSS"],"build_version":"2018-10-18","purchased_purges":0,"victory":false,"max_hp_per_floor":[70,70,70,70,70,70,70,70,70,70,70,70,70,70,70,70,70,70,70,70,70,70,70,70,70,70,70,70,70,49,49,49,49],"card_choices":[{"not_picked":["Prepared","Dodge and Roll"],"picked":"Dagger Throw","floor":1},{"not_picked":["Dagger Throw","Dodge and Roll"],"picked":"Quick Slash","floor":3},{"not_picked":["Bane","Quick Slash"],"picked":"Bouncing Flask","floor":4},{"not_picked":["Crippling Poison","Blade Dance"],"picked":"Predator","floor":7},{"not_picked":["Expertise","Finisher"],"picked":"Blur","floor":8},{"not_picked":["Noxious Fumes","Backflip+1"],"picked":"Leg Sweep+1","floor":10},{"not_picked":["Choke","Masterful Stab"],"picked":"Backflip+1","floor":14},{"not_picked":["Malaise+1","Phantasmal Killer+1"],"picked":"Corpse Explosion+1","floor":16},{"not_picked":["Dodge and Roll+1","Predator"],"picked":"Dash","floor":18},{"not_picked":["PiercingWail+1","Leg Sweep+1"],"picked":"Poisoned Stab+1","floor":21},{"not_picked":["Deflect+1","Setup+1"],"picked":"Flying Knee","floor":22},{"not_picked":["Prepared+1","Noxious Fumes"],"picked":"Poisoned Stab","floor":24},{"not_picked":["PiercingWail+1","Dodge and Roll+1"],"picked":"Deflect+1","floor":29},{"not_picked":["Venomology+1","Prepared+1"],"picked":"Bouncing Flask+1","floor":31}],"player_experience":839659,"relics_obtained":[{"floor":8,"key":"Toxic Egg 2"},{"floor":9,"key":"Blue Candle"},{"floor":10,"key":"Dead Branch"},{"floor":12,"key":"Pantograph"},{"floor":26,"key":"Gremlin Horn"},{"floor":29,"key":"War Paint"}],"event_choices":[{"damage_healed":0,"gold_gain":100,"player_choice":"Pray","damage_taken":0,"max_hp_gain":0,"max_hp_loss":0,"event_name":"Golden Shrine","floor":2,"gold_loss":0},{"cards_removed":["Bouncing Flask"],"damage_healed":0,"gold_gain":0,"player_choice":"Gave Card","damage_taken":0,"relics_obtained":["Oddly Smooth Stone"],"max_hp_gain":0,"max_hp_loss":0,"event_name":"WeMeetAgain","floor":5,"gold_loss":0},{"damage_healed":0,"gold_gain":0,"player_choice":"Ignored","damage_taken":0,"max_hp_gain":0,"max_hp_loss":0,"event_name":"Beggar","floor":20,"gold_loss":0},{"damage_healed":0,"gold_gain":0,"player_choice":"Became a vampire","damage_taken":0,"max_hp_gain":0,"max_hp_loss":21,"event_name":"Vampires","floor":30,"gold_loss":0,"cards_obtained":["Bite","Bite","Bite","Bite","Bite"]}],"is_beta":false,"boss_relics":[{"not_picked":["Eternal Feather","Pandora\u0027s Box"],"picked":"Sozu"}],"items_purged_floors":[],"is_endless":false,"potions_floor_spawned":[4,8,22,24,31],"killed_by":"Champ","ascension_level":9}