{"gold_per_floor":[215,6,26,26,41,41,66,66,66,20,96,96,130,145,145,145],"floor_reached":16,"playtime":1063,"items_purged":[],"score":175,"play_id":"162050d1-314a-47e3-ab6f-4fc87a7f2ec0","local_time":"20181009120321","is_ascension_mode":true,"campfire_choices":[{"data":"Madness","floor":6,"key":"SMITH"},{"data":"Rage","floor":8,"key":"SMITH"},{"floor":12,"key":"REST"},{"floor":15,"key":"REST"}],"neow_cost":"NONE","seed_source_timestamp":2335623886975667,"circlet_count":0,"master_deck":["Strike_R","Strike_R","Strike_R","Strike_R","Strike_R","Defend_R","Defend_R","Defend_R","Defend_R","Bash","AscendersBane","Rage","Madness+1","Flex","Heavy Blade","Iron Wave","Flex","Rage+1","Headbutt","Body Slam","Headbutt","Shrug It Off"],"relics":["Burning Blood","Golden Idol","Darkstone Periapt","Singing Bowl","Girya"],"potions_floor_usage":[13],"damage_taken":[{"damage":6,"enemies":"2 Louse","floor":1,"turns":4},{"damage":15,"enemies":"Small Slimes","floor":3,"turns":4},{"damage":3,"enemies":"Jaw Worm","floor":5,"turns":4},{"damage":6,"enemies":"Exordium Wildlife","floor":7,"turns":5},{"damage":30,"enemies":"3 Sentries","floor":11,"turns":11},{"damage":21,"enemies":"3 Sentries","floor":13,"turns":10},{"damage":4,"enemies":"2 Fungi Beasts","floor":14,"turns":4},{"damage":0,"enemies":"Slime Boss","floor":16,"turns":2}],"seed_played":"7558230354056874286","potions_obtained":[{"floor":1,"key":"Fire Potion"},{"floor":5,"key":"Ancient Potion"},{"floor":14,"key":"Fire Potion"}],"is_trial":false,"path_per_floor":["M","$","M","?","M","R","M","R","T","$","?","R","E","M","R"],"character_chosen":"IRONCLAD","items_purchased":["Madness","Flex","Heavy Blade","Headbutt"],"campfire_rested":2,"item_purchase_floors":[2,2,2,10],"current_hp_per_floor":[68,68,59,33,36,36,36,36,36,36,12,34,19,21,43,43],"gold":145,"neow_bonus":"HUNDRED_GOLD","is_prod":false,"is_daily":false,"chose_seed":false,"campfire_upgraded":2,"win_rate":0,"timestamp":1539104601,"path_taken":["M","$","M","?","M","R","M","R","T","$","?","R","E","M","R","BOSS"],"build_version":"2018-10-04v2","purchased_purges":0,"victory":false,"max_hp_per_floor":[75,75,75,75,75,75,75,75,75,75,75,75,75,75,75,75],"card_choices":[{"not_picked":["Reckless Charge","Clothesline"],"picked":"Rage","floor":1},{"not_picked":["Clothesline","Inflame"],"picked":"Iron Wave","floor":3},{"not_picked":["Uppercut","Sword Boomerang"],"picked":"Flex","floor":5},{"not_picked":["Sword Boomerang","Body Slam"],"picked":"Rage","floor":7},{"not_picked":["Blood for Blood","Bludgeon"],"picked":"Body Slam","floor":11},{"not_picked":["True Grit","Iron Wave"],"picked":"Headbutt","floor":13},{"not_picked":["Body Slam","Sword Boomerang"],"picked":"Shrug It Off","floor":14}],"player_experience":733972,"relics_obtained":[{"floor":9,"key":"Darkstone Periapt"},{"floor":11,"key":"Singing Bowl"},{"floor":13,"key":"Girya"}],"event_choices":[{"event_name":"Golden Idol","player_choice":"Take Damage","floor":4,"damage_taken":0},{"event_name":"Dead Adventurer","player_choice":"Searched \u00271\u0027 times","floor":11,"damage_taken":0}],"is_beta":false,"boss_relics":[],"items_purged_floors":[],"is_endless":false,"potions_floor_spawned":[1,5,7,14],"killed_by":"Slime Boss","ascension_level":15}