{"gold_per_floor":[117,128,128,139,139,165,165,90,90,124,141,160,60,60,60,156,156,168,186,198,33,51,79,98,111,163,182,182,196,196,209,209,209],"floor_reached":33,"playtime":3171,"items_purged":["Pain","Regret"],"score":333,"play_id":"4160d286-95c1-48e3-af79-0b1ad62ab1fe","local_time":"20190630210838","is_ascension_mode":false,"campfire_choices":[{"data":"1","floor":7,"key":"LIFT"},{"data":"2","floor":15,"key":"LIFT"},{"data":"3","floor":28,"key":"LIFT"},{"floor":30,"key":"DIG"},{"floor":32,"key":"DIG"}],"neow_cost":"NONE","seed_source_timestamp":2005495822797750,"circlet_count":0,"master_deck":["Strike_R","Strike_R","Strike_R","Strike_R","Strike_R","Defend_R","Defend_R","Defend_R","Defend_R","Bash","Warcry","Perfected Strike+1","Pummel","Twin Strike","Exhume","Dual Wield","Battle Trance","Exhume","True Grit+1","Pommel Strike","Wild Strike","Mayhem","Metallicize+1","Pommel Strike+1","Thunderclap+1","Twin Strike+1","Sentinel+1","Sever Soul"],"relics":["Burning Blood","Girya","WarpedTongs","Shovel","Sundial","Charon\u0027s Ashes","Mark of Pain","Unceasing Top","Centennial Puzzle","Bottled Flame"],"potions_floor_usage":[6,16,20,22,22,23,33],"damage_taken":[{"damage":5,"enemies":"Small Slimes","floor":1,"turns":3},{"damage":6,"enemies":"Cultist","floor":2,"turns":3},{"damage":0,"enemies":"2 Louse","floor":4,"turns":2},{"damage":39,"enemies":"3 Sentries","floor":6,"turns":10},{"damage":6,"enemies":"Gremlin Nob","floor":10,"turns":3},{"damage":3,"enemies":"Gremlin Gang","floor":11,"turns":3},{"damage":5,"enemies":"Red Slaver","floor":12,"turns":3},{"damage":0,"enemies":"Slime Boss","floor":16,"turns":6},{"damage":5,"enemies":"3 Byrds","floor":18,"turns":5},{"damage":0,"enemies":"Spheric Guardian","floor":19,"turns":3},{"damage":7,"enemies":"3 Cultists","floor":20,"turns":5},{"damage":30,"enemies":"Sentry and Sphere","floor":22,"turns":4},{"damage":27,"enemies":"Gremlin Leader","floor":23,"turns":4},{"damage":2,"enemies":"Chosen and Byrds","floor":24,"turns":4},{"damage":18,"enemies":"Snake Plant","floor":25,"turns":4},{"damage":0,"enemies":"3 Cultists","floor":27,"turns":4},{"damage":7,"enemies":"Shelled Parasite and Fungi","floor":29,"turns":4},{"damage":0,"enemies":"Sentry and Sphere","floor":31,"turns":2},{"damage":55,"enemies":"Automaton","floor":33,"turns":6}],"seed_played":"-4217995002831716039","potions_obtained":[{"floor":4,"key":"EssenceOfSteel"},{"floor":10,"key":"AttackPotion"},{"floor":11,"key":"Block Potion"},{"floor":12,"key":"Regen Potion"},{"floor":18,"key":"Ancient Potion"},{"floor":20,"key":"Weak Potion"},{"floor":22,"key":"AttackPotion"},{"floor":31,"key":"FearPotion"}],"is_trial":false,"path_per_floor":["M","M","?","M","?","E","R","$","T","E","M","M","$","?","R","B",null,"M","M","M","$","M","E","M","M","T","M","R","M","R","M","R","B"],"character_chosen":"IRONCLAD","items_purchased":["Mayhem"],"campfire_rested":0,"item_purchase_floors":[21],"current_hp_per_floor":[88,88,88,88,88,55,55,55,55,55,58,59,59,59,59,65,88,88,88,87,87,68,47,51,39,39,45,45,44,44,50,50,0],"gold":209,"neow_bonus":"TEN_PERCENT_HP_BONUS","is_prod":false,"is_daily":false,"chose_seed":false,"campfire_upgraded":0,"win_rate":0,"timestamp":1561950518,"path_taken":["M","M","?","M","?","E","R","$","T","E","?","M","$","?","R","BOSS","M","M","?","?","M","E","M","M","T","M","R","M","R","M","R","BOSS"],"build_version":"2019-01-23","purchased_purges":2,"victory":false,"max_hp_per_floor":[88,88,88,88,88,88,88,88,88,88,88,88,88,88,88,88,88,88,88,88,88,88,88,88,88,88,88,88,88,88,88,88,88],"card_choices":[{"not_picked":["Heavy Blade","Iron Wave"],"picked":"Warcry","floor":1},{"not_picked":["Warcry","Shockwave"],"picked":"Perfected Strike","floor":2},{"not_picked":["Sword Boomerang","Flex"],"picked":"Pummel","floor":4},{"not_picked":["Armaments","Clash"],"picked":"Twin Strike","floor":6},{"not_picked":["Shrug It Off","Battle Trance"],"picked":"Exhume","floor":10},{"not_picked":["Thunderclap","Reckless Charge"],"picked":"Dual Wield","floor":11},{"not_picked":["Clothesline","Flex"],"picked":"Battle Trance","floor":12},{"not_picked":["Brutality","Impervious"],"picked":"Exhume","floor":16},{"not_picked":["Headbutt","Hemokinesis"],"picked":"True Grit+1","floor":18},{"not_picked":["Clothesline","Thunderclap+1"],"picked":"Pommel Strike","floor":19},{"not_picked":["Anger","Carnage"],"picked":"Wild Strike","floor":20},{"not_picked":["Rampage","Searing Blow"],"picked":"Metallicize+1","floor":22},{"not_picked":["Flex+1","Bloodletting+1"],"picked":"Pommel Strike+1","floor":23},{"not_picked":["Heavy Blade","Rampage","Iron Wave"],"picked":"SKIP","floor":24},{"not_picked":["Flex","Berserk"],"picked":"Thunderclap+1","floor":25},{"not_picked":["Corruption","Clothesline"],"picked":"Twin Strike+1","floor":27},{"not_picked":["Flex","Heavy Blade"],"picked":"Sentinel+1","floor":29},{"not_picked":["Clothesline","Dropkick+1"],"picked":"Sever Soul","floor":31}],"player_experience":59121,"relics_obtained":[{"floor":6,"key":"Shovel"},{"floor":9,"key":"Sundial"},{"floor":10,"key":"Charon\u0027s Ashes"},{"floor":23,"key":"Unceasing Top"},{"floor":26,"key":"Centennial Puzzle"},{"floor":30,"key":"Bottled Flame"}],"event_choices":[{"damage_healed":0,"gold_gain":0,"player_choice":"Box","damage_taken":0,"relics_obtained":["Girya"],"max_hp_gain":0,"max_hp_loss":0,"event_name":"Big Fish","floor":3,"gold_loss":0,"cards_obtained":["Regret"]},{"damage_healed":0,"gold_gain":0,"player_choice":"Rummage","damage_taken":0,"relics_obtained":["WarpedTongs"],"max_hp_gain":0,"max_hp_loss":0,"event_name":"Accursed Blacksmith","floor":5,"gold_loss":0,"cards_obtained":["Pain"]},{"damage_healed":0,"gold_gain":0,"player_choice":"Upgraded","damage_taken":0,"max_hp_gain":0,"max_hp_loss":0,"event_name":"Upgrade Shrine","floor":14,"gold_loss":0,"cards_upgraded":["Perfected Strike"]}],"is_beta":false,"boss_relics":[{"not_picked":["Runic Dome","Tiny House"],"picked":"Mark of Pain"}],"items_purged_floors":[8,13],"is_endless":false,"potions_floor_spawned":[4,10,11,12,18,20,22,31],"killed_by":"Automaton","ascension_level":0}