{"gold_per_floor":[119,139,152,164,179,179,209,209,285,313,313,344,356,376,376,474,474,474,474,474,474,474,474,273,273,273,273,273,32,32,32,32,32,32,32,32,32,32,32,32,32,32,32,32,32,32,32,32,32,32],"floor_reached":51,"playtime":4650,"items_purged":[],"score":1200,"play_id":"58471785-cdf8-4aa0-82e6-fd2a7f66ef2d","local_time":"20180929124541","is_ascension_mode":true,"campfire_choices":[{"data":"Body Slam","floor":6.0,"key":"SMITH"},{"floor":8.0,"key":"REST"},{"floor":11.0,"key":"REST"},{"floor":15.0,"key":"REST"},{"floor":32,"key":"REST"},{"floor":41,"key":"REST"},{"floor":45,"key":"DIG"},{"floor":47,"key":"DIG"},{"floor":49,"key":"DIG"}],"neow_cost":"NONE","seed_source_timestamp":0,"circlet_count":0,"master_deck":["Strike_R","Strike_R","Strike_R","Defend_R","Defend_R","Defend_R","Defend_R","Bash","AscendersBane","Dropkick","Shrug It Off","Body Slam+1","Pommel Strike","Demon Form","Thunderclap","Double Tap","Thunderclap","Iron Wave+1","Immolate","Perfected Strike","Perfected Strike","Headbutt","Perfected Strike","Pommel Strike","Shrug It Off","Cleave+1","Body Slam+1","Rampage+1","Impervious","Perfected Strike+1","Shrug It Off+1","Swift Strike","Inflame+1","Headbutt","Heavy Blade+1","Writhe","Battle Trance+1"],"special_seed":0,"relics":["Burning Blood","Letter Opener","Meat on the Bone","Charon\u0027s Ashes","Red Skull","Ectoplasm","MutagenicStrength","Red Mask","Shovel","Orichalcum","Ancient Tea Set","Bottled Tornado","Shuriken","Snecko Eye","Centennial Puzzle","Whetstone","MawBank","Paper Frog","Dodecahedron","Dead Branch"],"potions_floor_usage":[23,35,40,50],"damage_taken":[{"damage":4.0,"enemies":"Small Slimes","floor":1.0,"turns":5.0},{"damage":4.0,"enemies":"Jaw Worm","floor":2.0,"turns":3.0},{"damage":3.0,"enemies":"2 Louse","floor":3.0,"turns":4.0},{"damage":11.0,"enemies":"2 Fungi Beasts","floor":4.0,"turns":5.0},{"damage":13.0,"enemies":"Blue Slaver","floor":5.0,"turns":4.0},{"damage":36.0,"enemies":"Lagavulin","floor":7.0,"turns":8.0},{"damage":35.0,"enemies":"3 Sentries","floor":10.0,"turns":9.0},{"damage":29.0,"enemies":"Gremlin Nob","floor":12.0,"turns":4.0},{"damage":20.0,"enemies":"Gremlin Gang","floor":13.0,"turns":4.0},{"damage":12.0,"enemies":"2 Fungi Beasts","floor":14.0,"turns":3.0},{"damage":21.0,"enemies":"The Guardian","floor":16.0,"turns":8.0},{"damage":32.0,"enemies":"Shell Parasite","floor":18.0,"turns":5.0},{"damage":11.0,"enemies":"Spheric Guardian","floor":19.0,"turns":3.0},{"damage":30.0,"enemies":"Masked Bandits","floor":21.0,"turns":4.0},{"damage":0.0,"enemies":"Centurion and Healer","floor":22.0,"turns":1.0},{"damage":23,"enemies":"Book of Stabbing","floor":23,"turns":3},{"damage":7,"enemies":"Gremlin Leader","floor":25,"turns":4},{"damage":3,"enemies":"Cultist and Chosen","floor":27,"turns":3},{"damage":17,"enemies":"Shelled Parasite and Fungi","floor":31,"turns":3},{"damage":57,"enemies":"Champ","floor":33,"turns":7},{"damage":12,"enemies":"3 Shapes","floor":35,"turns":5},{"damage":16,"enemies":"3 Darklings","floor":36,"turns":4},{"damage":13,"enemies":"Transient","floor":38,"turns":5},{"damage":51,"enemies":"Nemesis","floor":40,"turns":5},{"damage":0,"enemies":"Reptomancer","floor":42,"turns":3},{"damage":17,"enemies":"2 Orb Walkers","floor":44,"turns":3},{"damage":0,"enemies":"Maw","floor":48,"turns":4},{"damage":18,"enemies":"Donu and Deca","floor":50,"turns":4}],"seed_played":"2272830815538952675","potions_obtained":[{"floor":2.0,"key":"GamblersBrew"},{"floor":3.0,"key":"SteroidPotion"},{"floor":5.0,"key":"Explosive Potion"},{"floor":14.0,"key":"Block Potion"},{"floor":16.0,"key":"SteroidPotion"},{"floor":33,"key":"Regen Potion"},{"floor":35,"key":"EssenceOfSteel"},{"floor":38,"key":"Block Potion"},{"floor":48,"key":"Poison Potion"}],"is_trial":false,"path_per_floor":["M","M","M","M","M","R","E","R","T","E","R","E","M","M","R","B",null,"M","M","?","?","M","E","$","E","T","M","?","$","$","M","R","B",null,"M","M","?","M","?","E","R","M","T","E","R","?","R","M","R","B"],"character_chosen":"IRONCLAD","items_purchased":["Orichalcum","Pommel Strike","Shuriken"],"campfire_rested":5,"item_purchase_floors":[24,24,29],"current_hp_per_floor":[74,76,79,74,67,67,37,61,61,44,68,57,55,49,73,58,75,49,56,56,44,50,45,45,56,56,59,59,59,59,48,72,33,68,76,66,66,59,59,26,50,56,56,57,57,77,77,80,80,68],"gold":32,"neow_bonus":"REMOVE_CARD","is_prod":false,"is_daily":false,"chose_seed":false,"campfire_upgraded":1,"win_rate":0,"timestamp":1538243141,"path_taken":["M","M","M","M","M","R","E","R","T","E","R","E","M","M","R","BOSS","M","M","?","?","?","E","$","E","T","M","?","?","$","?","R","BOSS","M","M","?","M","?","E","R","?","T","E","R","?","R","M","R","BOSS"],"build_version":"2018-09-27","purchased_purges":0,"victory":true,"max_hp_per_floor":[80,80,80,80,80,80,80,80,80,80,80,80,80,80,80,80,80,80,80,80,80,80,80,80,80,80,80,80,80,80,80,80,80,80,80,80,80,80,80,80,80,80,80,80,80,80,80,80,80,80],"card_choices":[{"not_picked":["Pommel Strike","Cleave"],"picked":"Dropkick","floor":1.0},{"not_picked":["Ghostly Armor","Twin Strike"],"picked":"Shrug It Off","floor":2.0},{"not_picked":["Twin Strike","Warcry"],"picked":"Body Slam","floor":3.0},{"not_picked":["Warcry","Sword Boomerang","Havoc"],"picked":"SKIP","floor":4.0},{"not_picked":["Sever Soul","Cleave"],"picked":"Pommel Strike","floor":5.0},{"not_picked":["Sentinel","Heavy Blade"],"picked":"Demon Form","floor":7.0},{"not_picked":["Warcry","Disarm"],"picked":"Thunderclap","floor":10.0},{"not_picked":["Havoc","Twin Strike"],"picked":"Double Tap","floor":12.0},{"not_picked":["Flame Barrier","Sword Boomerang"],"picked":"Thunderclap","floor":13.0},{"not_picked":["Feel No Pain","Disarm"],"picked":"Iron Wave","floor":14.0},{"not_picked":["Feed","Berserk"],"picked":"Immolate","floor":16.0},{"not_picked":["Hemokinesis","Whirlwind"],"picked":"Perfected Strike","floor":18.0},{"not_picked":["Shockwave","Body Slam"],"picked":"Perfected Strike","floor":19.0},{"not_picked":["Anger","Whirlwind"],"picked":"Headbutt","floor":21.0},{"not_picked":["Disarm+1","Dual Wield","Anger"],"picked":"SKIP","floor":22.0},{"not_picked":["Brutality","Clothesline"],"picked":"Perfected Strike","floor":23},{"not_picked":["Hemokinesis","Body Slam"],"picked":"Shrug It Off","floor":25},{"not_picked":["Body Slam","Shrug It Off"],"picked":"Cleave","floor":27},{"not_picked":["Armaments","Cleave"],"picked":"Rampage+1","floor":31},{"not_picked":["Feed","Exhume"],"picked":"Impervious","floor":33},{"not_picked":["Wild Strike+1","Clash+1"],"picked":"Perfected Strike+1","floor":35},{"not_picked":["Entrench","Thunderclap"],"picked":"Shrug It Off+1","floor":36},{"not_picked":["Pummel","Reckless Charge","Warcry"],"picked":"SKIP","floor":38},{"not_picked":["Panache","Panacea"],"picked":"Swift Strike","floor":39},{"not_picked":["Reckless Charge","Flex"],"picked":"Inflame+1","floor":40},{"not_picked":["Iron Wave","Infernal Blade"],"picked":"Headbutt","floor":42},{"not_picked":["Sword Boomerang","Clash"],"picked":"Heavy Blade+1","floor":44},{"not_picked":["Rupture","Reckless Charge"],"picked":"Battle Trance+1","floor":48}],"player_experience":667500,"relics_obtained":[{"floor":7.0,"key":"Letter Opener"},{"floor":9.0,"key":"Meat on the Bone"},{"floor":10.0,"key":"Charon\u0027s Ashes"},{"floor":12.0,"key":"Red Skull"},{"floor":21.0,"key":"Red Mask"},{"floor":23,"key":"Shovel"},{"floor":25,"key":"Ancient Tea Set"},{"floor":26,"key":"Bottled Tornado"},{"floor":40,"key":"Centennial Puzzle"},{"floor":43,"key":"Whetstone"},{"floor":44,"key":"MawBank"},{"floor":45,"key":"Paper Frog"},{"floor":47,"key":"Dodecahedron"},{"floor":49,"key":"Dead Branch"}],"event_choices":[{"event_name":"Drug Dealer","player_choice":"Inject Mutagens","floor":20.0,"damage_taken":0.0},{"event_name":"Masked Bandits","player_choice":"Fought Bandits","floor":21.0,"damage_taken":0.0},{"event_name":"Duplicator","player_choice":"One dupe","floor":28,"damage_taken":0},{"event_name":"Bonfire Elementals","player_choice":"BASIC","floor":37,"damage_taken":0},{"event_name":"SensoryStone","player_choice":"Memory 1","floor":39,"damage_taken":0},{"event_name":"Winding Halls","player_choice":"Writhe","floor":46,"damage_taken":0}],"is_beta":false,"boss_relics":[{"not_picked":["Coffee Dripper","Philosopher\u0027s Stone"],"picked":"Ectoplasm"},{"not_picked":["Runic Pyramid","Runic Dome"],"picked":"Snecko Eye"}],"items_purged_floors":[],"is_endless":false,"potions_floor_spawned":[2,3,5,14,16,22,33,35,36,38,48],"ascension_level":12}