{"gold_per_floor":[11,26,46,46,221,254,254,279,325,325,337,337,350,450,450,553,553,563,579,579,460,470,470,295,295,295,321,332,348,160,160,160,261,261,271,291,291,6,26,26,46,46,46,65,80,98,118,137,137,137],"floor_reached":51,"playtime":3560,"items_purged":["Doubt"],"score":866,"play_id":"1b1aa471-2145-48e8-a34a-3d3f32e5206c","local_time":"20180908235055","is_ascension_mode":true,"campfire_choices":[{"data":"Bludgeon","floor":7.0,"key":"SMITH"},{"data":"Thunderclap","floor":10.0,"key":"SMITH"},{"data":"Bash","floor":12.0,"key":"SMITH"},{"data":"Shockwave","floor":15.0,"key":"SMITH"},{"data":"Flash of Steel","floor":23.0,"key":"SMITH"},{"data":"Bandage Up","floor":25.0,"key":"SMITH"},{"data":"Violence","floor":32.0,"key":"SMITH"},{"floor":40.0,"key":"REST"},{"floor":42,"key":"REST"},{"floor":49,"key":"REST"}],"neow_cost":"NO_GOLD","seed_source_timestamp":0,"circlet_count":0,"master_deck":["Strike_R","Strike_R","Strike_R","Strike_R","Defend_R","Defend_R","Defend_R","Defend_R","Bash+1","Bludgeon+1","Thunderclap+1","Spot Weakness","Cleave","Shockwave+1","Spot Weakness","Clash","Feed","Clash+1","Metallicize+1","Flash of Steel+1","Shrug It Off","Shrug It Off+1","Carnage","Bandage Up+1","Metallicize","Thunderclap","Carnage+1","Violence+1","Pommel Strike","Demon Form","Spot Weakness+1","Anger+1","Madness","Madness","Master of Strategy","Iron Wave+1","Battle Trance+1","Cleave+1","Flex+1","Anger+1","Havoc+1","Iron Wave"],"special_seed":0,"relics":["Burning Blood","Meat on the Bone","Red Skull","Vajra","Sozu","Anchor","Pantograph","Self Forming Clay","Fusion Hammer","Toxic Egg 2"],"potions_floor_usage":[],"damage_taken":[{"damage":0.0,"enemies":"Cultist","floor":1.0,"turns":2.0},{"damage":6.0,"enemies":"2 Louse","floor":2.0,"turns":3.0},{"damage":7.0,"enemies":"Jaw Worm","floor":3.0,"turns":3.0},{"damage":8.0,"enemies":"Gremlin Nob","floor":6.0,"turns":3.0},{"damage":30.0,"enemies":"Lagavulin","floor":8.0,"turns":5.0},{"damage":11.0,"enemies":"Exordium Wildlife","floor":11.0,"turns":4.0},{"damage":15.0,"enemies":"Exordium Thugs","floor":13.0,"turns":3.0},{"damage":13.0,"enemies":"Slime Boss","floor":16.0,"turns":8.0},{"damage":0.0,"enemies":"3 Byrds","floor":18.0,"turns":4.0},{"damage":14.0,"enemies":"2 Thieves","floor":19.0,"turns":4.0},{"damage":18.0,"enemies":"3 Cultists","floor":22.0,"turns":4.0},{"damage":21.0,"enemies":"Gremlin Leader","floor":27.0,"turns":3.0},{"damage":22.0,"enemies":"Centurion and Healer","floor":28.0,"turns":5.0},{"damage":2.0,"enemies":"Cultist and Chosen","floor":29.0,"turns":4.0},{"damage":83.0,"enemies":"Collector","floor":33.0,"turns":9.0},{"damage":2.0,"enemies":"Orb Walker","floor":35.0,"turns":2.0},{"damage":19.0,"enemies":"3 Darklings","floor":36.0,"turns":5.0},{"damage":29.0,"enemies":"Maw","floor":39.0,"turns":6.0},{"damage":35,"enemies":"Reptomancer","floor":41,"turns":4},{"damage":20,"enemies":"4 Shapes","floor":44,"turns":4},{"damage":39,"enemies":"Transient","floor":45,"turns":5},{"damage":12,"enemies":"3 Darklings","floor":46,"turns":3},{"damage":30,"enemies":"Spire Growth","floor":47,"turns":3},{"damage":6,"enemies":"4 Shapes","floor":48,"turns":3},{"damage":91,"enemies":"Time Eater","floor":50,"turns":7}],"seed_played":"7428863905186180998","potions_obtained":[{"floor":2.0,"key":"Explosive Potion"},{"floor":3.0,"key":"Explosive Potion"},{"floor":6.0,"key":"FearPotion"},{"floor":11.0,"key":"EssenceOfSteel"}],"is_trial":false,"path_per_floor":["M","M","M","?","?","E","R","E","T","R","M","R","M","?","R","B",null,"M","M","?","$","M","R","$","R","T","E","M","M","$","?","R","B",null,"M","M","?","$","M","R","M","R","T","M","M","M","M","M","R","B"],"character_chosen":"IRONCLAD","items_purchased":["Flash of Steel","Shrug It Off","Carnage","Bandage Up","Violence","Master of Strategy"],"campfire_rested":3,"item_purchase_floors":[21,21,24,24,30,38],"current_hp_per_floor":[80,80,79,72,72,70,70,58,58,58,53,53,56,56,56,49,72,81,76,76,76,67,67,67,67,67,55,60,64,64,64,64,30,79,83,76,64,64,59,87,64,92,92,87,60,57,45,66,97,37],"gold":137,"neow_bonus":"THREE_RARE_CARDS","is_prod":false,"is_daily":false,"chose_seed":false,"campfire_upgraded":7,"win_rate":0,"timestamp":1536468655,"path_taken":["M","M","M","?","?","E","R","E","T","R","M","R","?","?","R","BOSS","M","M","?","$","M","R","$","R","T","E","M","?","?","?","R","BOSS","M","?","?","?","M","R","?","R","T","M","M","?","M","M","R","BOSS"],"build_version":"2018-09-06","purchased_purges":1,"victory":true,"max_hp_per_floor":[80,80,80,80,80,80,80,80,80,80,80,80,80,80,80,80,80,83,86,86,86,89,89,89,89,89,92,95,95,95,95,95,95,95,95,95,95,95,95,95,95,95,95,98,98,101,101,104,104,104],"card_choices":[{"not_picked":["Brutality","Double Tap"],"picked":"Bludgeon","floor":0.0},{"not_picked":["Pummel","Bloodletting"],"picked":"Thunderclap","floor":1.0},{"not_picked":["Dropkick","Body Slam"],"picked":"Spot Weakness","floor":2.0},{"not_picked":["Rage","True Grit","Bloodletting"],"picked":"SKIP","floor":3.0},{"not_picked":["Warcry","True Grit"],"picked":"Cleave","floor":6.0},{"not_picked":["Rampage","Barricade"],"picked":"Shockwave","floor":8.0},{"not_picked":["Evolve","Perfected Strike"],"picked":"Spot Weakness","floor":11.0},{"not_picked":["Disarm","Intimidate"],"picked":"Clash","floor":13.0},{"not_picked":["Impervious","Limit Break"],"picked":"Feed","floor":16.0},{"not_picked":["Perfected Strike+1","Clothesline"],"picked":"Clash+1","floor":18.0},{"not_picked":["Body Slam","True Grit"],"picked":"Metallicize+1","floor":19.0},{"not_picked":["Flex","Entrench"],"picked":"Shrug It Off+1","floor":22.0},{"not_picked":["True Grit","Bludgeon"],"picked":"Metallicize","floor":27.0},{"not_picked":["Pommel Strike","Wild Strike+1"],"picked":"Thunderclap","floor":28.0},{"not_picked":["Sever Soul","Cleave"],"picked":"Carnage+1","floor":29.0},{"not_picked":["Offering","Barricade"],"picked":"Demon Form","floor":33.0},{"not_picked":["Shrug It Off+1","Blood for Blood"],"picked":"Spot Weakness+1","floor":35.0},{"not_picked":["Warcry","Bloodletting+1"],"picked":"Anger+1","floor":36.0},{"not_picked":["Bloodletting","Anger+1"],"picked":"Iron Wave+1","floor":39.0},{"not_picked":["True Grit","Wild Strike+1"],"picked":"Battle Trance+1","floor":41},{"not_picked":["Sword Boomerang+1","Headbutt"],"picked":"Cleave+1","floor":44},{"not_picked":["Intimidate+1","Exhume+1"],"picked":"Flex+1","floor":45},{"not_picked":["Wild Strike+1","Flex+1"],"picked":"Anger+1","floor":46},{"not_picked":["Carnage","Fire Breathing+1"],"picked":"Havoc+1","floor":47},{"not_picked":["Warcry+1","Twin Strike"],"picked":"Iron Wave","floor":48}],"player_experience":570970,"relics_obtained":[{"floor":6.0,"key":"Meat on the Bone"},{"floor":8.0,"key":"Red Skull"},{"floor":9.0,"key":"Vajra"},{"floor":26.0,"key":"Pantograph"},{"floor":27.0,"key":"Self Forming Clay"},{"floor":43,"key":"Toxic Egg 2"}],"event_choices":[{"event_name":"Golden Wing","player_choice":"Card Removal","floor":4.0,"damage_taken":0.0},{"event_name":"Liars Game","player_choice":"agreed","floor":5.0,"damage_taken":0.0},{"event_name":"Golden Shrine","player_choice":"Pray","floor":14.0,"damage_taken":0.0},{"event_name":"The Mausoleum","player_choice":"Yes","floor":20.0,"damage_taken":0.0},{"event_name":"The Library","player_choice":"Read","floor":31.0,"damage_taken":0.0},{"event_name":"Winding Halls","player_choice":"Embrace Madness","floor":37.0,"damage_taken":0.0}],"is_beta":false,"boss_relics":[{"not_picked":["Cursed Key","Runic Cube"],"picked":"Sozu"},{"not_picked":["Black Star","Astrolabe"],"picked":"Fusion Hammer"}],"items_purged_floors":[38],"is_endless":false,"potions_floor_spawned":[2,3,6,11,22,27,33,36,39,44,45],"ascension_level":5}