{"gold_per_floor":[118,137,412,39,51,51,78,78,78,78,139,139,200,214,214,319,319,334,384,9,59,121,151,6,39,39,39,59,76,76],"floor_reached":30,"playtime":2216,"items_purged":["Regret"],"score":373,"play_id":"b962ab01-67c0-4610-ac31-9cb77659b49b","local_time":"20190703172222","is_ascension_mode":true,"campfire_choices":[{"data":"Crippling Poison","floor":6,"key":"SMITH"},{"floor":8,"key":"REST"},{"data":"Backstab","floor":10,"key":"SMITH"},{"floor":15,"key":"REST"},{"floor":27,"key":"REST"}],"neow_cost":"NONE","seed_source_timestamp":1573650597217000,"circlet_count":0,"master_deck":["Strike_G","Strike_G","Strike_G","Strike_G","Strike_G","Defend_G","Defend_G","Defend_G","Defend_G+1","Defend_G","Survivor+1","Neutralize","PiercingWail","Dagger Throw","Crippling Poison+1","Footwork","Backstab+1","Noxious Fumes","Night Terror","Prepared+1","Noxious Fumes","Bouncing Flask","Shame","Bane"],"relics":["Ring of the Snake","NeowsBlessing","The Specimen","Singing Bowl","Bag of Marbles","Tiny Chest","SsserpentHead","Lizard Tail","Lee\u0027s Waffle","Bag of Preparation","Pocketwatch","Regal Pillow","War Paint"],"potions_floor_usage":[7,14,16,23,28,29],"damage_taken":[{"damage":0,"enemies":"Small Slimes","floor":1,"turns":1},{"damage":0,"enemies":"Cultist","floor":2,"turns":1},{"damage":0,"enemies":"Jaw Worm","floor":5,"turns":1},{"damage":24,"enemies":"Gremlin Nob","floor":7,"turns":5},{"damage":42,"enemies":"Lagavulin","floor":11,"turns":7},{"damage":21,"enemies":"Large Slime","floor":13,"turns":4},{"damage":3,"enemies":"Exordium Wildlife","floor":14,"turns":3},{"damage":3,"enemies":"The Guardian","floor":16,"turns":13},{"damage":4,"enemies":"3 Byrds","floor":18,"turns":3},{"damage":0,"enemies":"Chosen","floor":22,"turns":6},{"damage":67,"enemies":"Gremlin Leader","floor":23,"turns":6},{"damage":54,"enemies":"Book of Stabbing","floor":25,"turns":6},{"damage":19,"enemies":"Sentry and Sphere","floor":28,"turns":5},{"damage":32,"enemies":"Snake Plant","floor":29,"turns":5},{"damage":57,"enemies":"Slavers","floor":30,"turns":4}],"seed_played":"-214069321522024682","potions_obtained":[{"floor":2,"key":"LiquidBronze"},{"floor":11,"key":"Ancient Potion"},{"floor":13,"key":"Fruit Juice"},{"floor":14,"key":"EssenceOfSteel"},{"floor":16,"key":"GamblersBrew"},{"floor":25,"key":"SteroidPotion"},{"floor":28,"key":"Regen Potion"},{"floor":29,"key":"FairyPotion"}],"is_trial":false,"path_per_floor":["M","M","?","$","M","R","E","R","T","R","E","?","M","M","R","B",null,"M","?","$","?","M","E","$","E","T","R","M","M","E"],"character_chosen":"THE_SILENT","items_purchased":["The Specimen","Crippling Poison","Lee\u0027s Waffle","Noxious Fumes","Bouncing Flask","Regal Pillow"],"campfire_rested":3,"item_purchase_floors":[4,4,20,20,20,24],"current_hp_per_floor":[70,70,70,70,70,70,46,67,67,67,27,27,6,10,33,30,67,63,48,91,91,93,28,28,23,23,67,50,33,0],"gold":76,"neow_bonus":"THREE_ENEMY_KILL","is_prod":false,"is_daily":false,"chose_seed":false,"campfire_upgraded":2,"win_rate":0,"timestamp":1562199742,"path_taken":["M","M","?","?","M","R","E","R","T","R","E","?","?","M","R","BOSS","M","?","$","?","?","E","$","E","T","R","M","M","E"],"build_version":"2019-07-01","purchased_purges":1,"victory":false,"max_hp_per_floor":[70,70,70,70,70,70,70,70,70,70,72,72,72,79,79,79,79,79,84,91,91,93,95,95,97,97,97,99,99,99],"card_choices":[{"not_picked":["Bane","Eviscerate"],"picked":"PiercingWail","floor":1},{"not_picked":["Blade Dance","Dodge and Roll"],"picked":"Dagger Throw","floor":2},{"not_picked":["Quick Slash","Caltrops"],"picked":"Footwork","floor":5},{"not_picked":["Die Die Die","Backflip"],"picked":"Backstab","floor":7},{"not_picked":["Eviscerate","Distraction","Sucker Punch"],"picked":"Singing Bowl","floor":11},{"not_picked":["Concentrate","Slice"],"picked":"Noxious Fumes","floor":13},{"not_picked":["Outmaneuver","Dagger Throw","Blade Dance"],"picked":"Singing Bowl","floor":14},{"not_picked":["A Thousand Cuts","Venomology"],"picked":"Night Terror","floor":16},{"not_picked":["Underhanded Strike","Sucker Punch"],"picked":"Prepared+1","floor":18},{"not_picked":["Caltrops","Dagger Spray","Cloak And Dagger"],"picked":"Singing Bowl","floor":22},{"not_picked":["Reflex","Flying Knee","Well Laid Plans+1"],"picked":"Singing Bowl","floor":23},{"not_picked":["Terror","Choke","Blade Dance+1"],"picked":"Singing Bowl","floor":25},{"not_picked":["Setup","Dagger Throw","Blur"],"picked":"Singing Bowl","floor":28},{"not_picked":["Dodge and Roll","Acrobatics+1"],"picked":"Bane","floor":29}],"player_experience":605463,"relics_obtained":[{"floor":7,"key":"Singing Bowl"},{"floor":9,"key":"Bag of Marbles"},{"floor":11,"key":"Tiny Chest"},{"floor":23,"key":"Pocketwatch"},{"floor":25,"key":"War Paint"}],"event_choices":[{"damage_healed":0,"gold_gain":275,"player_choice":"Desecrate","damage_taken":0,"max_hp_gain":0,"max_hp_loss":0,"event_name":"Golden Shrine","floor":3,"gold_loss":0,"cards_obtained":["Regret"]},{"damage_healed":0,"gold_gain":0,"player_choice":"Trade","damage_taken":0,"relics_obtained":["SsserpentHead"],"max_hp_gain":0,"max_hp_loss":0,"event_name":"FaceTrader","floor":12,"gold_loss":0},{"damage_healed":0,"gold_gain":0,"player_choice":"Shed Blood","damage_taken":20,"max_hp_gain":5,"max_hp_loss":0,"event_name":"Forgotten Altar","floor":19,"gold_loss":0},{"damage_healed":0,"gold_gain":0,"player_choice":"Stole Relic","damage_taken":0,"relics_obtained":["Bag of Preparation"],"max_hp_gain":0,"max_hp_loss":0,"event_name":"Addict","floor":21,"gold_loss":0,"cards_obtained":["Shame"]}],"is_beta":false,"boss_relics":[{"not_picked":["Astrolabe","Empty Cage"],"picked":"Lizard Tail"}],"items_purged_floors":[20],"is_endless":false,"potions_floor_spawned":[2,11,13,14,16,25,28,29],"killed_by":"Slavers","ascension_level":5}