{"gold_per_floor":[18,18,18,34,94,105,105,105,105,117,136,136,161,175,175,276,276,287,300,350,400,450,450,468,482,507,45,95,105,169,184,184,184],"floor_reached":33,"playtime":2254,"items_purged":["Strike_R"],"score":278,"play_id":"3ba11dcc-a7b8-4558-8ea5-544d2c508de2","local_time":"20180709092915","is_ascension_mode":false,"campfire_choices":[{"data":"Barricade","floor":7,"key":"SMITH"},{"data":"Body Slam","floor":12,"key":"SMITH"},{"data":"Cleave","floor":15,"key":"SMITH"},{"data":"Shrug It Off","floor":23,"key":"SMITH"},{"data":"Whirlwind","floor":32,"key":"SMITH"}],"neow_cost":"NO_GOLD","seed_source_timestamp":1098631802042073,"circlet_count":0,"master_deck":["Strike_R","Strike_R","Strike_R","Defend_R","Defend_R","Defend_R","Bash","Barricade+1","Shrug It Off+1","Cleave+1","Inflame","Body Slam+1","Feed","Iron Wave","Heavy Blade","Whirlwind+1","Inflame","Rampage","Iron Wave","Iron Wave"],"relics":["Burning Blood","Dead Branch","SsserpentHead","Matryoshka","Bottled Flame","Mark of Pain","Question Card","Pear","Lantern","Membership Card","Meat on the Bone"],"potions_floor_usage":[6,16,18,29,30,30,31,33],"damage_taken":[{"damage":5,"enemies":"Small Slimes","floor":1,"turns":4},{"damage":0,"enemies":"2 Louse","floor":4,"turns":4},{"damage":2,"enemies":"Jaw Worm","floor":5,"turns":4},{"damage":0,"enemies":"Gremlin Gang","floor":6,"turns":5},{"damage":5,"enemies":"Looter","floor":10,"turns":4},{"damage":9,"enemies":"2 Fungi Beasts","floor":11,"turns":3},{"damage":14,"enemies":"3 Sentries","floor":13,"turns":7},{"damage":8,"enemies":"Red Slaver","floor":14,"turns":3},{"damage":24,"enemies":"Slime Boss","floor":16,"turns":11},{"damage":19,"enemies":"Shell Parasite","floor":18,"turns":4},{"damage":18,"enemies":"Spheric Guardian","floor":19,"turns":5},{"damage":36,"enemies":"Snecko","floor":24,"turns":6},{"damage":30,"enemies":"Sentry and Sphere","floor":25,"turns":4},{"damage":7,"enemies":"3 Cultists","floor":29,"turns":3},{"damage":6,"enemies":"Snecko","floor":30,"turns":5},{"damage":9,"enemies":"Centurion and Healer","floor":31,"turns":6},{"damage":79,"enemies":"Collector","floor":33,"turns":6}],"seed_played":"-465410077807711683","potions_obtained":[{"floor":5,"key":"Block Potion"},{"floor":13,"key":"SpeedPotion"},{"floor":14,"key":"Dexterity Potion"},{"floor":16,"key":"PowerPotion"},{"floor":18,"key":"FearPotion"},{"floor":19,"key":"Explosive Potion"},{"floor":29,"key":"Weak Potion"},{"floor":30,"key":"AttackPotion"},{"floor":31,"key":"SpeedPotion"}],"is_trial":false,"path_per_floor":["M","?","?","M","M","M","R","?","T","M","M","R","E","M","R","B",null,"M","M","?","?","?","R","M","M","T","$","?","M","M","M","R"],"character_chosen":"IRONCLAD","items_purchased":["Membership Card","Meat on the Bone"],"campfire_rested":0,"item_purchase_floors":[27,27],"current_hp_per_floor":[80,77,77,80,80,80,80,80,80,80,77,77,69,67,67,49,80,67,58,83,83,83,83,53,32,42,42,42,53,65,65,65,0],"gold":184,"neow_bonus":"THREE_RARE_CARDS","is_prod":false,"is_daily":false,"chose_seed":false,"campfire_upgraded":5,"win_rate":0,"timestamp":1531146555,"path_taken":["M","?","?","M","?","M","R","?","T","M","M","R","E","M","R","BOSS","M","M","?","?","?","R","M","M","T","$","?","M","?","M","R","BOSS"],"build_version":"2018-07-05","purchased_purges":1,"victory":false,"max_hp_per_floor":[80,80,80,80,80,80,80,80,80,80,80,80,80,80,80,80,80,80,83,83,83,83,83,83,86,96,96,96,96,96,99,99,99],"card_choices":[{"not_picked":["Exhume","Double Tap"],"picked":"Barricade","floor":0},{"not_picked":["Armaments","Clash"],"picked":"Shrug It Off","floor":1},{"not_picked":["Searing Blow","Feel No Pain"],"picked":"Cleave","floor":4},{"not_picked":["Evolve","Brutality","Clothesline"],"picked":"SKIP","floor":5},{"not_picked":["Havoc","Anger","Armaments"],"picked":"SKIP","floor":6},{"not_picked":["Combust","Uppercut"],"picked":"Inflame","floor":10},{"not_picked":["Pommel Strike","Carnage"],"picked":"Body Slam","floor":11},{"not_picked":["Dark Embrace","True Grit","Armaments"],"picked":"SKIP","floor":13},{"not_picked":["Anger","Warcry","Perfected Strike"],"picked":"SKIP","floor":14},{"not_picked":["Berserk","Brutality"],"picked":"Feed","floor":16},{"not_picked":["Pommel Strike","Sword Boomerang"],"picked":"Iron Wave","floor":18},{"not_picked":["Rampage","Evolve"],"picked":"Heavy Blade","floor":19},{"not_picked":["Blood for Blood","Clash","True Grit+1"],"picked":"Whirlwind","floor":24},{"not_picked":["Headbutt","Metallicize","Burning Pact"],"picked":"Inflame","floor":25},{"not_picked":["True Grit","Body Slam","Flame Barrier"],"picked":"Rampage","floor":29},{"not_picked":["Armaments+1","Body Slam","True Grit"],"picked":"Iron Wave","floor":30},{"not_picked":["Clash","Twin Strike+1","Wild Strike+1"],"picked":"Iron Wave","floor":31}],"player_experience":117564,"relics_obtained":[{"floor":9,"key":"Matryoshka"},{"floor":13,"key":"Bottled Flame"},{"floor":26,"key":"Pear"},{"floor":26,"key":"Lantern"}],"event_choices":[{"event_name":"Scrap Ooze","player_choice":"success","floor":2,"damage_taken":3},{"event_name":"FaceTrader","player_choice":"Trade","floor":3,"damage_taken":0},{"event_name":"The Cleric","player_choice":"Card Removal","floor":8,"damage_taken":0},{"event_name":"The Library","player_choice":"Heal","floor":20,"damage_taken":0},{"event_name":"The Mausoleum","player_choice":"Yes","floor":21,"damage_taken":0},{"event_name":"Fountain of Cleansing","player_choice":"Removed Curse","floor":22,"damage_taken":0},{"event_name":"Back to Basics","player_choice":"Elegance","floor":28,"damage_taken":0}],"boss_relics":[{"not_picked":["Snecko Eye","Astrolabe"],"picked":"Mark of Pain"}],"items_purged_floors":[27],"is_endless":false,"potions_floor_spawned":[5,13,14,16,18,19,29,30,31],"killed_by":"Collector","ascension_level":0}