{"gold_per_floor":[115,115,290,300,311,0,0,0,27,59,90,102,141,153],"floor_reached":14,"playtime":717,"items_purged":[],"score":90,"play_id":"7465c0ae-000a-45b9-b63c-bcaec11b07f4","local_time":"20190608225627","is_ascension_mode":false,"campfire_choices":[{"data":"Chaos","floor":8,"key":"SMITH"},{"floor":12,"key":"REST"}],"neow_cost":"NONE","seed_source_timestamp":1989907905010543,"circlet_count":0,"master_deck":["Strike_B","Strike_B","Strike_B","Strike_B","Defend_B","Defend_B","Defend_B+1","Defend_B+1","Zap+1","Dualcast","Beam Cell","Doubt","Chaos+1","Chaos","Capacitor","Darkness","Leap","Defragment"],"relics":["Cracked Core","Mummified Hand","MawBank","Happy Flower"],"potions_floor_usage":[11],"damage_taken":[{"damage":2,"enemies":"2 Louse","floor":1,"turns":2},{"damage":5,"enemies":"Small Slimes","floor":4,"turns":3},{"damage":6,"enemies":"Jaw Worm","floor":5,"turns":3},{"damage":13,"enemies":"2 Fungi Beasts","floor":10,"turns":3},{"damage":10,"enemies":"Gremlin Gang","floor":11,"turns":4},{"damage":16,"enemies":"Lagavulin","floor":13,"turns":8},{"damage":0,"enemies":"3 Louse","floor":14,"turns":1}],"seed_played":"8136059070018390802","potions_obtained":[{"floor":5,"key":"Dexterity Potion"},{"floor":10,"key":"Strength Potion"},{"floor":13,"key":"Poison Potion"}],"is_trial":false,"path_per_floor":["M","?","?","M","M","$","?","R","T","M","M","R","E","M"],"character_chosen":"DEFECT","items_purchased":["Mummified Hand","Capacitor"],"campfire_rested":1,"item_purchase_floors":[6,6],"current_hp_per_floor":[80,80,80,75,69,69,53,53,53,40,30,54,38,38],"gold":153,"neow_bonus":"TEN_PERCENT_HP_BONUS","is_prod":false,"is_daily":false,"chose_seed":false,"campfire_upgraded":1,"win_rate":0,"timestamp":1560052587,"path_taken":["M","?","?","M","M","$","?","R","T","M","M","R","E","M"],"build_version":"2019-01-23","purchased_purges":0,"victory":false,"max_hp_per_floor":[82,82,82,82,82,82,82,82,82,82,82,82,82,82],"card_choices":[{"not_picked":["Redo","Barrage"],"picked":"Beam Cell","floor":1},{"not_picked":["Hologram","Consume"],"picked":"Chaos","floor":4},{"not_picked":["Loop","Capacitor"],"picked":"Chaos","floor":5},{"not_picked":["Consume","Conserve Battery"],"picked":"Darkness","floor":10},{"not_picked":["Hello World","Hologram"],"picked":"Leap","floor":11},{"not_picked":["Stack","Coolheaded"],"picked":"Defragment","floor":13}],"player_experience":1426350,"relics_obtained":[{"floor":9,"key":"MawBank"},{"floor":13,"key":"Happy Flower"}],"event_choices":[{"damage_healed":0,"gold_gain":0,"player_choice":"Grow","damage_taken":0,"max_hp_gain":0,"max_hp_loss":0,"event_name":"Living Wall","floor":2,"gold_loss":0,"cards_upgraded":["Zap"]},{"damage_healed":0,"gold_gain":175,"player_choice":"AGREE","damage_taken":0,"max_hp_gain":0,"max_hp_loss":0,"event_name":"Liars Game","floor":3,"gold_loss":0,"cards_obtained":["Doubt"]},{"damage_healed":0,"gold_gain":0,"player_choice":"Entered Light","damage_taken":16,"max_hp_gain":0,"max_hp_loss":0,"event_name":"Shining Light","floor":7,"gold_loss":0,"cards_upgraded":["Defend_B","Defend_B"]}],"is_beta":false,"boss_relics":[],"items_purged_floors":[],"is_endless":false,"potions_floor_spawned":[5,10,13],"killed_by":"3 Louse","ascension_level":0}