{"gold_per_floor":[109,124,124,138,313,313,324,339,339,339,168,185,205,205,205,325,325,340,361,76,76],"floor_reached":21,"playtime":1916,"items_purged":["Shame"],"score":173,"play_id":"8ac6a912-84e3-4e40-9077-904e362005ac","local_time":"20190626235737","is_ascension_mode":false,"campfire_choices":[{"data":"Infernal Blade","floor":6,"key":"SMITH"},{"data":"Demon Form","floor":10,"key":"SMITH"},{"data":"Chrysalis","floor":15,"key":"SMITH"}],"neow_cost":"TEN_PERCENT_HP_LOSS","seed_source_timestamp":1671287394883774,"circlet_count":0,"master_deck":["Strike_R","Strike_R","Strike_R","Strike_R","Defend_R","Defend_R","Defend_R","Bash","Dual Wield","Pommel Strike","Blood for Blood","Infernal Blade+1","Demon Form+1","Dual Wield","Chrysalis+1","Inflame","Warcry","Double Tap","Combust+1","Injury","Twin Strike","Disarm+1","HandOfGreed","Rampage"],"relics":["Burning Blood","Juzu Bracelet","Pen Nib","Golden Idol","Astrolabe"],"potions_floor_usage":[13,21],"damage_taken":[{"damage":5,"enemies":"Small Slimes","floor":1,"turns":4},{"damage":5,"enemies":"2 Louse","floor":2,"turns":3},{"damage":1,"enemies":"Cultist","floor":4,"turns":3},{"damage":4,"enemies":"Looter","floor":7,"turns":3},{"damage":6,"enemies":"Exordium Thugs","floor":8,"turns":4},{"damage":19,"enemies":"2 Fungi Beasts","floor":12,"turns":4},{"damage":16,"enemies":"Red Slaver","floor":13,"turns":4},{"damage":46,"enemies":"Slime Boss","floor":16,"turns":7},{"damage":35,"enemies":"3 Byrds","floor":18,"turns":5},{"damage":40,"enemies":"Spheric Guardian","floor":19,"turns":6},{"damage":14,"enemies":"Shelled Parasite and Fungi","floor":21,"turns":1}],"seed_played":"2321991491550964311","potions_obtained":[{"floor":1,"key":"SkillPotion"},{"floor":4,"key":"EssenceOfSteel"},{"floor":8,"key":"Regen Potion"},{"floor":19,"key":"Energy Potion"}],"is_trial":false,"path_per_floor":["M","M","?","M","?","R","M","M","T","R","$","M","M","?","R","B",null,"M","M","$","M"],"character_chosen":"IRONCLAD","items_purchased":["Chrysalis","HandOfGreed","Rampage"],"campfire_rested":0,"item_purchase_floors":[11,20,20],"current_hp_per_floor":[72,72,65,70,70,70,72,72,72,72,72,59,61,61,61,21,72,43,9,9,0],"gold":76,"neow_bonus":"TRANSFORM_TWO_CARDS","is_prod":false,"is_daily":false,"chose_seed":false,"campfire_upgraded":3,"win_rate":0.0,"timestamp":1561615057,"path_taken":["M","M","?","M","?","R","M","M","T","R","$","M","M","?","R","BOSS","M","M","$","M"],"build_version":"2019-01-23","purchased_purges":1,"victory":false,"max_hp_per_floor":[72,72,72,72,72,72,72,72,72,72,72,72,72,72,72,72,72,72,72,72,72],"card_choices":[{"not_picked":["Clash","Anger"],"picked":"Pommel Strike","floor":1},{"not_picked":["Cleave","Anger"],"picked":"Blood for Blood","floor":2},{"not_picked":["Twin Strike","Perfected Strike"],"picked":"Infernal Blade","floor":4},{"not_picked":["Cleave","Feel No Pain"],"picked":"Demon Form","floor":7},{"not_picked":["Shockwave","Disarm"],"picked":"Dual Wield","floor":8},{"not_picked":["Shrug It Off","Anger"],"picked":"Inflame","floor":12},{"not_picked":["Thunderclap","Twin Strike"],"picked":"Warcry","floor":13},{"not_picked":["Berserk","Reaper"],"picked":"Double Tap","floor":16},{"not_picked":["Clash","Anger"],"picked":"Twin Strike","floor":18},{"not_picked":["Clothesline","Clash+1"],"picked":"Disarm+1","floor":19}],"player_experience":3038,"relics_obtained":[{"floor":9,"key":"Pen Nib"}],"event_choices":[{"damage_healed":0,"gold_gain":0,"player_choice":"Success","damage_taken":7,"relics_obtained":["Juzu Bracelet"],"max_hp_gain":0,"max_hp_loss":0,"event_name":"Scrap Ooze","floor":3,"gold_loss":0},{"damage_healed":0,"gold_gain":175,"player_choice":"AGREE","damage_taken":0,"max_hp_gain":0,"max_hp_loss":0,"event_name":"Liars Game","floor":5,"gold_loss":0,"cards_obtained":["Doubt"]},{"damage_healed":0,"gold_gain":0,"player_choice":"Take Wound","damage_taken":0,"relics_obtained":["Golden Idol"],"max_hp_gain":0,"max_hp_loss":0,"event_name":"Golden Idol","floor":14,"gold_loss":0,"cards_obtained":["Injury"]}],"is_beta":false,"boss_relics":[{"not_picked":["Black Blood","Ectoplasm"],"picked":"Astrolabe"}],"items_purged_floors":[20],"is_endless":false,"potions_floor_spawned":[1,4,8,12,19],"killed_by":"Shelled Parasite and Fungi","ascension_level":0}