{"gold_per_floor":[116,66,141,18,35,35,68,68,68,79,106,6,106,124,124,227,227,246,259,259,271,291,291,291,291,291,11,11,41,41,57,57,57],"floor_reached":33,"playtime":1923,"items_purged":["Defend_G","Strike_G","Strike_G"],"score":358,"play_id":"2af05312-f8b2-4a57-8fca-cf583cad981f","local_time":"20190625105427","is_ascension_mode":true,"campfire_choices":[{"floor":6,"key":"REST"},{"data":"Noxious Fumes","floor":8,"key":"SMITH"},{"floor":15,"key":"REST"},{"floor":23,"key":"REST"},{"floor":30,"key":"REST"},{"floor":32,"key":"REST"}],"neow_cost":"NONE","seed_source_timestamp":859451663842500,"circlet_count":0,"master_deck":["Defend_G","Defend_G","Defend_G","Defend_G","Strike_G","Strike_G","Survivor","Neutralize+1","Noxious Fumes+1","Deadly Poison","Bane","Sucker Punch","Heel Hook","Poisoned Stab","Prepared","Malaise","Prepared","Bane+1","Poisoned Stab+1","Prepared","PiercingWail","Footwork+1","Crippling Poison+1"],"relics":["Ring of the Snake","NeowsBlessing","Dream Catcher","Anchor","Potion Belt","Fusion Hammer","Girya","Regal Pillow","Gambling Chip"],"potions_floor_usage":[11,18,21,22,29],"damage_taken":[{"damage":0,"enemies":"Small Slimes","floor":1,"turns":1},{"damage":0,"enemies":"Jaw Worm","floor":5,"turns":1},{"damage":0,"enemies":"3 Sentries","floor":7,"turns":1},{"damage":0,"enemies":"2 Louse","floor":10,"turns":2},{"damage":15,"enemies":"Lagavulin","floor":11,"turns":5},{"damage":10,"enemies":"Lots of Slimes","floor":14,"turns":3},{"damage":43,"enemies":"The Guardian","floor":16,"turns":9},{"damage":4,"enemies":"2 Thieves","floor":18,"turns":3},{"damage":2,"enemies":"Shell Parasite","floor":19,"turns":5},{"damage":16,"enemies":"Cultist and Chosen","floor":21,"turns":7},{"damage":27,"enemies":"Centurion and Healer","floor":22,"turns":5},{"damage":11,"enemies":"Colosseum Slavers","floor":25,"turns":4},{"damage":32,"enemies":"Slavers","floor":29,"turns":6},{"damage":24,"enemies":"Sentry and Sphere","floor":31,"turns":5},{"damage":63,"enemies":"Champ","floor":33,"turns":11}],"seed_played":"-3381324704759172955","potions_obtained":[{"floor":1,"key":"SkillPotion"},{"floor":7,"key":"Ancient Potion"},{"floor":14,"key":"Fire Potion"},{"floor":18,"key":"FearPotion"},{"floor":19,"key":"Block Potion"}],"is_trial":false,"path_per_floor":["M","?","?","$","M","R","E","R","T","M","E","$","?","M","R","B",null,"M","M","?","M","M","R","?","?","T","$","?","E","R","M","R","B"],"character_chosen":"THE_SILENT","items_purchased":["Deadly Poison","Regal Pillow"],"campfire_rested":5,"item_purchase_floors":[4,27],"current_hp_per_floor":[70,70,59,59,59,70,70,70,70,70,55,55,55,45,66,23,70,66,64,51,35,8,30,55,44,44,44,44,12,49,25,62,0],"gold":57,"neow_bonus":"THREE_ENEMY_KILL","is_prod":false,"is_daily":false,"chose_seed":false,"campfire_upgraded":1,"win_rate":0,"timestamp":1561485267,"path_taken":["M","?","?","?","M","R","E","R","T","M","E","$","?","M","R","BOSS","M","?","?","M","M","R","?","?","T","$","?","E","R","?","R","BOSS"],"build_version":"2019-01-23","purchased_purges":3,"victory":false,"max_hp_per_floor":[70,70,70,70,70,70,70,70,70,70,70,70,70,70,70,70,70,70,70,75,75,75,75,75,75,75,75,75,75,75,75,75,75],"card_choices":[{"not_picked":["PiercingWail","Prepared"],"picked":"Noxious Fumes","floor":1},{"not_picked":["Concentrate","Tactician"],"picked":"Bane","floor":5},{"not_picked":["Acrobatics","Masterful Stab"],"picked":"Sucker Punch","floor":7},{"not_picked":["Cloak And Dagger","Deflect"],"picked":"Heel Hook","floor":10},{"not_picked":["Finisher","Quick Slash"],"picked":"Poisoned Stab","floor":11},{"not_picked":["Riddle With Holes","Choke"],"picked":"Prepared","floor":14},{"not_picked":["After Image","Storm of Steel"],"picked":"Malaise","floor":16},{"not_picked":["Calculated Gamble","Blade Dance"],"picked":"Prepared","floor":18},{"not_picked":["Sucker Punch","Underhanded Strike+1","Dodge and Roll"],"picked":"SKIP","floor":19},{"not_picked":["Outmaneuver","Sucker Punch+1"],"picked":"Bane+1","floor":21},{"not_picked":["Outmaneuver","Setup"],"picked":"Poisoned Stab+1","floor":22},{"not_picked":["Well Laid Plans","Setup"],"picked":"Prepared","floor":23},{"not_picked":["Finisher+1","Deflect","Flying Knee"],"picked":"SKIP","floor":29},{"not_picked":["Deadly Poison","Outmaneuver+1"],"picked":"PiercingWail","floor":30},{"not_picked":["Deadly Poison","Dagger Throw"],"picked":"Footwork+1","floor":31},{"not_picked":["Outmaneuver+1","Slice"],"picked":"Crippling Poison+1","floor":32}],"player_experience":536222,"relics_obtained":[{"floor":7,"key":"Dream Catcher"},{"floor":9,"key":"Anchor"},{"floor":11,"key":"Potion Belt"},{"floor":26,"key":"Girya"},{"floor":29,"key":"Gambling Chip"}],"event_choices":[{"cards_removed":["Strike_G"],"damage_healed":0,"gold_gain":0,"player_choice":"Card Removal","damage_taken":0,"max_hp_gain":0,"max_hp_loss":0,"event_name":"The Cleric","floor":2,"gold_loss":50},{"damage_healed":0,"gold_gain":75,"player_choice":"Gather Gold","damage_taken":11,"max_hp_gain":0,"max_hp_loss":0,"event_name":"World of Goop","floor":3,"gold_loss":0},{"damage_healed":0,"gold_gain":100,"player_choice":"Pray","damage_taken":0,"max_hp_gain":0,"max_hp_loss":0,"event_name":"Golden Shrine","floor":13,"gold_loss":0},{"damage_healed":0,"gold_gain":0,"player_choice":"Shed Blood","damage_taken":18,"max_hp_gain":5,"max_hp_loss":0,"event_name":"Forgotten Altar","floor":20,"gold_loss":0},{"damage_healed":25,"gold_gain":0,"player_choice":"Heal","damage_taken":0,"max_hp_gain":0,"max_hp_loss":0,"event_name":"The Library","floor":24,"gold_loss":0},{"damage_healed":0,"gold_gain":0,"player_choice":"Fight","damage_taken":0,"max_hp_gain":0,"max_hp_loss":0,"event_name":"Colosseum","floor":25,"gold_loss":0},{"damage_healed":0,"gold_gain":0,"player_choice":"Fled From Nobs","damage_taken":0,"max_hp_gain":0,"max_hp_loss":0,"event_name":"Colosseum","floor":25,"gold_loss":0},{"damage_healed":0,"gold_gain":0,"player_choice":"Upgraded","damage_taken":0,"max_hp_gain":0,"max_hp_loss":0,"event_name":"Upgrade Shrine","floor":28,"gold_loss":0,"cards_upgraded":["Neutralize"]}],"is_beta":false,"boss_relics":[{"not_picked":["Ectoplasm","WristBlade"],"picked":"Fusion Hammer"}],"items_purged_floors":[4,12,27],"is_endless":false,"potions_floor_spawned":[1,7,14,18,19],"killed_by":"Champ","ascension_level":4}