{"gold_per_floor":[117,117,117,190,200,219,244,244,244,25,25,58,68,83,83,185,185,201,211,211,67,83,116,116,135,135,135,161,172,190,206,206,310,310,328,328,29,43,57,57,68,78,78,111,127,127,127,141,141,141],"floor_reached":51,"playtime":4826,"items_purged":[],"score":783,"play_id":"e870bce2-1e03-4712-8c85-011df1b7a1c0","local_time":"20190625004352","is_ascension_mode":false,"campfire_choices":[{"data":"Limit Break","floor":8,"key":"SMITH"},{"floor":11,"key":"REST"},{"data":"Clothesline","floor":15,"key":"SMITH"},{"data":"Clothesline","floor":24,"key":"SMITH"},{"data":"Bash","floor":27,"key":"SMITH"},{"data":"Flame Barrier","floor":32,"key":"SMITH"},{"data":"Flame Barrier","floor":40,"key":"SMITH"},{"data":"Flex","floor":49,"key":"SMITH"}],"neow_cost":"NONE","seed_source_timestamp":11779683486538,"circlet_count":0,"master_deck":["Strike_R","Strike_R+1","Strike_R","Strike_R","Strike_R","Defend_R","Defend_R","Defend_R","Defend_R+1","Bash","Shrug It Off","Headbutt","Limit Break+1","Flex+1","Pommel Strike","Clothesline+1","Pommel Strike","Feed","Spot Weakness","Cleave","Bash+1","Shockwave+1","Clothesline+1","Perfected Strike+1","Whirlwind+1","Flame Barrier+1","Twin Strike","Spot Weakness+1","Reaper","Heavy Blade","Wild Strike","Heavy Blade","Flame Barrier+1","Pommel Strike+1","Twin Strike+1","Barricade","Parasite","Perfected Strike+1","Flex+1"],"relics":["Burning Blood","Pen Nib","Bronze Scales","Question Card","Happy Flower","Blue Candle","ClockworkSouvenir","Bag of Preparation","Snecko Eye","Vajra","Magic Flower","Ornamental Fan","Charon\u0027s Ashes","Runic Cube","PreservedInsect","Shuriken","Gremlin Horn","Dream Catcher"],"potions_floor_usage":[7,33,50,50,50],"damage_taken":[{"damage":17,"enemies":"Jaw Worm","floor":1,"turns":5},{"damage":2,"enemies":"Small Slimes","floor":5,"turns":3},{"damage":0,"enemies":"Cultist","floor":6,"turns":3},{"damage":28,"enemies":"Lagavulin","floor":7,"turns":7},{"damage":14,"enemies":"3 Sentries","floor":12,"turns":7},{"damage":5,"enemies":"Red Slaver","floor":13,"turns":2},{"damage":7,"enemies":"Exordium Thugs","floor":14,"turns":4},{"damage":21,"enemies":"Hexaghost","floor":16,"turns":10},{"damage":7,"enemies":"Shell Parasite","floor":18,"turns":3},{"damage":17,"enemies":"3 Byrds","floor":19,"turns":3},{"damage":0,"enemies":"Cultist and Chosen","floor":22,"turns":3},{"damage":27,"enemies":"Gremlin Leader","floor":23,"turns":6},{"damage":15,"enemies":"Shelled Parasite and Fungi","floor":25,"turns":3},{"damage":0,"enemies":"Book of Stabbing","floor":28,"turns":2},{"damage":0,"enemies":"Snecko","floor":29,"turns":2},{"damage":10,"enemies":"Snake Plant","floor":30,"turns":3},{"damage":12,"enemies":"Shelled Parasite and Fungi","floor":31,"turns":3},{"damage":68,"enemies":"Automaton","floor":33,"turns":7},{"damage":0,"enemies":"Orb Walker","floor":35,"turns":2},{"damage":5,"enemies":"3 Shapes","floor":38,"turns":2},{"damage":4,"enemies":"Jaw Worm Horde","floor":39,"turns":2},{"damage":10,"enemies":"4 Shapes","floor":41,"turns":2},{"damage":20,"enemies":"Spire Growth","floor":42,"turns":3},{"damage":17,"enemies":"Nemesis","floor":44,"turns":3},{"damage":33,"enemies":"Writhing Mass","floor":45,"turns":5},{"damage":1,"enemies":"Transient","floor":48,"turns":5},{"damage":62,"enemies":"Time Eater","floor":50,"turns":8}],"seed_played":"3270274052617760140","potions_obtained":[{"floor":6,"key":"SteroidPotion"},{"floor":7,"key":"EntropicBrew"},{"floor":12,"key":"Energy Potion"},{"floor":14,"key":"Weak Potion"},{"floor":16,"key":"SpeedPotion"},{"floor":22,"key":"Swift Potion"},{"floor":35,"key":"Ancient Potion"},{"floor":38,"key":"Strength Potion"}],"is_trial":false,"path_per_floor":["M","?","?","T","M","M","E","R","T","$","R","E","M","M","R","B",null,"M","M","?","$","M","E","R","M","T","R","E","M","M","M","R","B",null,"M","?","$","M","M","R","M","M","T","E","M","?","?","M","R","B",null],"character_chosen":"IRONCLAD","items_purchased":["ClockworkSouvenir","Pommel Strike","Vajra","Shuriken","Wild Strike"],"campfire_rested":1,"item_purchase_floors":[10,10,21,37,37],"current_hp_per_floor":[69,51,35,35,39,45,23,23,23,23,47,39,40,39,39,24,80,82,74,74,74,83,65,65,59,59,59,68,77,76,78,78,19,95,98,98,98,101,101,101,100,100,100,92,68,68,68,76,76,23],"gold":141,"neow_bonus":"RANDOM_COMMON_RELIC","is_prod":false,"is_daily":false,"chose_seed":false,"campfire_upgraded":7,"win_rate":0.0,"timestamp":1561416232,"path_taken":["M","?","?","?","M","M","E","R","T","$","R","E","?","M","R","BOSS","M","M","?","$","M","E","R","M","T","R","E","M","?","M","R","BOSS","M","?","$","M","M","R","M","?","T","E","M","?","?","M","R","BOSS"],"build_version":"2019-01-23","purchased_purges":0,"victory":true,"max_hp_per_floor":[80,80,80,80,80,80,80,80,80,80,80,80,80,80,80,80,80,83,86,86,86,89,92,92,92,92,92,92,92,92,95,95,95,95,98,98,98,101,101,101,101,101,101,101,101,96,96,96,96,96],"card_choices":[{"not_picked":["Twin Strike","Anger"],"picked":"Shrug It Off","floor":1},{"not_picked":["Reckless Charge","Body Slam","Twin Strike"],"picked":"Headbutt","floor":5},{"not_picked":["Fire Breathing","Thunderclap","Heavy Blade"],"picked":"Limit Break","floor":6},{"not_picked":["Combust","Infernal Blade","Warcry"],"picked":"Flex","floor":7},{"not_picked":["Body Slam","Carnage","Corruption"],"picked":"Clothesline","floor":12},{"not_picked":["Thunderclap","Rupture","Hemokinesis"],"picked":"Burning Pact","floor":13},{"not_picked":["Warcry","Sword Boomerang","Rupture"],"picked":"Pommel Strike","floor":14},{"not_picked":["Fiend Fire","Exhume","Immolate"],"picked":"Feed","floor":16},{"not_picked":["Flex","Pommel Strike+1","Wild Strike"],"picked":"Spot Weakness","floor":18},{"not_picked":["Ghostly Armor","Pommel Strike","Iron Wave"],"picked":"Cleave","floor":19},{"not_picked":["Evolve","Clothesline","Iron Wave"],"picked":"Shockwave+1","floor":22},{"not_picked":["True Grit","Sword Boomerang","Pommel Strike"],"picked":"Clothesline","floor":23},{"not_picked":["True Grit","Thunderclap","Rage"],"picked":"Perfected Strike+1","floor":25},{"not_picked":["Reckless Charge+1","Headbutt","Inflame"],"picked":"Whirlwind+1","floor":28},{"not_picked":["Ghostly Armor","Armaments","Double Tap"],"picked":"Flame Barrier","floor":29},{"not_picked":["Flex","Disarm","True Grit+1"],"picked":"Twin Strike","floor":30},{"not_picked":["Metallicize","Brutality","Armaments"],"picked":"Spot Weakness+1","floor":31},{"not_picked":["Dark Embrace","Limit Break","Brutality"],"picked":"Reaper","floor":33},{"not_picked":["Iron Wave","Perfected Strike","Body Slam"],"picked":"Heavy Blade","floor":35},{"not_picked":["Disarm+1","Thunderclap","Reckless Charge+1"],"picked":"Heavy Blade","floor":38},{"not_picked":["Burning Pact+1","Twin Strike","Shrug It Off+1"],"picked":"Flame Barrier","floor":39},{"not_picked":["Anger","Twin Strike+1","Cleave+1"],"picked":"Pommel Strike+1","floor":41},{"not_picked":["Combust","Havoc+1","Clash"],"picked":"Twin Strike+1","floor":42},{"not_picked":["Body Slam+1","Infernal Blade+1","Entrench"],"picked":"Barricade","floor":44},{"not_picked":["Anger+1","Carnage","Iron Wave"],"picked":"Perfected Strike+1","floor":45},{"not_picked":["Bloodletting+1","Warcry","Anger+1"],"picked":"Flex+1","floor":48}],"player_experience":102476,"relics_obtained":[{"floor":4,"key":"Question Card"},{"floor":7,"key":"Happy Flower"},{"floor":9,"key":"Blue Candle"},{"floor":12,"key":"Bag of Preparation"},{"floor":23,"key":"Magic Flower"},{"floor":26,"key":"Ornamental Fan"},{"floor":28,"key":"Charon\u0027s Ashes"},{"floor":43,"key":"Gremlin Horn"},{"floor":44,"key":"Dream Catcher"}],"event_choices":[{"damage_healed":0,"gold_gain":0,"player_choice":"Success","damage_taken":18,"relics_obtained":["Bronze Scales"],"max_hp_gain":0,"max_hp_loss":0,"event_name":"Scrap Ooze","floor":2,"gold_loss":0},{"damage_healed":0,"gold_gain":0,"player_choice":"Entered Light","damage_taken":16,"max_hp_gain":0,"max_hp_loss":0,"event_name":"Shining Light","floor":3,"gold_loss":0,"cards_upgraded":["Strike_R","Defend_R"]},{"cards_removed":["Burning Pact"],"damage_healed":0,"gold_gain":0,"player_choice":"Took Card","damage_taken":0,"max_hp_gain":0,"max_hp_loss":0,"event_name":"NoteForYourself","floor":20,"gold_loss":0,"cards_obtained":["Bash"]},{"damage_healed":0,"gold_gain":0,"player_choice":"Gave Potion","damage_taken":0,"relics_obtained":["PreservedInsect"],"max_hp_gain":0,"max_hp_loss":0,"event_name":"WeMeetAgain","floor":36,"gold_loss":0},{"damage_healed":0,"gold_gain":0,"player_choice":"Max HP","damage_taken":0,"max_hp_gain":0,"max_hp_loss":5,"event_name":"Winding Halls","floor":46,"gold_loss":0},{"damage_healed":0,"gold_gain":0,"player_choice":"Ignored","damage_taken":0,"max_hp_gain":0,"max_hp_loss":0,"event_name":"Mysterious Sphere","floor":47,"gold_loss":0}],"is_beta":false,"boss_relics":[{"not_picked":["Runic Pyramid","Black Blood"],"picked":"Snecko Eye"},{"not_picked":["Astrolabe","Empty Cage"],"picked":"Runic Cube"}],"items_purged_floors":[],"is_endless":false,"potions_floor_spawned":[6,7,12,14,16,18,22,25,31,35,38,42],"ascension_level":0}