{"gold_per_floor":[109,120,120,120,120,120,147,167,167,183,215,235,235,235,235,307,307,325,147,147,157,175,209,223,47,47,64,64,96,96,40,40,40],"floor_reached":33,"playtime":1201,"items_purged":[],"score":681,"play_id":"5ae921de-ee36-4695-8869-c40ee1f89fe8","local_time":"20181018135310","is_ascension_mode":true,"campfire_choices":[{"data":"Flex","floor":6.0,"key":"SMITH"},{"data":"Perfected Strike","floor":13.0,"key":"SMITH"},{"data":"Thunderclap","floor":15.0,"key":"SMITH"},{"floor":28.0,"key":"REST"},{"floor":32,"key":"REST"}],"neow_cost":"NONE","seed_source_timestamp":0,"circlet_count":0,"master_deck":["Strike_R+1","Strike_R+1","Strike_R+1","Strike_R+1","Strike_R+1","Defend_R+1","Defend_R+1","Defend_R+1","Defend_R+1","Bash","AscendersBane","Flex+1","Cleave","Twin Strike","Cleave","Bludgeon+1","Thunderclap+1","Perfected Strike+1","Demon Form","Wild Strike","Heavy Blade","Wild Strike+1","Iron Wave","Flex","Inflame","Necronomicurse"],"special_seed":0,"relics":["Burning Blood","NeowsBlessing","NlothsMask","Mango","Boot","Odd Mushroom","Busted Crown","Red Skull","Bottled Lightning","PreservedInsect","Meat on the Bone","Blue Candle","Necronomicon","Juzu Bracelet"],"potions_floor_usage":[],"damage_taken":[{"damage":0.0,"enemies":"Small Slimes","floor":1.0,"turns":1.0},{"damage":0.0,"enemies":"Cultist","floor":2.0,"turns":1.0},{"damage":0.0,"enemies":"3 Sentries","floor":7.0,"turns":1.0},{"damage":0.0,"enemies":"2 Louse","floor":8.0,"turns":2.0},{"damage":3.0,"enemies":"Exordium Wildlife","floor":10.0,"turns":3.0},{"damage":28.0,"enemies":"Gremlin Nob","floor":11.0,"turns":4.0},{"damage":0.0,"enemies":"The Mushroom Lair","floor":12.0,"turns":1.0},{"damage":0.0,"enemies":"Slime Boss","floor":16.0,"turns":4.0},{"damage":30.0,"enemies":"Spheric Guardian","floor":18.0,"turns":4.0},{"damage":0.0,"enemies":"Chosen","floor":21.0,"turns":2.0},{"damage":29.0,"enemies":"Shelled Parasite and Fungi","floor":22.0,"turns":5.0},{"damage":35.0,"enemies":"Book of Stabbing","floor":23.0,"turns":4.0},{"damage":16.0,"enemies":"Snake Plant","floor":24.0,"turns":2.0},{"damage":0.0,"enemies":"Centurion and Healer","floor":27.0,"turns":3.0},{"damage":22,"enemies":"Gremlin Leader","floor":29,"turns":4},{"damage":21,"enemies":"Champ","floor":33,"turns":6}],"seed_played":"4339956473179154247","potions_obtained":[{"floor":2.0,"key":"Block Potion"},{"floor":8.0,"key":"FearPotion"},{"floor":11.0,"key":"AttackPotion"},{"floor":12.0,"key":"Energy Potion"},{"floor":21.0,"key":"Block Potion"},{"floor":22.0,"key":"Strength Potion"},{"floor":24.0,"key":"Block Potion"},{"floor":27.0,"key":"Fire Potion"}],"is_trial":false,"path_per_floor":["M","M","?","$","?","R","E","M","T","M","E","?","R","?","R","B",null,"M","$","?","M","M","E","M","$","T","M","R","E","?","?","R"],"character_chosen":"IRONCLAD","items_purchased":["Red Skull","PreservedInsect"],"campfire_rested":2,"item_purchase_floors":[19,25],"current_hp_per_floor":[74,75,75,75,75,75,89,89,89,89,67,73,73,73,73,79,87,63,63,63,69,46,17,7,7,7,25,51,47,26,26,52,31],"gold":40,"neow_bonus":"THREE_ENEMY_KILL","is_prod":false,"is_daily":false,"chose_seed":false,"campfire_upgraded":3,"win_rate":0,"timestamp":1539888790,"path_taken":["M","M","?","$","?","R","E","M","T","M","E","?","R","?","R","BOSS","M","$","?","M","M","E","?","$","T","M","R","E","?","?","R","BOSS"],"build_version":"2018-10-11","purchased_purges":0,"victory":false,"max_hp_per_floor":[75,75,75,75,75,75,89,89,89,89,89,89,89,89,89,89,89,89,89,89,89,89,89,89,89,89,89,89,89,89,89,89,89],"card_choices":[{"not_picked":["Battle Trance","Pommel Strike"],"picked":"Flex","floor":1.0},{"not_picked":["Second Wind","Clothesline"],"picked":"Cleave","floor":2.0},{"not_picked":["Inflame","Flex"],"picked":"Twin Strike","floor":7.0},{"not_picked":["Bloodletting","True Grit"],"picked":"Cleave","floor":8.0},{"not_picked":["Seeing Red","Battle Trance"],"picked":"Bludgeon","floor":10.0},{"not_picked":["Body Slam","Dual Wield"],"picked":"Thunderclap","floor":11.0},{"not_picked":["True Grit","Wild Strike"],"picked":"Perfected Strike","floor":12.0},{"not_picked":["Brutality","Offering"],"picked":"Demon Form","floor":16.0},{"not_picked":[],"picked":"Wild Strike","floor":18.0},{"not_picked":[],"picked":"Heavy Blade","floor":21.0},{"not_picked":[],"picked":"Wild Strike+1","floor":22.0},{"not_picked":["Blood for Blood"],"picked":"SKIP","floor":23.0},{"not_picked":[],"picked":"Iron Wave","floor":24.0},{"not_picked":[],"picked":"Flex","floor":27.0},{"not_picked":[],"picked":"Inflame","floor":29}],"player_experience":786436,"relics_obtained":[{"floor":7.0,"key":"Mango"},{"floor":11.0,"key":"Boot"},{"floor":12.0,"key":"Odd Mushroom"},{"floor":23.0,"key":"Bottled Lightning"},{"floor":26.0,"key":"Meat on the Bone"},{"floor":29,"key":"Blue Candle"},{"floor":30,"key":"Necronomicon"}],"event_choices":[{"event_name":"FaceTrader","player_choice":"Trade","floor":3.0,"damage_taken":0.0},{"event_name":"The Cleric","player_choice":"Leave","floor":5.0,"damage_taken":0.0},{"event_name":"Mushrooms","player_choice":"Fought Mushrooms","floor":12.0,"damage_taken":0.0},{"event_name":"Upgrade Shrine","player_choice":"Upgraded","floor":14.0,"damage_taken":0.0},{"event_name":"Back to Basics","player_choice":"Simplicity","floor":20.0,"damage_taken":0.0},{"event_name":"Cursed Tome","player_choice":"Obtained Book","floor":30,"damage_taken":0},{"event_name":"WeMeetAgain","player_choice":"Gold","floor":31,"damage_taken":0}],"is_beta":false,"boss_relics":[{"not_picked":["Runic Dome","Ectoplasm"],"picked":"Busted Crown"}],"items_purged_floors":[],"is_endless":false,"potions_floor_spawned":[2,8,11,12,21,22,24,27],"killed_by":"Champ","ascension_level":17}