{"gold_per_floor":[441,441,455,465,20,54,54,74,74,74,91,107,118,118,118,222,222,235,235],"floor_reached":19,"playtime":1218,"items_purged":["Shame"],"score":188,"play_id":"84e4b85f-6a78-4cd3-a69e-0d4ae177fd20","local_time":"20180831191130","is_ascension_mode":true,"campfire_choices":[{"floor":7,"key":"REST"},{"floor":15,"key":"REST"}],"neow_cost":"NONE","seed_source_timestamp":119589969168143,"circlet_count":0,"master_deck":["Defend_G","Defend_G","Defend_G","Defend_G+1","Strike_G+1","Strike_G","Strike_G","Survivor","Neutralize","Decay","Dagger Throw","Dagger Throw+1","Glass Knife+1","Deadly Poison","Storm of Steel+1","A Thousand Cuts+1","Flying Knee+1","Bouncing Flask+1"],"relics":["Calling Bell","Tiny Chest","Mercury Hourglass","Old Coin","Gambling Chip","Whetstone","Toxic Egg 2","Smiling Mask","Astrolabe"],"potions_floor_usage":[6,6,12,16,18],"damage_taken":[{"damage":10,"enemies":"Jaw Worm","floor":1,"turns":6},{"damage":0,"enemies":"Small Slimes","floor":3,"turns":3},{"damage":0,"enemies":"Cultist","floor":4,"turns":3},{"damage":18,"enemies":"3 Sentries","floor":6,"turns":6},{"damage":0,"enemies":"3 Louse","floor":8,"turns":2},{"damage":3,"enemies":"Exordium Wildlife","floor":11,"turns":4},{"damage":5,"enemies":"Looter","floor":12,"turns":2},{"damage":6,"enemies":"3 Louse","floor":13,"turns":2},{"damage":14,"enemies":"The Guardian","floor":16,"turns":10},{"damage":33,"enemies":"2 Thieves","floor":18,"turns":3},{"damage":37,"enemies":"Shell Parasite","floor":19,"turns":4}],"seed_played":"8420914000199680183","potions_obtained":[{"floor":3,"key":"Strength Potion"},{"floor":8,"key":"AttackPotion"},{"floor":13,"key":"Explosive Potion"},{"floor":16,"key":"LiquidBronze"}],"is_trial":false,"path_per_floor":["M","?","M","M","$","E","R","M","T","?","M","M","M","T","R","B",null,"M"],"character_chosen":"THE_SILENT","items_purchased":["Gambling Chip","Regen Potion"],"campfire_rested":2,"item_purchase_floors":[5,5],"current_hp_per_floor":[60,60,60,60,60,57,70,70,70,56,53,48,42,42,63,49,70,37,0],"gold":235,"neow_bonus":"BOSS_RELIC","is_prod":false,"is_daily":false,"chose_seed":false,"campfire_upgraded":0,"win_rate":0,"timestamp":1535767890,"path_taken":["M","?","M","M","$","E","R","?","T","?","M","M","M","?","R","BOSS","M","M"],"build_version":"2018-08-30","purchased_purges":1,"victory":false,"max_hp_per_floor":[70,70,70,70,70,70,70,70,70,70,70,70,70,70,70,70,70,70,70],"card_choices":[{"not_picked":["Flying Knee","Underhanded Strike"],"picked":"Dagger Throw","floor":1},{"not_picked":["Outmaneuver","Slice"],"picked":"Dagger Throw","floor":3},{"not_picked":["Dodge and Roll","Choke"],"picked":"Glass Knife","floor":4},{"not_picked":["Expertise","Riddle With Holes"],"picked":"Deadly Poison","floor":6},{"not_picked":["Choke","Quick Slash","Cloak And Dagger"],"picked":"SKIP","floor":8},{"not_picked":["Terror+1","Infinite Blades","Acrobatics+1"],"picked":"SKIP","floor":11},{"not_picked":["Infinite Blades","Flying Knee","Acrobatics+1"],"picked":"SKIP","floor":12},{"not_picked":["Bane","Envenom","Flechettes"],"picked":"SKIP","floor":13},{"not_picked":["Doppelganger+1","Night Terror+1"],"picked":"Storm of Steel+1","floor":16},{"not_picked":["Finisher+1","Dodge and Roll+1","Masterful Stab"],"picked":"SKIP","floor":18}],"player_experience":271419,"relics_obtained":[{"floor":0,"key":"Tiny Chest"},{"floor":0,"key":"Mercury Hourglass"},{"floor":0,"key":"Old Coin"},{"floor":6,"key":"Whetstone"},{"floor":9,"key":"Toxic Egg 2"},{"floor":14,"key":"Smiling Mask"}],"event_choices":[{"event_name":"Living Wall","player_choice":"Forget","floor":2,"damage_taken":0},{"event_name":"Shining Light","player_choice":"Entered Light","floor":10,"damage_taken":0}],"is_beta":false,"boss_relics":[{"not_picked":["Velvet Choker","Tiny House"],"picked":"Astrolabe"}],"items_purged_floors":[5],"is_endless":false,"potions_floor_spawned":[3,8,13,16],"killed_by":"Shell Parasite","ascension_level":2}