{"gold_per_floor":[109,132,132,132,142,142,162,179,205,217,258,220,54,71,71,170,170,188,287,297,197,215,215,247,266,266,141,141,161,161,179,179,179],"floor_reached":33,"playtime":3242,"items_purged":["Strike_G","Strike_G","Defend_G"],"score":280,"play_id":"49369041-06c2-4e45-91f7-8763db1fcac6","local_time":"20180720002944","is_ascension_mode":true,"campfire_choices":[{"data":"Neutralize","floor":6,"key":"SMITH"},{"floor":10,"key":"REST"},{"data":"Glass Knife","floor":15,"key":"SMITH"},{"floor":23,"key":"REST"},{"floor":28,"key":"REST"},{"floor":32,"key":"REST"}],"neow_cost":"NONE","seed_source_timestamp":134208681288882,"circlet_count":0,"master_deck":["Defend_G","Defend_G","Strike_G","Strike_G","Survivor","Neutralize+1","Dagger Spray+1","Dash","Poisoned Stab","Escape Plan","Backflip","Quick Slash","Glass Knife+1","Corpse Explosion","Bane+1","Backstab","Escape Plan","Predator+1"],"relics":["Ring of the Snake","Pen Nib","MawBank","Ginger","Lizard Tail","Paper Crane","Molten Egg 2"],"potions_floor_usage":[8,22,25],"damage_taken":[{"damage":2,"enemies":"Cultist","floor":1,"turns":6},{"damage":0,"enemies":"Small Slimes","floor":5,"turns":4},{"damage":0,"enemies":"2 Louse","floor":7,"turns":1},{"damage":8,"enemies":"Lots of Slimes","floor":8,"turns":2},{"damage":2,"enemies":"Gremlin Nob","floor":11,"turns":5},{"damage":0,"enemies":"Looter","floor":14,"turns":3},{"damage":39,"enemies":"Hexaghost","floor":16,"turns":10},{"damage":13,"enemies":"Shell Parasite","floor":18,"turns":6},{"damage":0,"enemies":"Chosen","floor":20,"turns":4},{"damage":15,"enemies":"Snecko","floor":22,"turns":5},{"damage":27,"enemies":"Slavers","floor":24,"turns":3},{"damage":16,"enemies":"Chosen and Byrds","floor":25,"turns":5},{"damage":0,"enemies":"Snake Plant","floor":29,"turns":4},{"damage":5,"enemies":"Snecko","floor":31,"turns":4},{"damage":115,"enemies":"Collector","floor":33,"turns":12}],"seed_played":"775631369349573310","potions_obtained":[{"floor":5,"key":"Fire Potion"},{"floor":11,"key":"Swift Potion"},{"floor":20,"key":"GamblersBrew"}],"is_trial":false,"path_per_floor":["M","T","?","?","M","R","M","M","T","R","E","?","$","M","R","B",null,"M","?","M","$","M","R","E","M","T","$","R","M","?","M","R"],"character_chosen":"THE_SILENT","items_purchased":["Backflip","Quick Slash"],"campfire_rested":4,"item_purchase_floors":[13,13],"current_hp_per_floor":[68,68,61,61,61,61,61,53,53,70,68,68,68,68,68,29,70,57,57,57,57,42,63,36,20,20,20,41,41,41,36,57,0],"gold":179,"neow_bonus":"REMOVE_CARD","is_prod":false,"is_daily":false,"chose_seed":false,"campfire_upgraded":2,"win_rate":0,"timestamp":1532071784,"path_taken":["M","?","?","?","M","R","M","?","T","R","E","?","?","M","R","BOSS","M","?","M","$","M","R","E","M","T","$","R","M","?","?","R","BOSS"],"build_version":"2018-07-19v2","purchased_purges":3,"victory":false,"max_hp_per_floor":[70,70,70,70,70,70,70,70,70,70,70,70,70,70,70,70,70,70,70,70,70,70,70,70,70,70,70,70,70,70,70,70,70],"card_choices":[{"not_picked":["Deadly Poison","Deflect"],"picked":"Dagger Spray","floor":1},{"not_picked":["Heel Hook","PiercingWail"],"picked":"Dash","floor":5},{"not_picked":["Deflect","Outmaneuver","Underhanded Strike"],"picked":"SKIP","floor":7},{"not_picked":["Deflect","PiercingWail"],"picked":"Poisoned Stab","floor":8},{"not_picked":["Outmaneuver","Prepared"],"picked":"Escape Plan","floor":11},{"not_picked":["Choke","Outmaneuver"],"picked":"Glass Knife","floor":14},{"not_picked":["Burst","Envenom"],"picked":"Corpse Explosion","floor":16},{"not_picked":["Underhanded Strike+1","Deflect","Concentrate+1"],"picked":"SKIP","floor":18},{"not_picked":["Dagger Throw","Blur"],"picked":"Bane+1","floor":20},{"not_picked":["Doppelganger","Cloak And Dagger"],"picked":"Backstab","floor":22},{"not_picked":["Flying Knee+1","Terror","Cloak And Dagger"],"picked":"SKIP","floor":24},{"not_picked":["Dodge and Roll","Sucker Punch"],"picked":"Escape Plan","floor":25},{"not_picked":["Acrobatics","PiercingWail","Outmaneuver"],"picked":"SKIP","floor":29},{"not_picked":["Concentrate","Setup"],"picked":"Predator+1","floor":31}],"player_experience":124157,"relics_obtained":[{"floor":2,"key":"Pen Nib"},{"floor":9,"key":"MawBank"},{"floor":11,"key":"Ginger"},{"floor":24,"key":"Paper Crane"},{"floor":26,"key":"Molten Egg 2"}],"event_choices":[{"event_name":"Golden Wing","player_choice":"Card Removal","floor":3,"damage_taken":0},{"event_name":"Upgrade Shrine","player_choice":"Upgraded","floor":4,"damage_taken":0},{"event_name":"The Cleric","player_choice":"Card Removal","floor":12,"damage_taken":0},{"event_name":"Nest","player_choice":"Stole From Cult","floor":19,"damage_taken":0},{"event_name":"The Mausoleum","player_choice":"No","floor":30,"damage_taken":0}],"is_beta":false,"boss_relics":[{"not_picked":["Busted Crown","WristBlade"],"picked":"Lizard Tail"}],"items_purged_floors":[13,21,27],"is_endless":false,"potions_floor_spawned":[5,11,20],"killed_by":"Collector","ascension_level":1}