{"gold_per_floor":[110,129,129,147,159,189,202,202,202,202,219,236,236,247,247,347,347,359,378,388,18,36,36,56,56,56,20,20,20,20,32,32,32],"floor_reached":33,"playtime":2209,"items_purged":["Regret"],"score":328,"play_id":"880f68aa-9d03-403b-9abe-1070f79e7022","local_time":"20190626033952","is_ascension_mode":true,"campfire_choices":[{"floor":8,"key":"REST"},{"floor":10,"key":"REST"},{"data":"Corpse Explosion","floor":15,"key":"SMITH"},{"floor":23,"key":"REST"},{"floor":32,"key":"REST"}],"neow_cost":"NONE","seed_source_timestamp":40995831330263,"circlet_count":0,"master_deck":["Defend_G+1","Defend_G+1","Defend_G+1","Defend_G+1","Defend_G+1","Survivor","Neutralize","All Out Attack","Deadly Poison","Escape Plan","Deadly Poison","Corpse Explosion+1","Backstab","Poisoned Stab","Backstab","Dodge and Roll","Sucker Punch+1","Bane","Backflip+1","Noxious Fumes","Deadly Poison","Apotheosis+1","PiercingWail","Deadly Poison+1","Heel Hook","Bite","Bite","Bite","Bite","Bite","Sucker Punch"],"relics":["Ring of the Snake","Juzu Bracelet","Mummified Hand","Ginger","Meat on the Bone","WristBlade","Bottled Tornado","MutagenicStrength"],"potions_floor_usage":[11,12,16,19,20,33,33],"damage_taken":[{"damage":2,"enemies":"Cultist","floor":1,"turns":4},{"damage":0,"enemies":"Small Slimes","floor":2,"turns":2},{"damage":3,"enemies":"Jaw Worm","floor":4,"turns":3},{"damage":31,"enemies":"Exordium Thugs","floor":5,"turns":7},{"damage":21,"enemies":"Gremlin Nob","floor":6,"turns":4},{"damage":0,"enemies":"3 Louse","floor":7,"turns":2},{"damage":0,"enemies":"Blue Slaver","floor":11,"turns":3},{"damage":3,"enemies":"Exordium Thugs","floor":12,"turns":3},{"damage":7,"enemies":"Looter","floor":14,"turns":2},{"damage":32,"enemies":"The Guardian","floor":16,"turns":9},{"damage":5,"enemies":"Chosen","floor":18,"turns":4},{"damage":17,"enemies":"3 Byrds","floor":19,"turns":4},{"damage":12,"enemies":"Centurion and Healer","floor":20,"turns":6},{"damage":24,"enemies":"Sentry and Sphere","floor":22,"turns":7},{"damage":36,"enemies":"Shelled Parasite and Fungi","floor":24,"turns":5},{"damage":10,"enemies":"Snake Plant","floor":31,"turns":3},{"damage":70,"enemies":"Collector","floor":33,"turns":5}],"seed_played":"-4348840162259690726","potions_obtained":[{"floor":1,"key":"PowerPotion"},{"floor":6,"key":"SpeedPotion"},{"floor":7,"key":"Fruit Juice"},{"floor":11,"key":"AttackPotion"},{"floor":12,"key":"SpeedPotion"},{"floor":22,"key":"Strength Potion"},{"floor":24,"key":"Fire Potion"}],"is_trial":false,"path_per_floor":["M","M","?","M","M","E","M","R","T","R","M","M","?","M","R","B",null,"M","M","M","$","M","R","M","?","T","$","?","?","?","M","R","B"],"character_chosen":"THE_SILENT","items_purchased":["Noxious Fumes","Deadly Poison","Apotheosis","Heel Hook"],"campfire_rested":4,"item_purchase_floors":[21,21,21,27],"current_hp_per_floor":[68,68,68,65,34,13,13,34,34,55,60,57,57,50,50,30,75,70,53,41,41,29,51,27,27,27,27,27,27,27,33,48,0],"gold":32,"neow_bonus":"RANDOM_COMMON_RELIC","is_prod":false,"is_daily":false,"chose_seed":false,"campfire_upgraded":1,"win_rate":0,"timestamp":1561491592,"path_taken":["M","M","?","M","M","E","M","R","T","R","M","M","?","M","R","BOSS","M","M","M","$","M","R","M","?","T","$","?","?","?","M","R","BOSS"],"build_version":"2019-01-23","purchased_purges":1,"victory":false,"max_hp_per_floor":[70,70,70,70,70,70,70,70,70,70,75,75,75,75,75,75,75,75,75,75,75,75,75,75,75,75,75,75,52,52,52,52,52],"card_choices":[{"not_picked":["Dodge and Roll","Flying Knee"],"picked":"All Out Attack","floor":1},{"not_picked":["PiercingWail","Infinite Blades"],"picked":"Deadly Poison","floor":2},{"not_picked":["Accuracy","Riddle With Holes"],"picked":"Escape Plan","floor":4},{"not_picked":["Underhanded Strike","All Out Attack"],"picked":"Deadly Poison","floor":5},{"not_picked":["Crippling Poison","Well Laid Plans"],"picked":"Corpse Explosion","floor":6},{"not_picked":["Quick Slash","Deflect"],"picked":"Backstab","floor":7},{"not_picked":["Blur","Cloak And Dagger"],"picked":"Poisoned Stab","floor":11},{"not_picked":["Quick Slash","Eviscerate"],"picked":"Backstab","floor":12},{"not_picked":["Infinite Blades","Eviscerate"],"picked":"Dodge and Roll","floor":14},{"not_picked":["Flechettes","Dodge and Roll"],"picked":"Sucker Punch+1","floor":18},{"not_picked":["Blade Dance","Quick Slash"],"picked":"Bane","floor":19},{"not_picked":["Sucker Punch","Well Laid Plans"],"picked":"Backflip+1","floor":20},{"not_picked":["Skewer+1","Predator"],"picked":"PiercingWail","floor":22},{"not_picked":["Skewer","Underhanded Strike+1"],"picked":"Deadly Poison+1","floor":24},{"not_picked":["Blur","Caltrops+1"],"picked":"Sucker Punch","floor":31}],"player_experience":283819,"relics_obtained":[{"floor":6,"key":"Mummified Hand"},{"floor":9,"key":"Ginger"},{"floor":26,"key":"Bottled Tornado"}],"event_choices":[{"damage_healed":0,"gold_gain":0,"player_choice":"Ignored","damage_taken":0,"max_hp_gain":0,"max_hp_loss":0,"event_name":"Golden Wing","floor":3,"gold_loss":0},{"damage_healed":0,"gold_gain":0,"player_choice":"Box","damage_taken":0,"relics_obtained":["Meat on the Bone"],"max_hp_gain":0,"max_hp_loss":0,"event_name":"Big Fish","floor":13,"gold_loss":0,"cards_obtained":["Regret"]},{"damage_healed":0,"gold_gain":0,"player_choice":"Upgraded","damage_taken":0,"max_hp_gain":0,"max_hp_loss":0,"event_name":"Upgrade Shrine","floor":25,"gold_loss":0,"cards_upgraded":["Apotheosis"]},{"damage_healed":0,"gold_gain":0,"player_choice":"Inject Mutagens","damage_taken":0,"relics_obtained":["MutagenicStrength"],"max_hp_gain":0,"max_hp_loss":0,"event_name":"Drug Dealer","floor":28,"gold_loss":0},{"damage_healed":0,"gold_gain":0,"player_choice":"Became a vampire","damage_taken":0,"max_hp_gain":0,"max_hp_loss":23,"event_name":"Vampires","floor":29,"gold_loss":0,"cards_obtained":["Bite","Bite","Bite","Bite","Bite"]},{"damage_healed":0,"gold_gain":0,"player_choice":"Simplicity","damage_taken":0,"max_hp_gain":0,"max_hp_loss":0,"event_name":"Back to Basics","floor":30,"gold_loss":0,"cards_upgraded":["Defend_G","Defend_G","Defend_G","Defend_G","Defend_G"]}],"is_beta":false,"boss_relics":[{"not_picked":["Cursed Key","Coffee Dripper"],"picked":"WristBlade"}],"items_purged_floors":[21],"is_endless":false,"potions_floor_spawned":[1,6,7,11,12,22,24],"killed_by":"Collector","ascension_level":2}