{"gold_per_floor":[111,111,36,36,53,53,63,77,77,102,52,52,52,69,69,173,173,183,198,198,218,229,258,258,181,181,81,6,32,42,56,56,156,156,170,170,180,198,73,99,99,109,133,148,148,148,148,73,73,73],"floor_reached":51,"playtime":3397,"items_purged":["Strike_R","Strike_R","Searing Blow+1"],"score":942,"play_id":"af6f8428-133d-440d-a7a4-e6dbe411f62a","local_time":"20180712085651","is_ascension_mode":false,"campfire_choices":[{"data":"Iron Wave","floor":6,"key":"SMITH"},{"data":"Headbutt","floor":12,"key":"SMITH"},{"data":"Defend_R","floor":15,"key":"SMITH"},{"floor":24,"key":"REST"},{"floor":32,"key":"REST"},{"floor":41,"key":"REST"},{"floor":47,"key":"REST"},{"data":"Seeing Red","floor":49,"key":"SMITH"}],"neow_cost":"NONE","seed_source_timestamp":1354632185535242,"circlet_count":0,"master_deck":["Strike_R+1","Defend_R+1","Defend_R+1","Bash+1","Iron Wave+1","Headbutt+1","Whirlwind+1","Fiend Fire+1","Cleave+1","Power Through+1","RitualDagger+1","Iron Wave+1","Shrug It Off+1","J.A.X.","Iron Wave+1","Flex","Immolate+1","Heavy Blade+1","Inflame+1","Shrug It Off+1","Inflame+1","Flex+1","Body Slam+1","Heavy Blade+1","Seeing Red+1"],"relics":["Burning Blood","Bronze Scales","Molten Egg 2","Orichalcum","Empty Cage","Regal Pillow","Shuriken","Pen Nib","Sozu","Centennial Puzzle","Dream Catcher","Thread and Needle"],"potions_floor_usage":[10,14,16,23,29,31,33,40,50],"damage_taken":[{"damage":6,"enemies":"Jaw Worm","floor":1,"turns":3},{"damage":1,"enemies":"Cultist","floor":5,"turns":3},{"damage":0,"enemies":"Small Slimes","floor":7,"turns":2},{"damage":9,"enemies":"Red Slaver","floor":8,"turns":2},{"damage":16,"enemies":"3 Sentries","floor":10,"turns":7},{"damage":6,"enemies":"Blue Slaver","floor":14,"turns":2},{"damage":45,"enemies":"Hexaghost","floor":16,"turns":7},{"damage":0,"enemies":"3 Byrds","floor":18,"turns":3},{"damage":0,"enemies":"Chosen","floor":19,"turns":4},{"damage":10,"enemies":"Snecko","floor":21,"turns":4},{"damage":16,"enemies":"Centurion and Healer","floor":22,"turns":5},{"damage":15,"enemies":"Slavers","floor":23,"turns":7},{"damage":33,"enemies":"Gremlin Leader","floor":29,"turns":7},{"damage":4,"enemies":"Snake Plant","floor":30,"turns":4},{"damage":27,"enemies":"Slaver and Parasite","floor":31,"turns":7},{"damage":41,"enemies":"Automaton","floor":33,"turns":9},{"damage":3,"enemies":"3 Shapes","floor":35,"turns":2},{"damage":8,"enemies":"Orb Walker","floor":37,"turns":2},{"damage":4,"enemies":"4 Shapes","floor":38,"turns":2},{"damage":56,"enemies":"2 Orb Walkers","floor":40,"turns":6},{"damage":7,"enemies":"Sphere and 2 Shapes","floor":42,"turns":3},{"damage":3,"enemies":"3 Darklings","floor":44,"turns":2},{"damage":19,"floor":46,"turns":4},{"damage":55,"enemies":"Time Eater","floor":50,"turns":9}],"seed_played":"4955174663087768432","potions_obtained":[{"floor":1,"key":"BloodPotion"},{"floor":8,"key":"AttackPotion"},{"floor":10,"key":"Regen Potion"},{"floor":16,"key":"Energy Potion"},{"floor":18,"key":"Dexterity Potion"},{"floor":21,"key":"Dexterity Potion"},{"floor":23,"key":"Fire Potion"},{"floor":30,"key":"Dexterity Potion"},{"floor":33,"key":"Weak Potion"}],"is_trial":false,"path_per_floor":["M","?","$","?","M","R","M","M","T","E","?","R","$","M","R","B",null,"M","M","?","M","M","E","R","?","T","$","?","E","M","M","R","B",null,"M","?","M","M","$","E","R","M","T","M","$","?","R","$","R","B"],"character_chosen":"IRONCLAD","items_purchased":["Seeing Red"],"campfire_rested":4,"item_purchase_floors":[48],"current_hp_per_floor":[80,64,64,64,69,69,75,72,72,62,62,62,62,70,70,40,80,80,80,74,70,60,51,80,80,80,80,80,53,55,34,73,38,80,80,80,78,80,80,30,69,68,68,71,71,58,80,80,80,31],"gold":73,"neow_bonus":"RANDOM_COMMON_RELIC","is_prod":false,"is_daily":false,"chose_seed":false,"campfire_upgraded":4,"win_rate":0,"timestamp":1531403811,"path_taken":["M","?","?","?","M","R","M","M","T","E","?","R","$","?","R","BOSS","M","M","?","?","M","E","R","?","T","?","?","E","M","?","R","BOSS","M","?","M","M","$","E","R","M","T","?","?","?","R","$","R","BOSS"],"build_version":"2018-07-05","purchased_purges":3,"victory":true,"max_hp_per_floor":[80,80,80,80,80,80,80,80,80,80,80,80,80,80,80,80,80,80,80,80,80,80,80,80,80,80,80,80,80,80,80,80,80,80,80,80,80,80,80,80,80,80,80,80,80,80,80,80,80,80],"card_choices":[{"not_picked":["Dropkick","Sever Soul","Thunderclap"],"picked":"SKIP","floor":1},{"not_picked":["True Grit","Rupture"],"picked":"Iron Wave","floor":5},{"not_picked":["Warcry","Pummel"],"picked":"Headbutt","floor":7},{"not_picked":["Headbutt","Clothesline","Dropkick"],"picked":"SKIP","floor":8},{"not_picked":["Wild Strike+1","Hemokinesis+1","Sword Boomerang+1"],"picked":"SKIP","floor":10},{"not_picked":["Flex","Havoc"],"picked":"Whirlwind+1","floor":14},{"not_picked":["Bludgeon+1","Limit Break"],"picked":"Fiend Fire+1","floor":16},{"not_picked":["Flex","Clothesline+1"],"picked":"Cleave+1","floor":18},{"not_picked":["Wild Strike+1","Heavy Blade+1"],"picked":"Power Through+1","floor":19},{"not_picked":["Clothesline+1","Shockwave"],"picked":"Iron Wave+1","floor":21},{"not_picked":["Body Slam+1","Bloodletting"],"picked":"Shrug It Off+1","floor":22},{"not_picked":["Evolve+1","Perfected Strike+1","Corruption"],"picked":"SKIP","floor":23},{"not_picked":["Shrug It Off","Twin Strike+1"],"picked":"Iron Wave+1","floor":29},{"not_picked":["Clash+1","Metallicize"],"picked":"Searing Blow+1","floor":30},{"not_picked":["Warcry","Havoc"],"picked":"Flex","floor":31},{"not_picked":["Feed+1","Offering"],"picked":"Immolate+1","floor":33},{"not_picked":["Burning Pact+1","Pummel+1"],"picked":"Heavy Blade+1","floor":35},{"not_picked":["Twin Strike+1","Clothesline+1"],"picked":"Inflame+1","floor":37},{"not_picked":["Thunderclap+1","Carnage+1"],"picked":"Shrug It Off+1","floor":38},{"not_picked":["Sword Boomerang+1","Juggernaut"],"picked":"Inflame+1","floor":40},{"not_picked":["Wild Strike+1","Clash+1"],"picked":"Flex+1","floor":42},{"not_picked":["Perfected Strike+1","Fire Breathing","True Grit+1"],"picked":"SKIP","floor":44},{"not_picked":["Wild Strike+1","Flex"],"picked":"Body Slam+1","floor":46},{"not_picked":["Sever Soul+1","Thunderclap+1"],"picked":"Heavy Blade+1","floor":47}],"player_experience":157128,"relics_obtained":[{"floor":9,"key":"Molten Egg 2"},{"floor":10,"key":"Orichalcum"},{"floor":23,"key":"Regal Pillow"},{"floor":26,"key":"Shuriken"},{"floor":29,"key":"Pen Nib"},{"floor":40,"key":"Centennial Puzzle"},{"floor":43,"key":"Dream Catcher"},{"floor":46,"key":"Thread and Needle"}],"event_choices":[{"event_name":"Shining Light","player_choice":"Entered Light","floor":2,"damage_taken":0},{"event_name":"Accursed Blacksmith","player_choice":"Forge","floor":4,"damage_taken":0},{"event_name":"The Cleric","player_choice":"Card Removal","floor":11,"damage_taken":0},{"event_name":"Nest","player_choice":"Joined the Cult","floor":20,"damage_taken":0},{"event_name":"Drug Dealer","player_choice":"Got JAXXED","floor":25,"damage_taken":0},{"event_name":"Beggar","player_choice":"Gave Gold","floor":28,"damage_taken":0},{"event_name":"Tomb of Lord Red Mask","player_choice":"Ignored","floor":36,"damage_taken":0},{"event_name":"MindBloom","player_choice":"Fight","floor":46,"damage_taken":0}],"boss_relics":[{"not_picked":["Astrolabe","Orrery"],"picked":"Empty Cage"},{"not_picked":["Black Blood","Coffee Dripper"],"picked":"Sozu"}],"items_purged_floors":[3,27,39],"is_endless":false,"potions_floor_spawned":[1,8,10,16,18,21,23,30,33,37,40,44],"ascension_level":0}