{"gold_per_floor":[218,236,250,8,24,55,125,125,152,184,194,206,233,250,250,347,397,407,419,419],"floor_reached":20,"playtime":1459,"items_purged":["Strike_R"],"score":216,"play_id":"751f04d4-dd90-4f76-b8d4-d2910abf71da","local_time":"20180906092345","is_ascension_mode":true,"campfire_choices":[{"floor":8,"key":"REST"},{"floor":15,"key":"REST"}],"neow_cost":"NONE","seed_source_timestamp":602491505992990,"circlet_count":0,"master_deck":["Strike_R","Strike_R","Strike_R","Strike_R","Defend_R","Defend_R+1","Defend_R","Defend_R","Bash","Pommel Strike","Twin Strike","Flame Barrier","Shrug It Off","Carnage","Thunderclap","Berserk","Heavy Blade","Pommel Strike","Thunderclap","Heavy Blade","Impervious","Cleave","Power Through+1"],"relics":["Burning Blood","Potion Belt","Red Skull","Regal Pillow","Blood Vial","Odd Mushroom","Tiny House"],"potions_floor_usage":[2,13,13,13,16,18,20],"damage_taken":[{"damage":2,"enemies":"2 Louse","floor":1,"turns":3},{"damage":4,"enemies":"Jaw Worm","floor":2,"turns":3},{"damage":5,"enemies":"Small Slimes","floor":3,"turns":4},{"damage":8,"enemies":"Looter","floor":5,"turns":4},{"damage":42,"enemies":"Gremlin Nob","floor":6,"turns":5},{"damage":39,"enemies":"3 Sentries","floor":10,"turns":7},{"damage":7,"enemies":"Exordium Wildlife","floor":11,"turns":3},{"damage":0,"enemies":"3 Louse","floor":12,"turns":2},{"damage":20,"enemies":"The Mushroom Lair","floor":13,"turns":3},{"damage":13,"enemies":"Large Slime","floor":14,"turns":4},{"damage":51,"enemies":"Hexaghost","floor":16,"turns":10},{"damage":57,"enemies":"Shell Parasite","floor":18,"turns":8},{"damage":6,"enemies":"Chosen","floor":19,"turns":3},{"damage":41,"enemies":"Snake Plant","floor":20,"turns":4}],"seed_played":"6725538707098820652","potions_obtained":[{"floor":1,"key":"Energy Potion"},{"floor":3,"key":"SpeedPotion"},{"floor":10,"key":"GamblersBrew"},{"floor":11,"key":"FearPotion"},{"floor":13,"key":"GamblersBrew"},{"floor":16,"key":"Poison Potion"},{"floor":17,"key":"SpeedPotion"}],"is_trial":false,"path_per_floor":["M","M","M","$","M","E","?","R","T","E","M","M","?","M","R","B",null,"M","M"],"character_chosen":"IRONCLAD","items_purchased":["Shrug It Off","Potion Belt"],"campfire_rested":2,"item_purchase_floors":[4,4],"current_hp_per_floor":[80,80,80,80,78,42,42,66,66,33,34,42,30,25,64,21,85,34,36,0],"gold":419,"neow_bonus":"HUNDRED_GOLD","is_prod":false,"is_daily":false,"chose_seed":false,"campfire_upgraded":0,"win_rate":0,"timestamp":1536251025,"path_taken":["M","M","M","$","M","E","?","R","T","E","?","M","?","M","R","BOSS","M","M","M"],"build_version":"2018-08-30","purchased_purges":1,"victory":false,"max_hp_per_floor":[80,80,80,80,80,80,80,80,80,80,80,80,80,80,80,80,85,85,85,85],"card_choices":[{"not_picked":["Battle Trance","Intimidate"],"picked":"Pommel Strike","floor":1},{"not_picked":["Clash","True Grit"],"picked":"Twin Strike","floor":2},{"not_picked":["Iron Wave","Sword Boomerang"],"picked":"Flame Barrier","floor":3},{"not_picked":["Anger","True Grit"],"picked":"Carnage","floor":5},{"not_picked":["Searing Blow","Bloodletting"],"picked":"Thunderclap","floor":6},{"not_picked":["Bloodletting","Sentinel"],"picked":"Berserk","floor":10},{"not_picked":["Sword Boomerang","Bloodletting"],"picked":"Heavy Blade","floor":11},{"not_picked":["Sentinel","Rupture"],"picked":"Pommel Strike","floor":12},{"not_picked":["True Grit","Spot Weakness"],"picked":"Thunderclap","floor":13},{"not_picked":["Thunderclap","Rage"],"picked":"Heavy Blade","floor":14},{"not_picked":["Berserk","Offering"],"picked":"Impervious","floor":16},{"not_picked":["Flex","Pommel Strike"],"picked":"Cleave","floor":17},{"not_picked":["Body Slam+1","Rupture","Thunderclap"],"picked":"SKIP","floor":18},{"not_picked":["Thunderclap","Uppercut"],"picked":"Power Through+1","floor":19}],"player_experience":343381,"relics_obtained":[{"floor":6,"key":"Red Skull"},{"floor":9,"key":"Regal Pillow"},{"floor":10,"key":"Blood Vial"},{"floor":13,"key":"Odd Mushroom"}],"event_choices":[{"event_name":"Golden Wing","player_choice":"Gained Gold","floor":7,"damage_taken":0},{"event_name":"Mushrooms","player_choice":"Fought Mushrooms","floor":13,"damage_taken":0}],"is_beta":false,"boss_relics":[{"not_picked":["Eternal Feather","Pandora\u0027s Box"],"picked":"Tiny House"}],"items_purged_floors":[4],"is_endless":false,"potions_floor_spawned":[1,3,10,11,13,16],"killed_by":"Snake Plant","ascension_level":3}