{"gold_per_floor":[111,121,140,140,90,90,90,103,103,103,115,115,115,130,130,258,258,271,309,309,152,177,177,177],"floor_reached":24,"playtime":1727,"items_purged":[],"score":186,"play_id":"59c2be9d-7d59-4ea6-bff5-9a705debb61c","local_time":"20190611091323","is_ascension_mode":false,"campfire_choices":[{"data":"Zap","floor":6,"key":"SMITH"},{"data":"Dualcast","floor":10,"key":"SMITH"},{"data":"Steam Power","floor":15,"key":"SMITH"},{"data":"Meteor Strike","floor":23,"key":"SMITH"}],"neow_cost":"NONE","seed_source_timestamp":2295577519295922,"circlet_count":0,"master_deck":["Strike_B","Strike_B","Defend_B","Defend_B","Defend_B","Defend_B","Zap+1","Dualcast+1","Hologram","Fusion+1","Cold Snap","Steam","Steam Power+1","Injury","Ball Lightning","Meteor Strike+1","Coolheaded+1","Chill+1","Thunder Strike","Redo+1"],"relics":["Cracked Core","Letter Opener","Juzu Bracelet","Gremlin Horn","Golden Idol","Inserter","Red Mask","Orichalcum"],"potions_floor_usage":[8],"damage_taken":[{"damage":1,"enemies":"Jaw Worm","floor":1,"turns":3},{"damage":1,"enemies":"2 Louse","floor":2,"turns":2},{"damage":6,"enemies":"Cultist","floor":3,"turns":3},{"damage":0,"enemies":"Exordium Wildlife","floor":8,"turns":2},{"damage":5,"enemies":"Lots of Slimes","floor":11,"turns":3},{"damage":1,"enemies":"2 Fungi Beasts","floor":14,"turns":2},{"damage":65,"enemies":"Hexaghost","floor":16,"turns":11},{"damage":14,"enemies":"3 Byrds","floor":18,"turns":4},{"damage":18,"enemies":"Masked Bandits","floor":19,"turns":3},{"damage":2,"enemies":"Shell Parasite","floor":22,"turns":5},{"damage":30,"enemies":"Book of Stabbing","floor":24,"turns":5}],"seed_played":"759186583177363368","potions_obtained":[{"floor":2,"key":"FocusPotion"},{"floor":3,"key":"Poison Potion"},{"floor":8,"key":"FairyPotion"},{"floor":11,"key":"LiquidBronze"},{"floor":16,"key":"LiquidBronze"},{"floor":22,"key":"Regen Potion"}],"is_trial":false,"path_per_floor":["M","M","M","?","?","R","T","M","T","R","M","?","?","M","R","B",null,"M","?","?","$","M","R","E"],"character_chosen":"DEFECT","items_purchased":["Orichalcum"],"campfire_rested":0,"item_purchase_floors":[21],"current_hp_per_floor":[81,80,74,74,74,74,74,74,74,74,69,69,69,68,68,3,82,68,50,50,50,48,48,18],"gold":177,"neow_bonus":"TEN_PERCENT_HP_BONUS","is_prod":false,"is_daily":false,"chose_seed":false,"campfire_upgraded":4,"win_rate":0,"timestamp":1560262403,"path_taken":["M","M","M","?","?","R","?","?","T","R","M","?","?","M","R","BOSS","M","?","?","$","M","R","E"],"build_version":"2019-01-23","purchased_purges":0,"victory":false,"max_hp_per_floor":[82,82,82,82,82,82,82,82,82,82,82,82,82,82,82,82,82,82,82,82,82,82,82,82],"card_choices":[{"not_picked":["Sweeping Beam","Beam Cell"],"picked":"Hologram","floor":1},{"not_picked":["Consume","Lockon"],"picked":"Fusion","floor":2},{"not_picked":["Sweeping Beam","Redo"],"picked":"Cold Snap","floor":3},{"not_picked":["Undo","Streamline"],"picked":"Steam","floor":8},{"not_picked":["Rebound","Stack"],"picked":"Steam Power","floor":11},{"not_picked":["Go for the Eyes","Hologram"],"picked":"Ball Lightning","floor":14},{"not_picked":["Amplify","Seek"],"picked":"Meteor Strike","floor":16},{"not_picked":["Barrage+1","Steam"],"picked":"Coolheaded+1","floor":18},{"not_picked":["Static Discharge","Auto Shields"],"picked":"Chill+1","floor":19},{"not_picked":["FTL","Gash+1"],"picked":"Redo+1","floor":22}],"player_experience":1442384,"relics_obtained":[{"floor":7,"key":"Letter Opener"},{"floor":9,"key":"Juzu Bracelet"},{"floor":19,"key":"Red Mask"}],"event_choices":[{"damage_healed":0,"gold_gain":0,"player_choice":"Grow","damage_taken":0,"max_hp_gain":0,"max_hp_loss":0,"event_name":"Living Wall","floor":4,"gold_loss":0,"cards_upgraded":["Fusion"]},{"cards_removed":["Strike_B"],"damage_healed":0,"gold_gain":0,"player_choice":"Card Removal","damage_taken":0,"max_hp_gain":0,"max_hp_loss":0,"event_name":"The Cleric","floor":5,"gold_loss":50},{"damage_healed":0,"gold_gain":0,"player_choice":"Gave Potion","damage_taken":0,"relics_obtained":["Gremlin Horn"],"max_hp_gain":0,"max_hp_loss":0,"event_name":"WeMeetAgain","floor":12,"gold_loss":0},{"damage_healed":0,"gold_gain":0,"player_choice":"Take Wound","damage_taken":0,"relics_obtained":["Golden Idol"],"max_hp_gain":0,"max_hp_loss":0,"event_name":"Golden Idol","floor":13,"gold_loss":0,"cards_obtained":["Injury"]},{"damage_healed":0,"gold_gain":0,"player_choice":"Fought Bandits","damage_taken":0,"max_hp_gain":0,"max_hp_loss":0,"event_name":"Masked Bandits","floor":19,"gold_loss":0},{"damage_healed":0,"gold_gain":0,"cards_transformed":["Strike_B"],"player_choice":"Transformed","damage_taken":0,"max_hp_gain":0,"max_hp_loss":0,"event_name":"Transmorgrifier","floor":20,"gold_loss":0,"cards_obtained":["Thunder Strike"]}],"is_beta":false,"boss_relics":[{"not_picked":["Empty Cage","Orrery"],"picked":"Inserter"}],"items_purged_floors":[],"is_endless":false,"potions_floor_spawned":[2,3,8,11,16,22],"killed_by":"Book of Stabbing","ascension_level":0}