{"gold_per_floor":[119,119,130,130,104,104,147,147,170,170,186,229,229,248,248,347,347,366,366,366,291,291,331,354,397,442,481,461,482,61,79,79,79],"floor_reached":33,"playtime":2803,"items_purged":["Strike_R"],"score":560,"play_id":"b7e03321-5aab-4e03-a59b-3e2bac48033c","local_time":"20181011114910","is_ascension_mode":true,"campfire_choices":[{"data":"Body Slam","floor":6.0,"key":"SMITH"},{"floor":8.0,"key":"REST"},{"data":"Shrug It Off","floor":10.0,"key":"SMITH"},{"floor":15.0,"key":"REST"},{"data":"Heavy Blade","floor":32.0,"key":"SMITH"}],"neow_cost":"NONE","seed_source_timestamp":0,"circlet_count":0,"master_deck":["Strike_R","Strike_R","Defend_R","Defend_R","Defend_R","Defend_R","Bash","AscendersBane","Heavy Blade+1","Shrug It Off+1","Body Slam+1","Twin Strike","Spot Weakness","Iron Wave","Power Through","Impervious","Clothesline","RitualDagger","Cleave","Twin Strike","Flex","Iron Wave","Headbutt","Anger+1","Thunderclap+1"],"special_seed":0,"relics":["Burning Blood","Self Forming Clay","Golden Idol","Lantern","Potion Belt","Bronze Scales","Velvet Choker","MutagenicStrength","Boot","Pen Nib","Omamori","Bottled Flame","Molten Egg 2"],"potions_floor_usage":[],"damage_taken":[{"damage":10.0,"enemies":"Cultist","floor":1.0,"turns":5.0},{"damage":7.0,"enemies":"Jaw Worm","floor":3.0,"turns":3.0},{"damage":49.0,"enemies":"3 Sentries","floor":7.0,"turns":11.0},{"damage":0.0,"enemies":"2 Louse","floor":11.0,"turns":2.0},{"damage":25.0,"enemies":"Gremlin Nob","floor":12.0,"turns":4.0},{"damage":6.0,"enemies":"Lots of Slimes","floor":14.0,"turns":3.0},{"damage":32.0,"enemies":"The Guardian","floor":16.0,"turns":11.0},{"damage":14.0,"enemies":"Spheric Guardian","floor":18.0,"turns":5.0},{"damage":4.0,"enemies":"Gremlin Leader","floor":23.0,"turns":5.0},{"damage":16.0,"enemies":"Shell Parasite","floor":24.0,"turns":4.0},{"damage":16.0,"enemies":"Book of Stabbing","floor":25.0,"turns":3.0},{"damage":10.0,"enemies":"Slavers","floor":27.0,"turns":3.0},{"damage":0.0,"enemies":"Centurion and Healer","floor":29.0,"turns":3.0},{"damage":27.0,"enemies":"Sentry and Sphere","floor":31.0,"turns":5.0},{"damage":81,"enemies":"Champ","floor":33,"turns":8}],"seed_played":"6042094164318406757","potions_obtained":[{"floor":11.0,"key":"Regen Potion"},{"floor":12.0,"key":"Strength Potion"},{"floor":14.0,"key":"EntropicBrew"},{"floor":18.0,"key":"Regen Potion"},{"floor":25.0,"key":"Strength Potion"},{"floor":28.0,"key":"Fruit Juice"},{"floor":29.0,"key":"Regen Potion"},{"floor":31.0,"key":"Explosive Potion"}],"is_trial":false,"path_per_floor":["M","T","M","?","$","R","E","R","T","R","M","E","?","M","R","B",null,"M","?","?","?","?","E","M","E","T","E","?","M","$","M","R"],"character_chosen":"IRONCLAD","items_purchased":["Body Slam","Molten Egg 2","Anger+1"],"campfire_rested":2,"item_purchase_floors":[5,30,30],"current_hp_per_floor":[71,71,70,70,70,70,27,51,51,51,57,38,38,38,62,36,71,63,57,57,57,57,82,72,62,62,58,58,64,64,62,62,0],"gold":79,"neow_bonus":"TEN_PERCENT_HP_BONUS","is_prod":false,"is_daily":false,"chose_seed":false,"campfire_upgraded":3,"win_rate":0,"timestamp":1539276550,"path_taken":["M","?","M","?","$","R","E","R","T","R","?","E","?","?","R","BOSS","M","?","?","?","?","E","M","E","T","E","?","M","$","?","R","BOSS"],"build_version":"2018-10-04v2","purchased_purges":1,"victory":false,"max_hp_per_floor":[82,82,82,82,82,82,82,82,82,82,82,82,82,82,82,82,82,82,82,82,82,82,82,82,82,82,82,82,82,82,87,87,87],"card_choices":[{"not_picked":["Clothesline","Havoc"],"picked":"Heavy Blade","floor":1.0},{"not_picked":["Havoc","Burning Pact"],"picked":"Shrug It Off","floor":3.0},{"not_picked":["True Grit","Anger"],"picked":"Twin Strike","floor":7.0},{"not_picked":["Offering","Dual Wield"],"picked":"Spot Weakness","floor":11.0},{"not_picked":["Shockwave","Twin Strike"],"picked":"Iron Wave","floor":12.0},{"not_picked":["Bloodletting","Twin Strike"],"picked":"Power Through","floor":14.0},{"not_picked":["Immolate","Barricade"],"picked":"Impervious","floor":16.0},{"not_picked":["Sword Boomerang","Burning Pact+1"],"picked":"Clothesline","floor":18.0},{"not_picked":["Twin Strike","Burning Pact"],"picked":"Cleave","floor":23.0},{"not_picked":["Clash","Seeing Red"],"picked":"Twin Strike","floor":24.0},{"not_picked":["Bloodletting","Anger"],"picked":"Flex","floor":25.0},{"not_picked":["Anger","Brutality"],"picked":"Iron Wave","floor":27.0},{"not_picked":["Carnage","Cleave"],"picked":"Headbutt","floor":29.0},{"not_picked":["Pommel Strike+1","Feel No Pain"],"picked":"Thunderclap+1","floor":31.0}],"player_experience":754601,"relics_obtained":[{"floor":2.0,"key":"Self Forming Clay"},{"floor":7.0,"key":"Lantern"},{"floor":9.0,"key":"Potion Belt"},{"floor":12.0,"key":"Bronze Scales"},{"floor":23.0,"key":"Boot"},{"floor":25.0,"key":"Pen Nib"},{"floor":26.0,"key":"Omamori"},{"floor":27.0,"key":"Bottled Flame"}],"event_choices":[{"event_name":"Golden Idol","player_choice":"Take Wound","floor":4.0,"damage_taken":0.0},{"event_name":"Wheel of Change","player_choice":"Card Removal","floor":13.0,"damage_taken":0.0},{"event_name":"Nest","player_choice":"Joined the Cult","floor":19.0,"damage_taken":0.0},{"event_name":"Purifier","player_choice":"One Purge","floor":20.0,"damage_taken":0.0},{"event_name":"Beggar","player_choice":"Gave Gold","floor":21.0,"damage_taken":0.0},{"event_name":"Drug Dealer","player_choice":"Inject Mutagens","floor":22.0,"damage_taken":0.0},{"event_name":"The Woman in Blue","player_choice":"Bought 1 Potion","floor":28.0,"damage_taken":0.0}],"is_beta":false,"boss_relics":[{"not_picked":["White Beast Statue","Astrolabe"],"picked":"Velvet Choker"}],"items_purged_floors":[30],"is_endless":false,"potions_floor_spawned":[11,12,14,18,25,29,31],"killed_by":"Champ","ascension_level":16}