{"gold_per_floor":[14,14,26,26,201,201,233,233,233,233,233,252,262,23,23,121,121,140,155,155,172,189,189,189],"floor_reached":24,"playtime":1562,"items_purged":["Defend_R"],"score":225,"play_id":"766353eb-4ee0-43d1-80ee-2287e616e8d0","local_time":"20180909143915","is_ascension_mode":true,"campfire_choices":[{"floor":6,"key":"REST"},{"floor":8,"key":"REST"},{"floor":15,"key":"REST"},{"floor":23,"key":"REST"}],"neow_cost":"NO_GOLD","seed_source_timestamp":17537598444763,"circlet_count":0,"master_deck":["Strike_R","Strike_R+1","Defend_R","Defend_R","Defend_R+1","Bash","Pummel","Heavy Blade","Pommel Strike","Battle Trance","Thunderclap","Anger","Shrug It Off","Immolate","Rampage","Thunderclap","Whirlwind","Power Through+1","Intimidate+1"],"relics":["Burning Blood","Juzu Bracelet","Dream Catcher","Strawberry","Empty Cage"],"potions_floor_usage":[7,16,21,22,24],"damage_taken":[{"damage":4,"enemies":"Small Slimes","floor":1,"turns":4},{"damage":0,"enemies":"Cultist","floor":3,"turns":3},{"damage":56,"enemies":"3 Sentries","floor":7,"turns":13},{"damage":0,"enemies":"2 Louse","floor":12,"turns":3},{"damage":0,"enemies":"Looter","floor":13,"turns":2},{"damage":67,"enemies":"Hexaghost","floor":16,"turns":8},{"damage":18,"enemies":"3 Byrds","floor":18,"turns":4},{"damage":31,"enemies":"Chosen","floor":19,"turns":5},{"damage":42,"enemies":"Snake Plant","floor":21,"turns":4},{"damage":10,"enemies":"3 Cultists","floor":22,"turns":4},{"damage":43,"enemies":"Gremlin Leader","floor":24,"turns":7}],"seed_played":"-7458856824666374244","potions_obtained":[{"floor":3,"key":"Weak Potion"},{"floor":12,"key":"Strength Potion"},{"floor":13,"key":"GamblersBrew"},{"floor":19,"key":"SteroidPotion"},{"floor":21,"key":"SkillPotion"}],"is_trial":false,"path_per_floor":["M","?","M","?","?","R","E","R","T","?","?","M","M","$","R","B",null,"M","M","?","M","M","R"],"character_chosen":"IRONCLAD","items_purchased":["Immolate"],"campfire_rested":4,"item_purchase_floors":[14],"current_hp_per_floor":[80,64,70,37,37,61,11,35,42,63,56,62,68,68,87,26,84,72,47,47,11,7,32,0],"gold":189,"neow_bonus":"TRANSFORM_TWO_CARDS","is_prod":false,"is_daily":false,"chose_seed":false,"campfire_upgraded":0,"win_rate":0,"timestamp":1536529155,"path_taken":["M","?","M","?","?","R","E","R","T","?","?","M","M","$","R","BOSS","M","M","?","M","M","R","E"],"build_version":"2018-09-06","purchased_purges":1,"victory":false,"max_hp_per_floor":[80,80,80,80,80,80,80,80,87,87,87,87,87,87,87,87,84,84,84,84,84,84,84,84],"card_choices":[{"not_picked":["Warcry","Entrench","Headbutt"],"picked":"SKIP","floor":1},{"not_picked":["Sword Boomerang","Clash"],"picked":"Pommel Strike","floor":3},{"not_picked":["True Grit","Barricade"],"picked":"Battle Trance","floor":7},{"not_picked":["Iron Wave","Seeing Red"],"picked":"Thunderclap","floor":8},{"not_picked":["Carnage","Corruption"],"picked":"Anger","floor":12},{"not_picked":["Blood for Blood","Battle Trance"],"picked":"Shrug It Off","floor":13},{"not_picked":["Combust","Havoc"],"picked":"Rampage","floor":15},{"not_picked":["Armaments","Body Slam"],"picked":"Thunderclap","floor":18},{"not_picked":["Thunderclap","Clash"],"picked":"Whirlwind","floor":19},{"not_picked":["Armaments","Sword Boomerang","Rage"],"picked":"SKIP","floor":21},{"not_picked":["Pommel Strike+1","Body Slam"],"picked":"Power Through+1","floor":22},{"not_picked":["True Grit+1","Clash+1"],"picked":"Intimidate+1","floor":23}],"player_experience":359520,"relics_obtained":[{"floor":7,"key":"Dream Catcher"},{"floor":9,"key":"Strawberry"}],"event_choices":[{"event_name":"Shining Light","player_choice":"Entered Light","floor":2,"damage_taken":0},{"event_name":"Scrap Ooze","player_choice":"success","floor":4,"damage_taken":33},{"event_name":"Liars Game","player_choice":"agreed","floor":5,"damage_taken":0},{"event_name":"Mushrooms","player_choice":"Healed and dodged fight","floor":10,"damage_taken":0},{"event_name":"Golden Wing","player_choice":"Card Removal","floor":11,"damage_taken":0},{"event_name":"Cursed Tome","player_choice":"Ignored","floor":20,"damage_taken":0}],"is_beta":false,"boss_relics":[{"not_picked":["Velvet Choker","Runic Dome"],"picked":"Empty Cage"}],"items_purged_floors":[14],"is_endless":false,"potions_floor_spawned":[3,12,13,19,21],"killed_by":"Gremlin Leader","ascension_level":3}