{"gold_per_floor":[109,121,137,137,3,3,38,38,65,94,106,123,135,135,135,234,234,254,254,40,40,56,83,83,109,109,109,137,137,166,45,45,148,148,165,182,201,201,213,248,248,248,248,91,102,136,148,170,182,194],"floor_reached":51,"playtime":4120,"items_purged":["Strike_G+1"],"score":1128,"play_id":"5d171986-7652-4e19-a603-cb082dce464c","local_time":"20190702214609","is_ascension_mode":true,"campfire_choices":[{"data":"Backstab","floor":6.0,"key":"SMITH"},{"data":"Cloak And Dagger","floor":8.0,"key":"SMITH"},{"floor":15.0,"key":"REST"},{"data":"Crippling Poison","floor":24,"key":"SMITH"},{"data":"Crippling Poison","floor":27,"key":"SMITH"},{"data":"Dodge and Roll","floor":29,"key":"SMITH"},{"data":"Well Laid Plans","floor":32,"key":"SMITH"},{"data":"A Thousand Cuts","floor":41,"key":"SMITH"},{"data":"Footwork","floor":49,"key":"SMITH"}],"neow_cost":"NONE","seed_source_timestamp":46552879445264,"circlet_count":0,"master_deck":["Strike_G+1","Strike_G+1","Strike_G+1","Strike_G+1","Defend_G+1","Defend_G+1","Defend_G+1","Defend_G+1","Defend_G+1","Survivor","Neutralize+1","Leg Sweep","Backstab+1","Cloak And Dagger+1","Escape Plan","Deflect","Dagger Spray","Dodge and Roll+1","Malaise+1","Adrenaline","Footwork+1","Crippling Poison+1","Crippling Poison+1","Corpse Explosion+1","Well Laid Plans+1","Backflip","A Thousand Cuts+1","PiercingWail+1","Catalyst+1","Footwork+1","Expertise"],"special_seed":0,"relics":["Ring of the Snake","Orichalcum","Oddly Smooth Stone","Mercury Hourglass","Cursed Key","Bag of Marbles","Ornamental Fan","Mummified Hand","Centennial Puzzle","Busted Crown","Molten Egg 2","MawBank"],"potions_floor_usage":[23,25,28,50,50,50],"damage_taken":[{"damage":0.0,"enemies":"Jaw Worm","floor":1.0,"turns":6.0},{"damage":1.0,"enemies":"Small Slimes","floor":2.0,"turns":5.0},{"damage":0.0,"enemies":"Cultist","floor":3.0,"turns":4.0},{"damage":25.0,"enemies":"Lagavulin","floor":7.0,"turns":8.0},{"damage":22.0,"enemies":"3 Sentries","floor":10.0,"turns":10.0},{"damage":0.0,"enemies":"3 Louse","floor":11.0,"turns":2.0},{"damage":0.0,"enemies":"Gremlin Gang","floor":12.0,"turns":3.0},{"damage":0.0,"enemies":"Looter","floor":13.0,"turns":3.0},{"damage":7.0,"enemies":"The Guardian","floor":16.0,"turns":17.0},{"damage":0.0,"enemies":"Shell Parasite","floor":18.0,"turns":6.0},{"damage":0.0,"enemies":"Spheric Guardian","floor":22.0,"turns":4.0},{"damage":1,"enemies":"Book of Stabbing","floor":23,"turns":9},{"damage":0,"enemies":"Slavers","floor":25,"turns":5},{"damage":0,"enemies":"Book of Stabbing","floor":28,"turns":7},{"damage":0,"enemies":"Gremlin Leader","floor":30,"turns":6},{"damage":2,"enemies":"Automaton","floor":33,"turns":11},{"damage":0,"enemies":"Orb Walker","floor":35,"turns":2},{"damage":0,"enemies":"3 Darklings","floor":36,"turns":2},{"damage":0,"enemies":"Maw","floor":37,"turns":9},{"damage":0,"enemies":"Jaw Worm Horde","floor":39,"turns":3},{"damage":0,"enemies":"Nemesis","floor":40,"turns":9},{"damage":0,"enemies":"3 Darklings","floor":45,"turns":2},{"damage":0,"enemies":"Reptomancer","floor":46,"turns":4},{"damage":0,"enemies":"Transient","floor":48,"turns":5},{"damage":8,"enemies":"Time Eater","floor":50,"turns":13}],"seed_played":"-8636219114823963217","potions_obtained":[{"floor":2.0,"key":"FearPotion"},{"floor":7.0,"key":"SkillPotion"},{"floor":11.0,"key":"Dexterity Potion"},{"floor":13.0,"key":"Regen Potion"},{"floor":18.0,"key":"LiquidBronze"},{"floor":23,"key":"AttackPotion"},{"floor":30,"key":"LiquidBronze"},{"floor":35,"key":"Dexterity Potion"}],"is_trial":false,"path_per_floor":["M","M","M","?","$","R","E","R","T","E","M","M","M","?","R","B",null,"M","?","$","?","M","E","R","E","T","R","E","R","E","$","R","B",null,"M","M","M","?","M","E","R","?","T","$","M","E","T","M","R","B",null],"character_chosen":"THE_SILENT","items_purchased":["Backstab","Cloak And Dagger","Footwork","Crippling Poison","Well Laid Plans","Backflip","Footwork","Expertise"],"campfire_rested":1,"item_purchase_floors":[5,5,20,20,31,31,44,44],"current_hp_per_floor":[70,69,69,69,69,69,44,44,44,22,22,22,22,22,45,38,67,67,67,67,67,67,77,77,77,77,77,77,77,77,77,77,75,77,77,77,77,73,73,73,73,73,73,73,73,73,73,73,73,65],"gold":206,"neow_bonus":"TEN_PERCENT_HP_BONUS","is_prod":false,"is_daily":false,"chose_seed":false,"campfire_upgraded":8,"win_rate":0,"timestamp":1562096769,"path_taken":["M","M","M","?","$","R","E","R","T","E","M","M","M","?","R","BOSS","M","?","$","?","M","E","R","E","T","R","E","R","E","$","R","BOSS","M","M","?","?","M","E","R","?","T","$","?","E","?","M","R","BOSS"],"build_version":"2019-07-01","purchased_purges":1,"victory":true,"max_hp_per_floor":[77,77,77,77,77,77,77,77,77,77,77,77,77,77,77,77,77,77,77,77,77,77,77,77,77,77,77,77,77,77,77,77,77,77,77,77,77,73,73,73,73,73,73,73,73,73,73,73,73,73],"card_choices":[{"not_picked":["Dagger Throw","Riddle With Holes","Backflip"],"picked":"SKIP","floor":1.0},{"not_picked":["Bane","Flying Knee"],"picked":"Leg Sweep","floor":2.0},{"not_picked":["Backflip","All Out Attack","Eviscerate"],"picked":"SKIP","floor":3.0},{"not_picked":["Sucker Punch","Slice"],"picked":"Escape Plan","floor":7.0},{"not_picked":["Backflip","Predator"],"picked":"Deflect","floor":10.0},{"not_picked":["Sucker Punch","PiercingWail"],"picked":"Dagger Spray","floor":11.0},{"not_picked":["Underhanded Strike","Acrobatics"],"picked":"Dodge and Roll","floor":12.0},{"not_picked":["Dodge and Roll","Blade Dance"],"picked":"Malaise","floor":13.0},{"not_picked":["Phantasmal Killer","Grand Finale"],"picked":"Adrenaline","floor":16.0},{"not_picked":["Slice+1","Accuracy","Underhanded Strike+1"],"picked":"SKIP","floor":18.0},{"not_picked":["Infinite Blades","Flying Knee"],"picked":"Crippling Poison","floor":22.0},{"not_picked":["Distraction","Bane","Accuracy+1"],"picked":"SKIP","floor":23},{"not_picked":["All Out Attack","Dagger Spray+1","Slice"],"picked":"SKIP","floor":25},{"not_picked":["Underhanded Strike","Bane","Finisher"],"picked":"SKIP","floor":28},{"not_picked":["Choke+1","Flying Knee+1"],"picked":"Corpse Explosion","floor":30},{"not_picked":["Glass Knife","Unload"],"picked":"A Thousand Cuts","floor":33},{"not_picked":[],"picked":"PiercingWail+1","floor":35},{"not_picked":["Prepared"],"picked":"SKIP","floor":36},{"not_picked":["Sucker Punch"],"picked":"SKIP","floor":37},{"not_picked":[],"picked":"Catalyst+1","floor":39},{"not_picked":["All Out Attack"],"picked":"SKIP","floor":40},{"not_picked":["Masterful Stab+1"],"picked":"SKIP","floor":45},{"not_picked":["Die Die Die+1"],"picked":"SKIP","floor":46},{"not_picked":["Deadly Poison+1"],"picked":"SKIP","floor":48}],"player_experience":424256,"relics_obtained":[{"floor":7.0,"key":"Orichalcum"},{"floor":9.0,"key":"Oddly Smooth Stone"},{"floor":10.0,"key":"Mercury Hourglass"},{"floor":23,"key":"Bag of Marbles"},{"floor":25,"key":"Ornamental Fan"},{"floor":28,"key":"Mummified Hand"},{"floor":30,"key":"Centennial Puzzle"},{"floor":40,"key":"Molten Egg 2"},{"floor":46,"key":"MawBank"}],"event_choices":[{"damage_healed":0.0,"max_hp_gain":0.0,"max_hp_loss":0.0,"gold_gain":0.0,"event_name":"Living Wall","player_choice":"Grow","floor":4.0,"gold_loss":0.0,"damage_taken":0.0,"cards_upgraded":["Neutralize"]},{"damage_healed":0.0,"max_hp_gain":0.0,"max_hp_loss":0.0,"gold_gain":0.0,"event_name":"Upgrade Shrine","player_choice":"Upgraded","floor":14.0,"gold_loss":0.0,"damage_taken":0.0,"cards_upgraded":["Malaise"]},{"damage_healed":0.0,"max_hp_gain":0.0,"max_hp_loss":0.0,"gold_gain":0.0,"event_name":"Back to Basics","player_choice":"Simplicity","floor":19.0,"gold_loss":0.0,"damage_taken":0.0,"cards_upgraded":["Strike_G","Strike_G","Strike_G","Strike_G","Strike_G","Defend_G","Defend_G","Defend_G","Defend_G","Defend_G"]},{"damage_healed":0.0,"max_hp_gain":0.0,"max_hp_loss":0.0,"gold_gain":0.0,"event_name":"Upgrade Shrine","player_choice":"Upgraded","floor":21.0,"gold_loss":0.0,"damage_taken":0.0,"cards_upgraded":["Footwork"]},{"damage_healed":0,"gold_gain":0,"player_choice":"Max HP","damage_taken":0,"max_hp_gain":0,"max_hp_loss":4,"event_name":"Winding Halls","floor":38,"gold_loss":0},{"damage_healed":0,"gold_gain":0,"player_choice":"Forge","damage_taken":0,"max_hp_gain":0,"max_hp_loss":0,"event_name":"Accursed Blacksmith","floor":42,"gold_loss":0,"cards_upgraded":["Corpse Explosion"]}],"is_beta":false,"boss_relics":[{"not_picked":["Black Star","Ectoplasm"],"picked":"Cursed Key"},{"not_picked":["WristBlade","Runic Pyramid"],"picked":"Busted Crown"}],"items_purged_floors":[20],"is_endless":false,"potions_floor_spawned":[2,7,11,13,18,23,30,35,40,45,48],"ascension_level":6}