{"gold_per_floor":[109,184,184,109,109,109,128,128,151,167,177,197,48,74,74,176,176,189,65,65,65,80,80,80],"floor_reached":24,"playtime":953,"items_purged":["Regret"],"score":194,"play_id":"61fc9c46-6a57-47a8-ad03-c9e5951cb485","local_time":"20190316215933","is_ascension_mode":false,"campfire_choices":[{"data":"Zap","floor":6,"key":"SMITH"},{"data":"Dualcast","floor":8,"key":"SMITH"},{"data":"Fusion","floor":15,"key":"SMITH"},{"data":"Loop","floor":23,"key":"SMITH"}],"neow_cost":"NONE","seed_source_timestamp":273813351734147,"circlet_count":0,"master_deck":["Strike_B","Strike_B","Strike_B","Strike_B","Defend_B","Defend_B","Defend_B","Defend_B","Zap+1","Dualcast+1","Biased Cognition+1","Barrage","Sweeping Beam","Defragment","Darkness","Tempest","Doom and Gloom","Fusion+1","Conserve Battery","Multi-Cast","Hologram","Loop+1","Conserve Battery","Shame","Leap+1"],"relics":["Cracked Core","Pantograph","StoneCalendar","Sozu","Nunchaku"],"potions_floor_usage":[22],"damage_taken":[{"damage":1,"enemies":"Cultist","floor":1,"turns":3},{"damage":6,"enemies":"Jaw Worm","floor":7,"turns":3},{"damage":0,"enemies":"Small Slimes","floor":10,"turns":2},{"damage":2,"enemies":"Blue Slaver","floor":11,"turns":2},{"damage":5,"enemies":"Lots of Slimes","floor":12,"turns":2},{"damage":28,"enemies":"Gremlin Nob","floor":14,"turns":4},{"damage":31,"enemies":"The Guardian","floor":16,"turns":8},{"damage":5,"enemies":"Chosen","floor":18,"turns":3},{"damage":0,"enemies":"Spheric Guardian","floor":22,"turns":2},{"damage":32,"enemies":"Gremlin Leader","floor":24,"turns":5}],"seed_played":"9166875236780349210","potions_obtained":[{"floor":12,"key":"Fire Potion"},{"floor":14,"key":"Ancient Potion"}],"is_trial":false,"path_per_floor":["M","?","?","$","?","R","M","R","T","M","M","M","$","E","R","B",null,"M","$","?","?","M","R","E"],"character_chosen":"DEFECT","items_purchased":["Doom and Gloom","Fusion","Loop","Conserve Battery"],"campfire_rested":0,"item_purchase_floors":[13,13,19,19],"current_hp_per_floor":[74,63,63,63,63,63,57,57,57,57,55,50,50,22,22,16,75,70,70,70,70,70,70,38],"gold":80,"neow_bonus":"ONE_RANDOM_RARE_CARD","is_prod":false,"is_daily":false,"chose_seed":false,"campfire_upgraded":4,"win_rate":0,"timestamp":1552791573,"path_taken":["M","?","?","$","?","R","M","R","T","M","?","M","?","E","R","BOSS","M","$","?","?","M","R","E"],"build_version":"2019-01-23","purchased_purges":1,"victory":false,"max_hp_per_floor":[75,75,75,75,75,75,75,75,75,75,75,75,75,75,75,75,75,75,75,75,75,75,75,75],"card_choices":[{"not_picked":["Double Energy","Rebound"],"picked":"Barrage","floor":1},{"not_picked":["Beam Cell","Gash"],"picked":"Sweeping Beam","floor":7},{"not_picked":["Coolheaded","Steam"],"picked":"Defragment","floor":10},{"not_picked":["Compile Driver","Creative AI"],"picked":"Darkness","floor":11},{"not_picked":["Fusion","Coolheaded"],"picked":"Tempest","floor":12},{"not_picked":["Barrage","Capacitor"],"picked":"Conserve Battery","floor":14},{"not_picked":["Thunder Strike","Fission"],"picked":"Multi-Cast","floor":16},{"not_picked":["Reinforced Body","Sunder"],"picked":"Hologram","floor":18},{"not_picked":["Sweeping Beam","Beam Cell"],"picked":"Leap+1","floor":22}],"player_experience":1197761,"relics_obtained":[{"floor":14,"key":"StoneCalendar"}],"event_choices":[{"damage_healed":0,"gold_gain":75,"player_choice":"Gather Gold","damage_taken":11,"max_hp_gain":0,"max_hp_loss":0,"event_name":"World of Goop","floor":2,"gold_loss":0},{"damage_healed":0,"gold_gain":0,"player_choice":"Box","damage_taken":0,"relics_obtained":["Pantograph"],"max_hp_gain":0,"max_hp_loss":0,"event_name":"Big Fish","floor":3,"gold_loss":0,"cards_obtained":["Regret"]},{"damage_healed":0,"gold_gain":0,"player_choice":"Grow","damage_taken":0,"max_hp_gain":0,"max_hp_loss":0,"event_name":"Living Wall","floor":5,"gold_loss":0,"cards_upgraded":["Biased Cognition"]},{"damage_healed":0,"gold_gain":0,"player_choice":"Ignored","damage_taken":0,"max_hp_gain":0,"max_hp_loss":0,"event_name":"Ghosts","floor":20,"gold_loss":0},{"damage_healed":0,"gold_gain":0,"player_choice":"Stole Relic","damage_taken":0,"relics_obtained":["Nunchaku"],"max_hp_gain":0,"max_hp_loss":0,"event_name":"Addict","floor":21,"gold_loss":0,"cards_obtained":["Shame"]}],"is_beta":false,"boss_relics":[{"not_picked":["Busted Crown","Velvet Choker"],"picked":"Sozu"}],"items_purged_floors":[4],"is_endless":false,"potions_floor_spawned":[12,14,18],"killed_by":"Gremlin Leader","ascension_level":0}