{"gold_per_floor":[117,67,15,25,40,40,40,40,63,63,63,82,96,223,223,223],"floor_reached":16,"playtime":674,"items_purged":[],"score":90,"play_id":"06cd5d05-e65d-4ba2-8df3-87f681ae0464","local_time":"20180706090633","is_ascension_mode":false,"campfire_choices":[{"data":"Body Slam","floor":6,"key":"SMITH"},{"data":"Anger","floor":15,"key":"SMITH"}],"neow_cost":"TEN_PERCENT_HP_LOSS","seed_source_timestamp":839635651637675,"circlet_count":0,"master_deck":["Strike_R","Strike_R","Strike_R","Strike_R","Defend_R+1","Defend_R","Bash","Shrug It Off+1","Anger+1","Body Slam+1","Regret","Bludgeon","Cleave"],"relics":["Burning Blood","Lantern","War Paint","Centennial Puzzle","SsserpentHead","Meat on the Bone"],"potions_floor_usage":[],"damage_taken":[{"damage":10,"enemies":"Small Slimes","floor":1,"turns":4},{"damage":0,"enemies":"Jaw Worm","floor":4,"turns":4},{"damage":0,"enemies":"Cultist","floor":5,"turns":3},{"damage":9,"enemies":"Large Slime","floor":12,"turns":6},{"damage":9,"enemies":"Blue Slaver","floor":13,"turns":3},{"damage":70,"enemies":"Hexaghost","floor":16,"turns":9}],"seed_played":"-5470624426436054928","potions_obtained":[{"floor":13,"key":"Block Potion"}],"is_trial":false,"path_per_floor":["M","?","$","M","M","R","?","T","T","$","?","M","M","T","R"],"character_chosen":"IRONCLAD","items_purchased":["Anger"],"campfire_rested":0,"item_purchase_floors":[3],"current_hp_per_floor":[68,68,68,72,72,72,72,72,72,72,72,69,66,66,66,0],"gold":223,"neow_bonus":"REMOVE_TWO","is_prod":false,"is_daily":false,"chose_seed":false,"campfire_upgraded":2,"win_rate":0,"timestamp":1530885993,"path_taken":["M","?","?","M","?","R","?","?","T","$","?","M","M","?","R","BOSS"],"build_version":"2018-07-05","purchased_purges":0,"victory":false,"max_hp_per_floor":[72,72,72,72,72,72,72,72,72,72,72,72,72,72,72,72],"card_choices":[{"not_picked":["Anger","Clash"],"picked":"Shrug It Off","floor":1},{"not_picked":["Shrug It Off","Evolve","Havoc"],"picked":"SKIP","floor":4},{"not_picked":["Blood for Blood","Sword Boomerang"],"picked":"Body Slam","floor":5},{"not_picked":["Sword Boomerang","Clash"],"picked":"Bludgeon","floor":12},{"not_picked":["True Grit","Dropkick"],"picked":"Cleave","floor":13}],"player_experience":103972,"relics_obtained":[{"floor":8,"key":"War Paint"},{"floor":9,"key":"Centennial Puzzle"},{"floor":14,"key":"Meat on the Bone"}],"event_choices":[{"event_name":"The Cleric","player_choice":"Card Removal","floor":2,"damage_taken":0},{"event_name":"Big Fish","player_choice":"Box","floor":7,"damage_taken":0},{"event_name":"FaceTrader","player_choice":"Trade","floor":11,"damage_taken":0}],"boss_relics":[],"items_purged_floors":[],"is_endless":false,"potions_floor_spawned":[13],"killed_by":"Hexaghost","ascension_level":0}