{"gold_per_floor":[119,131,131,146,165,191,201,226,252,279,279,304,304,27,27,128,128,142,142,155,70,87,87,87,87,87,33,33,33,43,43,43,43],"floor_reached":33,"playtime":2485,"items_purged":[],"score":288,"play_id":"ac5b2b3c-3403-4bdc-9c9a-6648ed758a21","local_time":"20190702120633","is_ascension_mode":false,"campfire_choices":[{"data":"Armaments","floor":11,"key":"SMITH"},{"floor":15,"key":"REST"},{"floor":23,"key":"RECALL"},{"data":"True Grit","floor":25,"key":"SMITH"},{"data":"Body Slam","floor":28,"key":"SMITH"},{"data":"Flame Barrier","floor":32,"key":"SMITH"}],"neow_cost":"NONE","seed_source_timestamp":7807842776687,"circlet_count":0,"master_deck":["Defend_R","Defend_R","Defend_R","Defend_R","Bash","Immolate+1","Clothesline","Shrug It Off","Uppercut","Iron Wave","Headbutt","Feed+1","Armaments+1","Whirlwind","Berserk","Dual Wield","Reckless Charge","True Grit+1","Flex","Sentinel","Offering","Body Slam+1","Rage","Bite","Bite","Bite","Bite","Bite","Shrug It Off","Flame Barrier+1"],"relics":["Burning Blood","Happy Flower","Bag of Preparation","Odd Mushroom","Ancient Tea Set","Membership Card","Regal Pillow","Orrery","MutagenicStrength","Lantern","Centennial Puzzle","Omamori"],"potions_floor_usage":[30,33,33,33],"damage_taken":[{"damage":6,"enemies":"Jaw Worm","floor":1,"turns":3},{"damage":4,"enemies":"2 Louse","floor":2,"turns":2},{"damage":0,"enemies":"Small Slimes","floor":4,"turns":2},{"damage":0,"enemies":"2 Fungi Beasts","floor":5,"turns":1},{"damage":25,"enemies":"Lagavulin","floor":6,"turns":7},{"damage":0,"enemies":"Exordium Thugs","floor":7,"turns":2},{"damage":8,"enemies":"3 Sentries","floor":8,"turns":5},{"damage":0,"enemies":"The Mushroom Lair","floor":10,"turns":2},{"damage":35,"enemies":"Lagavulin","floor":12,"turns":6},{"damage":44,"enemies":"The Guardian","floor":16,"turns":11},{"damage":20,"enemies":"3 Byrds","floor":18,"turns":6},{"damage":6,"enemies":"Spheric Guardian","floor":20,"turns":2},{"damage":42,"enemies":"Snake Plant","floor":22,"turns":5},{"damage":35,"enemies":"Sentry and Sphere","floor":30,"turns":6},{"damage":56,"enemies":"Automaton","floor":33,"turns":6}],"seed_played":"6810805266868178447","potions_obtained":[{"floor":1,"key":"FearPotion"},{"floor":4,"key":"Swift Potion"},{"floor":6,"key":"GamblersBrew"},{"floor":12,"key":"EssenceOfSteel"},{"floor":22,"key":"BloodPotion"},{"floor":30,"key":"SkillPotion"}],"is_trial":false,"path_per_floor":["M","M","?","M","M","E","M","E","T","?","R","E","?","$","R","B",null,"M","?","M","?","M","R","?","R","T","?","R","$","M","?","R","B"],"character_chosen":"IRONCLAD","items_purchased":["Membership Card","Regal Pillow"],"campfire_rested":1,"item_purchase_floors":[14,14],"current_hp_per_floor":[80,80,80,80,80,61,67,65,65,71,71,42,26,26,65,27,80,70,70,74,74,38,38,38,38,38,38,38,38,36,36,36,0],"gold":43,"neow_bonus":"ONE_RANDOM_RARE_CARD","is_prod":false,"is_daily":false,"chose_seed":false,"campfire_upgraded":4,"win_rate":0,"timestamp":1562061993,"path_taken":["M","M","?","M","M","E","M","E","T","?","R","E","?","$","R","BOSS","M","?","M","?","M","R","?","R","T","?","R","$","?","?","R","BOSS"],"build_version":"2019-07-01","purchased_purges":0,"victory":false,"max_hp_per_floor":[80,80,80,80,80,80,80,80,80,80,80,80,80,80,80,80,80,84,84,88,88,88,88,61,61,61,61,61,61,61,61,61,61],"card_choices":[{"not_picked":["Second Wind","Combust","Rupture"],"picked":"SKIP","floor":1},{"not_picked":["Thunderclap","Bloodletting"],"picked":"Clothesline","floor":2},{"not_picked":["Sever Soul","Perfected Strike"],"picked":"Shrug It Off","floor":4},{"not_picked":["Corruption","Spot Weakness"],"picked":"Uppercut","floor":5},{"not_picked":["Flex","Carnage"],"picked":"Iron Wave","floor":6},{"not_picked":["Cleave","Flex"],"picked":"Headbutt","floor":7},{"not_picked":["Uppercut","Evolve"],"picked":"Feed","floor":8},{"not_picked":["Wild Strike","Havoc"],"picked":"Armaments","floor":10},{"not_picked":["Bloodletting","Perfected Strike"],"picked":"Whirlwind","floor":12},{"not_picked":["Fiend Fire","Juggernaut"],"picked":"Berserk","floor":16},{"not_picked":["Havoc","Anger"],"picked":"Dual Wield","floor":17},{"not_picked":["Perfected Strike","Armaments"],"picked":"Reckless Charge","floor":17},{"not_picked":["Inflame","Dropkick"],"picked":"True Grit","floor":17},{"not_picked":["Anger","Wild Strike"],"picked":"Flex","floor":17},{"not_picked":["Dual Wield","Clash"],"picked":"Sentinel","floor":17},{"not_picked":["Pummel","Shrug It Off"],"picked":"Offering","floor":18},{"not_picked":["Sentinel","Sword Boomerang"],"picked":"Body Slam","floor":20},{"not_picked":["Clothesline+1","Cleave"],"picked":"Rage","floor":22},{"not_picked":["Anger","Clash"],"picked":"Shrug It Off","floor":30}],"player_experience":132944,"relics_obtained":[{"floor":6,"key":"Happy Flower"},{"floor":8,"key":"Bag of Preparation"},{"floor":10,"key":"Odd Mushroom"},{"floor":12,"key":"Ancient Tea Set"},{"floor":26,"key":"Centennial Puzzle"}],"event_choices":[{"damage_healed":0,"gold_gain":0,"player_choice":"Grow","damage_taken":0,"max_hp_gain":0,"max_hp_loss":0,"event_name":"Living Wall","floor":3,"gold_loss":0,"cards_upgraded":["Immolate"]},{"damage_healed":0,"gold_gain":0,"player_choice":"Fought Mushrooms","damage_taken":0,"max_hp_gain":0,"max_hp_loss":0,"event_name":"Mushrooms","floor":10,"gold_loss":0},{"damage_healed":0,"gold_gain":0,"player_choice":"Entered Light","damage_taken":16,"max_hp_gain":0,"max_hp_loss":0,"event_name":"Shining Light","floor":13,"gold_loss":0,"cards_upgraded":["Strike_R","Feed"]},{"damage_healed":0,"gold_gain":0,"player_choice":"Inject Mutagens","damage_taken":0,"relics_obtained":["MutagenicStrength"],"max_hp_gain":0,"max_hp_loss":0,"event_name":"Drug Dealer","floor":19,"gold_loss":0},{"damage_healed":0,"gold_gain":0,"player_choice":"Obtained Relic","damage_taken":0,"relics_obtained":["Lantern"],"max_hp_gain":0,"max_hp_loss":0,"event_name":"Addict","floor":21,"gold_loss":85},{"damage_healed":0,"gold_gain":0,"player_choice":"Became a vampire","damage_taken":0,"max_hp_gain":0,"max_hp_loss":27,"event_name":"Vampires","floor":24,"gold_loss":0,"cards_obtained":["Bite","Bite","Bite","Bite","Bite"]},{"damage_healed":0,"gold_gain":0,"player_choice":"Paid Gold","damage_taken":0,"relics_obtained":["Omamori"],"max_hp_gain":0,"max_hp_loss":0,"event_name":"WeMeetAgain","floor":27,"gold_loss":54},{"damage_healed":0,"gold_gain":0,"player_choice":"Read","damage_taken":0,"max_hp_gain":0,"max_hp_loss":0,"event_name":"The Library","floor":31,"gold_loss":0,"cards_obtained":["Flame Barrier"]}],"is_beta":false,"boss_relics":[{"not_picked":["Runic Dome","Astrolabe"],"picked":"Orrery"}],"items_purged_floors":[],"is_endless":false,"potions_floor_spawned":[1,4,6,7,12,22,30],"killed_by":"Automaton","ascension_level":0}