{"gold_per_floor":[113,188,198,198,256,283,295,317,409,456,468,493,530,558,570,682,694,725,489,501,600,600,600,633,633,633,633,633,633,695,709,709,709],"floor_reached":33,"playtime":2473,"items_purged":[],"score":476,"play_id":"9c58ca12-dd18-43d3-8688-6448a58983b5","local_time":"20190322194535","is_ascension_mode":true,"campfire_choices":[{"data":"Zap","floor":7,"key":"SMITH"},{"data":"Loop","floor":15,"key":"SMITH"},{"data":"Dualcast","floor":23,"key":"SMITH"},{"data":"Stack","floor":25,"key":"SMITH"},{"data":"Ball Lightning","floor":27,"key":"SMITH"},{"floor":29,"key":"REST"},{"data":"Ball Lightning","floor":32,"key":"SMITH"}],"neow_cost":"NONE","seed_source_timestamp":255208572148230,"circlet_count":0,"master_deck":["AscendersBane","Strike_B","Strike_B","Strike_B","Strike_B","Defend_B","Defend_B","Defend_B","Defend_B","Zap+1","Dualcast+1","Core Surge","Self Repair","Ball Lightning+1","Conserve Battery","Ball Lightning+1","Stack+1","Loop+1","Leap","Conserve Battery","Electrodynamics","Go for the Eyes+1","Conserve Battery"],"relics":["Cracked Core","MawBank","Meat on the Bone","Juzu Bracelet","Singing Bowl","Odd Mushroom","Black Star","Shuriken","Happy Flower","Molten Egg 2","Strawberry","Centennial Puzzle","Tiny Chest","PreservedInsect"],"potions_floor_usage":[13,13,18,33],"damage_taken":[{"damage":0,"enemies":"Small Slimes","floor":1,"turns":4},{"damage":2,"enemies":"2 Louse","floor":3,"turns":2},{"damage":30,"enemies":"3 Sentries","floor":6,"turns":7},{"damage":7,"enemies":"Jaw Worm","floor":8,"turns":3},{"damage":30,"enemies":"Lagavulin","floor":10,"turns":6},{"damage":3,"enemies":"2 Fungi Beasts","floor":12,"turns":3},{"damage":0,"enemies":"The Mushroom Lair","floor":13,"turns":2},{"damage":6,"enemies":"3 Louse","floor":14,"turns":4},{"damage":48,"enemies":"The Guardian","floor":16,"turns":10},{"damage":13,"enemies":"3 Byrds","floor":18,"turns":2},{"damage":27,"enemies":"2 Thieves","floor":20,"turns":4},{"damage":54,"enemies":"Slavers","floor":24,"turns":4},{"damage":41,"enemies":"Gremlin Leader","floor":30,"turns":6},{"damage":3,"enemies":"Snecko","floor":31,"turns":5},{"damage":63,"enemies":"Collector","floor":33,"turns":9}],"seed_played":"4247413425237768361","potions_obtained":[{"floor":1,"key":"Explosive Potion"},{"floor":10,"key":"SpeedPotion"},{"floor":12,"key":"Explosive Potion"},{"floor":16,"key":"PowerPotion"},{"floor":18,"key":"EssenceOfSteel"}],"is_trial":false,"path_per_floor":["M","?","M","?","?","E","R","M","T","E","?","M","?","M","R","B",null,"M","$","M","?","?","R","E","R","T","R","?","R","E","M","R","B"],"character_chosen":"DEFECT","items_purchased":["Shuriken"],"campfire_rested":1,"item_purchase_floors":[19],"current_hp_per_floor":[68,57,62,67,67,44,44,44,44,33,26,42,49,50,50,21,65,52,52,44,44,70,70,30,30,37,37,37,63,43,61,61,0],"gold":709,"neow_bonus":"ONE_RANDOM_RARE_CARD","is_prod":false,"is_daily":false,"chose_seed":false,"campfire_upgraded":6,"win_rate":0,"timestamp":1553301935,"path_taken":["M","?","M","?","?","E","R","?","T","E","?","M","?","M","R","BOSS","M","$","M","?","?","R","E","R","T","R","?","R","E","M","R","BOSS"],"build_version":"2019-01-23","purchased_purges":0,"victory":false,"max_hp_per_floor":[75,75,75,80,80,80,80,80,80,80,80,80,80,80,80,80,80,80,80,80,80,80,80,82,82,89,89,89,89,91,93,93,93],"card_choices":[{"not_picked":["Blizzard","Coolheaded"],"picked":"Self Repair","floor":1},{"not_picked":["Steam","Double Energy"],"picked":"Ball Lightning","floor":3},{"not_picked":["Coolheaded","Reinforced Body"],"picked":"Conserve Battery","floor":6},{"not_picked":["Chaos","Conserve Battery"],"picked":"Ball Lightning","floor":8},{"not_picked":["Reprogram","Coolheaded"],"picked":"Stack","floor":10},{"not_picked":["Redo","Hello World"],"picked":"Loop","floor":12},{"not_picked":["Auto Shields","Scrape"],"picked":"Leap","floor":13},{"not_picked":["Consume","Heatsinks"],"picked":"Conserve Battery","floor":14},{"not_picked":["Core Surge","Hyperbeam"],"picked":"Electrodynamics","floor":16},{"not_picked":["Streamline","Stack+1"],"picked":"Go for the Eyes+1","floor":18},{"not_picked":["Coolheaded","Double Energy"],"picked":"Conserve Battery","floor":20},{"not_picked":["Force Field+1","Scrape","FTL+1"],"picked":"Singing Bowl","floor":24},{"not_picked":["Beam Cell+1","Aggregate","Go for the Eyes+1"],"picked":"Singing Bowl","floor":30},{"not_picked":["Hyperbeam+1","Tempest","Beam Cell+1"],"picked":"Singing Bowl","floor":31}],"player_experience":1246976,"relics_obtained":[{"floor":6,"key":"MawBank"},{"floor":9,"key":"Meat on the Bone"},{"floor":10,"key":"Juzu Bracelet"},{"floor":13,"key":"Odd Mushroom"},{"floor":24,"key":"Happy Flower"},{"floor":24,"key":"Molten Egg 2"},{"floor":26,"key":"Strawberry"},{"floor":30,"key":"Tiny Chest"},{"floor":30,"key":"PreservedInsect"}],"event_choices":[{"damage_healed":0,"gold_gain":75,"player_choice":"Gather Gold","damage_taken":11,"max_hp_gain":0,"max_hp_loss":0,"event_name":"World of Goop","floor":2,"gold_loss":0},{"damage_healed":0,"gold_gain":0,"player_choice":"Donut","damage_taken":0,"max_hp_gain":5,"max_hp_loss":0,"event_name":"Big Fish","floor":4,"gold_loss":0},{"damage_healed":0,"gold_gain":58,"player_choice":"Gained Gold","damage_taken":0,"max_hp_gain":0,"max_hp_loss":0,"event_name":"Golden Wing","floor":5,"gold_loss":0},{"damage_healed":0,"gold_gain":0,"player_choice":"Success","damage_taken":7,"relics_obtained":["Singing Bowl"],"max_hp_gain":0,"max_hp_loss":0,"event_name":"Scrap Ooze","floor":11,"gold_loss":0},{"damage_healed":0,"gold_gain":0,"player_choice":"Fought Mushrooms","damage_taken":0,"max_hp_gain":0,"max_hp_loss":0,"event_name":"Mushrooms","floor":13,"gold_loss":0},{"damage_healed":0,"gold_gain":99,"player_choice":"Stole From Cult","damage_taken":0,"max_hp_gain":0,"max_hp_loss":0,"event_name":"Nest","floor":21,"gold_loss":0},{"damage_healed":26,"gold_gain":0,"player_choice":"Heal","damage_taken":0,"max_hp_gain":0,"max_hp_loss":0,"event_name":"The Library","floor":22,"gold_loss":0},{"damage_healed":0,"gold_gain":0,"player_choice":"Opened","damage_taken":0,"relics_obtained":["Centennial Puzzle"],"max_hp_gain":0,"max_hp_loss":0,"event_name":"The Mausoleum","floor":28,"gold_loss":0}],"is_beta":false,"boss_relics":[{"not_picked":["White Beast Statue","Runic Dome"],"picked":"Black Star"}],"items_purged_floors":[],"is_endless":false,"potions_floor_spawned":[1,10,12,16,18],"killed_by":"Collector","ascension_level":11}