{"gold_per_floor":[109,109,184,202,216,226,226,237,237,251,262,273,273,308,308,403,403,420,435,435,452,53,53,73,89,89,89],"floor_reached":27,"playtime":2056,"items_purged":["Defend_B"],"score":265,"play_id":"e3d5605c-ce67-455e-888e-6995f0dee91c","local_time":"20181006125140","is_ascension_mode":true,"campfire_choices":[{"floor":7,"key":"REST"},{"floor":13,"key":"REST"},{"floor":15,"key":"REST"},{"floor":23,"key":"REST"}],"neow_cost":"NONE","seed_source_timestamp":690690214954442,"circlet_count":0,"master_deck":["Strike_B","Strike_B","Strike_B","Strike_B","Defend_B","Defend_B","Defend_B","Zap","Dualcast","Buffer","Hologram","FTL","Cold Snap","Coolheaded","Steam","Electrodynamics","Ball Lightning","Chill","Blizzard","Sweeping Beam","Meteor Strike"],"relics":["FrozenCore","Pear","Meat on the Bone","Mercury Hourglass","Bottled Flame","Molten Egg 2"],"potions_floor_usage":[4,11,16,24],"damage_taken":[{"damage":0,"enemies":"Cultist","floor":1,"turns":4},{"damage":0,"enemies":"Small Slimes","floor":4,"turns":3},{"damage":2,"enemies":"Jaw Worm","floor":5,"turns":3},{"damage":28,"enemies":"Gremlin Gang","floor":6,"turns":4},{"damage":2,"enemies":"Exordium Wildlife","floor":8,"turns":5},{"damage":18,"enemies":"Lots of Slimes","floor":10,"turns":4},{"damage":7,"enemies":"3 Louse","floor":11,"turns":3},{"damage":2,"enemies":"Exordium Wildlife","floor":12,"turns":3},{"damage":17,"enemies":"Gremlin Nob","floor":14,"turns":5},{"damage":16,"enemies":"The Guardian","floor":16,"turns":12},{"damage":5,"enemies":"Chosen","floor":18,"turns":6},{"damage":12,"enemies":"Shell Parasite","floor":19,"turns":6},{"damage":32,"enemies":"3 Cultists","floor":21,"turns":5},{"damage":33,"enemies":"Centurion and Healer","floor":24,"turns":6},{"damage":52,"enemies":"Snake Plant","floor":25,"turns":5},{"damage":23,"enemies":"Cultist and Chosen","floor":27,"turns":5}],"seed_played":"130225677872625277","potions_obtained":[{"floor":1,"key":"Ancient Potion"},{"floor":4,"key":"LiquidBronze"},{"floor":10,"key":"LiquidBronze"},{"floor":14,"key":"Poison Potion"},{"floor":21,"key":"Regen Potion"},{"floor":25,"key":"Swift Potion"}],"is_trial":false,"path_per_floor":["M","T","?","M","M","M","R","M","T","M","M","M","R","E","R","B",null,"M","M","?","M","$","R","M","M","T"],"character_chosen":"DEFECT","items_purchased":["Blizzard","Bottled Flame"],"campfire_rested":4,"item_purchase_floors":[22,22],"current_hp_per_floor":[75,85,74,74,72,44,69,67,67,49,54,52,77,60,85,69,85,80,68,68,48,48,73,55,15,15,0],"gold":89,"neow_bonus":"ONE_RANDOM_RARE_CARD","is_prod":false,"is_daily":false,"chose_seed":false,"campfire_upgraded":0,"win_rate":0,"timestamp":1538855500,"path_taken":["M","?","?","M","M","M","R","M","T","?","?","?","R","E","R","BOSS","M","M","?","M","$","R","M","?","T","M"],"build_version":"2018-10-04v2","purchased_purges":1,"victory":false,"max_hp_per_floor":[75,85,85,85,85,85,85,85,85,85,85,85,85,85,85,85,85,85,85,85,85,85,85,85,85,85,85],"card_choices":[{"not_picked":["Stack","Rip and Tear"],"picked":"Hologram","floor":1},{"not_picked":["Beam Cell","Redo"],"picked":"FTL","floor":4},{"not_picked":["Recycle","Sweeping Beam"],"picked":"Cold Snap","floor":5},{"not_picked":["Hologram","Leap"],"picked":"Coolheaded","floor":6},{"not_picked":["White Noise","Go for the Eyes","Gash"],"picked":"SKIP","floor":8},{"not_picked":["Turbo","Coolheaded"],"picked":"Steam","floor":10},{"not_picked":["Lockon","Hologram","Coolheaded"],"picked":"SKIP","floor":11},{"not_picked":["Thunder Strike","Steam","Beam Cell"],"picked":"SKIP","floor":12},{"not_picked":["Hello World","Loop","Hologram"],"picked":"SKIP","floor":14},{"not_picked":["Amplify","Thunder Strike"],"picked":"Electrodynamics","floor":16},{"not_picked":["Cold Snap","Compile Driver"],"picked":"Ball Lightning","floor":18},{"not_picked":["Coolheaded","Hologram","Leap"],"picked":"SKIP","floor":19},{"not_picked":["Tempest","Sweeping Beam"],"picked":"Chill","floor":21},{"not_picked":["Conserve Battery","Force Field"],"picked":"Sweeping Beam","floor":24},{"not_picked":["Steam","Beam Cell"],"picked":"Meteor Strike","floor":25}],"player_experience":425166,"relics_obtained":[{"floor":2,"key":"Pear"},{"floor":9,"key":"Meat on the Bone"},{"floor":14,"key":"Mercury Hourglass"},{"floor":26,"key":"Molten Egg 2"}],"event_choices":[{"event_name":"World of Goop","player_choice":"Gather Gold","floor":3,"damage_taken":0},{"event_name":"Ghosts","player_choice":"Ignored","floor":20,"damage_taken":0}],"is_beta":false,"boss_relics":[{"not_picked":["Busted Crown","Snecko Eye"],"picked":"FrozenCore"}],"items_purged_floors":[22],"is_endless":false,"potions_floor_spawned":[1,4,10,14,21,25],"killed_by":"Cultist and Chosen","ascension_level":4}