{"gold_per_floor":[114,126,51,68,168,168,187,87,87,37,54,86,86,98,98,98],"floor_reached":16,"playtime":798,"items_purged":["Defend_R","Strike_R"],"score":102,"play_id":"9f7aa835-7ea7-4628-9a0d-b3dfceed5224","local_time":"20180630214222","is_ascension_mode":false,"campfire_choices":[{"data":"Thunderclap","floor":6,"key":"SMITH"},{"data":"Flex","floor":15,"key":"SMITH"}],"neow_cost":"","seed_source_timestamp":1131053618527348,"circlet_count":0,"master_deck":["Strike_R","Strike_R","Strike_R","Strike_R","Defend_R","Defend_R","Defend_R","Bash","Shrug It Off","Rampage","Thunderclap+1","Flex+1","Anger","Rampage","Body Slam","Feed"],"relics":["Burning Blood","Dodecahedron","Shuriken"],"potions_floor_usage":[12,16,16],"damage_taken":[{"damage":1,"enemies":"Cultist","floor":1,"turns":3},{"damage":10,"enemies":"2 Louse","floor":2,"turns":3},{"damage":6,"enemies":"Jaw Worm","floor":4,"turns":3},{"damage":25,"enemies":"Exordium Wildlife","floor":7,"turns":5},{"damage":2,"enemies":"Looter","floor":11,"turns":3},{"damage":13,"enemies":"Lagavulin","floor":12,"turns":5},{"damage":6,"enemies":"2 Fungi Beasts","floor":14,"turns":2},{"damage":61,"enemies":"The Guardian","floor":16,"turns":5}],"seed_played":"8683908039301609307","potions_obtained":[{"floor":1,"key":"LiquidBronze"},{"floor":2,"key":"Strength Potion"},{"floor":12,"key":"Swift Potion"}],"is_trial":false,"path_per_floor":["M","M","$","M","?","R","M","$","T","$","M","E","$","M","R"],"character_chosen":"IRONCLAD","items_purchased":["Anger"],"campfire_rested":0,"item_purchase_floors":[10],"current_hp_per_floor":[80,76,76,76,76,76,57,57,57,57,61,54,54,54,54,0],"gold":98,"neow_bonus":"","is_prod":false,"is_daily":false,"chose_seed":false,"campfire_upgraded":2,"win_rate":0,"timestamp":1530412942,"path_taken":["M","M","$","M","?","R","M","$","T","?","M","E","?","M","R","BOSS"],"build_version":"2018-06-28","purchased_purges":2,"victory":false,"max_hp_per_floor":[80,80,80,80,80,80,80,80,80,80,80,80,80,80,80,80],"card_choices":[{"not_picked":["Infernal Blade","Fire Breathing"],"picked":"Shrug It Off","floor":1},{"not_picked":["Infernal Blade","Wild Strike"],"picked":"Rampage","floor":2},{"not_picked":["Corruption","Hemokinesis"],"picked":"Thunderclap","floor":4},{"not_picked":["Burning Pact","Shrug It Off"],"picked":"Flex","floor":7},{"not_picked":["Heavy Blade","Warcry"],"picked":"Rampage","floor":11},{"not_picked":["Uppercut","Reckless Charge"],"picked":"Body Slam","floor":12},{"not_picked":["Twin Strike","True Grit"],"picked":"Feed","floor":14}],"player_experience":69930,"relics_obtained":[{"floor":9,"key":"Dodecahedron"},{"floor":12,"key":"Shuriken"}],"event_choices":[{"event_name":"Golden Shrine","player_choice":"Pray","floor":5,"damage_taken":0}],"boss_relics":[],"items_purged_floors":[3,8],"is_endless":false,"potions_floor_spawned":[1,2,12],"killed_by":"The Guardian","ascension_level":0}