{"gold_per_floor":[364,364,383,403,415,415,449,449,476,24,24,24,35,53,53,153,153,164,16,27,27,47,47,61,61,61,72,105,125,125,141,141,246,246,258,270,36,48,48,48,64,77,77,77,77,96,110,120,120,120],"floor_reached":50,"playtime":5685,"items_purged":[],"score":497,"play_id":"8b091311-35ab-4404-9eea-bfd9340ec392","local_time":"20190624232259","is_ascension_mode":false,"campfire_choices":[{"data":"Infernal Blade","floor":6.0,"key":"SMITH"},{"floor":8.0,"key":"REST"},{"data":"Bloodletting","floor":11.0,"key":"SMITH"},{"data":"Whirlwind","floor":15.0,"key":"SMITH"},{"data":"Barricade","floor":23.0,"key":"SMITH"},{"data":"Flame Barrier","floor":25.0,"key":"SMITH"},{"data":"Inflame","floor":30.0,"key":"SMITH"},{"data":"Finesse","floor":32.0,"key":"SMITH"},{"floor":40.0,"key":"REST"},{"floor":49,"key":"REST"}],"neow_cost":"TEN_PERCENT_HP_LOSS","seed_source_timestamp":0,"circlet_count":0,"master_deck":["Strike_R","Strike_R","Strike_R","Strike_R","Strike_R","Defend_R","Defend_R","Defend_R","Defend_R","Uppercut+1","Bloodletting+1","Infernal Blade+1","Inflame+1","Whirlwind+1","Shrug It Off","Iron Wave","Clothesline","Flex","Barricade+1","Heavy Blade+1","Finesse+1","Flex","Anger","Anger","Flame Barrier+1","Dropkick+1","Shrug It Off","Wild Strike+1","Pummel+1","Brutality","Clothesline+1","Sword Boomerang+1","Body Slam+1","Fire Breathing+1","Ghostly Armor+1","Dramatic Entrance+1","Doubt","Parasite","Rupture+1","Heavy Blade+1","Shrug It Off+1"],"special_seed":0,"relics":["Burning Blood","Smiling Mask","Strawberry","Vajra","Kunai","Busted Crown","Molten Egg 2","Anchor","Eternal Feather","Toy Ornithopter","Pear"],"potions_floor_usage":[42,42,50,50],"damage_taken":[{"damage":1.0,"enemies":"2 Louse","floor":1.0,"turns":3.0},{"damage":3.0,"enemies":"Small Slimes","floor":3.0,"turns":3.0},{"damage":4.0,"enemies":"Cultist","floor":4.0,"turns":3.0},{"damage":24.0,"enemies":"Lots of Slimes","floor":5.0,"turns":6.0},{"damage":49.0,"enemies":"Lagavulin","floor":7.0,"turns":7.0},{"damage":3.0,"enemies":"Exordium Thugs","floor":13.0,"turns":3.0},{"damage":0.0,"enemies":"3 Louse","floor":14.0,"turns":2.0},{"damage":16.0,"enemies":"Hexaghost","floor":16.0,"turns":7.0},{"damage":4.0,"enemies":"Shell Parasite","floor":18.0,"turns":4.0},{"damage":6.0,"enemies":"Chosen","floor":20.0,"turns":3.0},{"damage":0.0,"enemies":"Snake Plant","floor":22.0,"turns":2.0},{"damage":27.0,"enemies":"Sentry and Sphere","floor":24.0,"turns":4.0},{"damage":8.0,"enemies":"Centurion and Healer","floor":27.0,"turns":5.0},{"damage":21.0,"enemies":"Book of Stabbing","floor":28.0,"turns":4.0},{"damage":0.0,"enemies":"Cultist and Chosen","floor":29.0,"turns":6.0},{"damage":0.0,"enemies":"Chosen and Byrds","floor":31.0,"turns":4.0},{"damage":50.0,"enemies":"Automaton","floor":33.0,"turns":11.0},{"damage":11.0,"enemies":"3 Shapes","floor":35.0,"turns":4.0},{"damage":33.0,"enemies":"3 Darklings","floor":36.0,"turns":5.0},{"damage":43.0,"enemies":"Maw","floor":38.0,"turns":8.0},{"damage":38.0,"enemies":"Sphere and 2 Shapes","floor":41.0,"turns":4.0},{"damage":21,"enemies":"4 Shapes","floor":42,"turns":6},{"damage":17,"enemies":"Writhing Mass","floor":46,"turns":6},{"damage":23,"enemies":"Maw","floor":47,"turns":8},{"damage":23,"enemies":"4 Shapes","floor":48,"turns":7},{"damage":99,"enemies":"Time Eater","floor":50,"turns":9}],"seed_played":"-1154015837881865930","potions_obtained":[{"floor":4.0,"key":"GamblersBrew"},{"floor":7.0,"key":"SkillPotion"},{"floor":14.0,"key":"Explosive Potion"},{"floor":20.0,"key":"Poison Potion"},{"floor":46,"key":"AttackPotion"}],"is_trial":false,"path_per_floor":["M","?","M","M","M","R","E","R","T","$","R","?","M","M","R","B",null,"M","$","M","?","M","R","M","R","T","M","E","M","R","M","R","B",null,"M","M","$","M","?","R","M","M","T","?","?","M","M","M","R","B"],"character_chosen":"IRONCLAD","items_purchased":["Vajra","Kunai","Shrug It Off","Finesse","Flex","Toy Ornithopter","Body Slam+1"],"campfire_rested":3,"item_purchase_floors":[10,10,10,19,19,37,37],"current_hp_per_floor":[72,72,72,72,54,54,11,32,39,39,39,39,42,48,48,38,79,79,79,79,79,79,79,58,58,58,56,41,47,47,53,53,9,79,74,47,47,10,10,51,19,14,24,24,89,78,61,44,89,0],"gold":120,"neow_bonus":"TWO_FIFTY_GOLD","is_prod":false,"is_daily":false,"chose_seed":false,"campfire_upgraded":7,"win_rate":0.0,"timestamp":1561411379,"path_taken":["M","?","M","M","M","R","E","R","T","$","R","?","M","M","R","BOSS","M","?","?","?","M","R","M","R","T","M","E","M","R","M","R","BOSS","M","M","$","M","?","R","M","M","T","?","?","M","M","M","R","BOSS"],"build_version":"2019-01-23","purchased_purges":0,"victory":false,"max_hp_per_floor":[72,72,72,72,72,72,72,72,79,79,79,79,79,79,79,79,79,79,79,79,79,79,79,79,79,79,79,79,79,79,79,79,79,79,79,79,79,79,79,79,79,79,89,89,89,89,89,89,89,89],"card_choices":[{"not_picked":["Anger","Body Slam"],"picked":"Uppercut","floor":1.0},{"not_picked":["Burning Pact","Pommel Strike"],"picked":"Bloodletting","floor":3.0},{"not_picked":["Battle Trance","Body Slam"],"picked":"Infernal Blade","floor":4.0},{"not_picked":["Havoc","Power Through"],"picked":"Inflame","floor":5.0},{"not_picked":["Brutality","Hemokinesis"],"picked":"Whirlwind","floor":7.0},{"not_picked":["True Grit","Cleave"],"picked":"Clothesline","floor":13.0},{"not_picked":["Bloodletting","Iron Wave"],"picked":"Flex","floor":14.0},{"not_picked":["Dark Embrace","Limit Break"],"picked":"Barricade","floor":16.0},{"not_picked":[],"picked":"Heavy Blade+1","floor":18.0},{"not_picked":[],"picked":"Anger","floor":20.0},{"not_picked":[],"picked":"Anger","floor":22.0},{"not_picked":[],"picked":"Flame Barrier","floor":24.0},{"not_picked":[],"picked":"Dropkick+1","floor":27.0},{"not_picked":[],"picked":"Shrug It Off","floor":28.0},{"not_picked":[],"picked":"Wild Strike+1","floor":29.0},{"not_picked":[],"picked":"Pummel+1","floor":31.0},{"not_picked":[],"picked":"Brutality","floor":33.0},{"not_picked":[],"picked":"Clothesline+1","floor":35.0},{"not_picked":[],"picked":"Sword Boomerang+1","floor":36.0},{"not_picked":["Combust"],"picked":"SKIP","floor":38.0},{"not_picked":[],"picked":"Fire Breathing+1","floor":41},{"not_picked":[],"picked":"Ghostly Armor+1","floor":42},{"not_picked":[],"picked":"Dramatic Entrance+1","floor":44},{"not_picked":[],"picked":"Rupture+1","floor":46},{"not_picked":[],"picked":"Heavy Blade+1","floor":47},{"not_picked":[],"picked":"Shrug It Off+1","floor":48}],"player_experience":96791,"relics_obtained":[{"floor":7.0,"key":"Smiling Mask"},{"floor":9.0,"key":"Strawberry"},{"floor":26.0,"key":"Molten Egg 2"},{"floor":28.0,"key":"Anchor"},{"floor":43,"key":"Pear"}],"event_choices":[{"damage_healed":0.0,"max_hp_gain":0.0,"max_hp_loss":0.0,"gold_gain":0.0,"event_name":"Living Wall","player_choice":"Grow","floor":2.0,"gold_loss":0.0,"damage_taken":0.0,"cards_upgraded":["Uppercut"]},{"cards_removed":["Bash"],"damage_healed":0.0,"max_hp_gain":0.0,"max_hp_loss":0.0,"gold_gain":0.0,"event_name":"NoteForYourself","player_choice":"Took Card","floor":12.0,"gold_loss":0.0,"damage_taken":0.0,"cards_obtained":["Iron Wave"]},{"damage_healed":0.0,"max_hp_gain":0.0,"max_hp_loss":0.0,"gold_gain":0.0,"event_name":"Ghosts","player_choice":"Ignored","floor":21.0,"gold_loss":0.0,"damage_taken":0.0},{"damage_healed":0.0,"max_hp_gain":0.0,"max_hp_loss":0.0,"gold_gain":0.0,"event_name":"Mysterious Sphere","player_choice":"Ignored","floor":39.0,"gold_loss":0.0,"damage_taken":0.0},{"damage_healed":0,"gold_gain":0,"player_choice":"Memory 1","damage_taken":0,"max_hp_gain":0,"max_hp_loss":0,"event_name":"SensoryStone","floor":44,"gold_loss":0},{"damage_healed":65,"gold_gain":0,"player_choice":"Heal","damage_taken":0,"max_hp_gain":0,"max_hp_loss":0,"event_name":"MindBloom","floor":45,"gold_loss":0,"cards_obtained":["Doubt"]}],"is_beta":false,"boss_relics":[{"not_picked":["Tiny House","Fusion Hammer"],"picked":"Busted Crown"},{"not_picked":["Runic Dome","White Beast Statue"],"picked":"Eternal Feather"}],"items_purged_floors":[],"is_endless":false,"potions_floor_spawned":[4,7,14,20,24,28,33,41,46],"killed_by":"Time Eater","ascension_level":0}