{"gold_per_floor":[119,194,119,134,84,118,118,30,30,46,46,57,30,49,49,150,150,160,176,226,246,85,118,118,137,137,152,3,3,19,19,19,116,116,129,129,129,139,151,177,55,55,55,55,71,86,86,86,86,86],"floor_reached":51,"playtime":4927,"items_purged":["Strike_G","Defend_G"],"score":647,"play_id":"087fbfd0-3931-463f-830b-ee8d978b9cb4","local_time":"20180726090556","is_ascension_mode":false,"campfire_choices":[{"data":"Underhanded Strike","floor":7,"key":"SMITH"},{"data":"Flash of Steel","floor":11,"key":"SMITH"},{"floor":15,"key":"REST"},{"floor":24,"key":"REST"},{"data":"A Thousand Cuts","floor":29,"key":"SMITH"},{"floor":32,"key":"REST"},{"data":"Flechettes","floor":42,"key":"SMITH"},{"data":"Finisher","floor":44,"key":"SMITH"},{"data":"Neutralize","floor":49,"key":"SMITH"}],"neow_cost":"","seed_source_timestamp":2563369219031708,"circlet_count":0,"master_deck":["Defend_G","Defend_G","Defend_G","Defend_G","Strike_G","Strike_G+1","Survivor","Neutralize+1","Dagger Throw+1","Underhanded Strike+1","Escape Plan","Flash of Steel+1","Prepared+1","Cloak And Dagger+1","Acrobatics+1","Deflect+1","A Thousand Cuts+1","Flechettes+1","Calculated Gamble+1","Slice+1","Escape Plan+1","Finisher+1","Acrobatics+1","Terror+1","Underhanded Strike","Slice","Finesse+1","Deflect+1","Burst+1","Well Laid Plans+1","Prepared+1","Deflect+1","Underhanded Strike+1"],"relics":["Ring of the Snake","Whetstone","Toxic Egg 2","Eternal Feather","Shuriken","Bird Faced Urn","Busted Crown","Matryoshka","Happy Flower","Molten Egg 2"],"potions_floor_usage":[18,23,50],"damage_taken":[{"damage":0,"enemies":"2 Louse","floor":1,"turns":4},{"damage":0,"enemies":"Jaw Worm","floor":4,"turns":4},{"damage":6,"enemies":"3 Sentries","floor":6,"turns":11},{"damage":0,"enemies":"Cultist","floor":10,"turns":2},{"damage":1,"enemies":"2 Fungi Beasts","floor":12,"turns":2},{"damage":1,"enemies":"Blue Slaver","floor":14,"turns":2},{"damage":28,"enemies":"The Guardian","floor":16,"turns":12},{"damage":10,"enemies":"2 Thieves","floor":18,"turns":4},{"damage":1,"enemies":"Shell Parasite","floor":19,"turns":3},{"damage":10,"enemies":"Centurion and Healer","floor":21,"turns":5},{"damage":34,"enemies":"Gremlin Leader","floor":23,"turns":6},{"damage":17,"enemies":"Snake Plant","floor":25,"turns":4},{"damage":10,"enemies":"Cultist and Chosen","floor":27,"turns":5},{"damage":5,"enemies":"Centurion and Healer","floor":30,"turns":4},{"damage":16,"enemies":"Collector","floor":33,"turns":6},{"damage":14,"enemies":"3 Darklings","floor":35,"turns":4},{"damage":0,"enemies":"3 Shapes","floor":38,"turns":3},{"damage":5,"enemies":"Sphere and 2 Shapes","floor":39,"turns":4},{"damage":3,"enemies":"Giant Head","floor":40,"turns":3},{"damage":0,"enemies":"3 Darklings","floor":45,"turns":3},{"damage":7,"enemies":"4 Shapes","floor":46,"turns":5},{"damage":57,"enemies":"Time Eater","floor":50,"turns":9}],"seed_played":"-5049129821983003251","potions_obtained":[{"floor":4,"key":"LiquidBronze"},{"floor":14,"key":"PowerPotion"},{"floor":16,"key":"SmokeBomb"},{"floor":18,"key":"GhostInAJar"},{"floor":25,"key":"SneckoOil"},{"floor":27,"key":"GhostInAJar"}],"is_trial":false,"path_per_floor":["M","?","$","M","?","E","R","$","T","M","R","M","$","M","R","B",null,"M","M","?","M","$","E","R","M","T","M","$","R","M","?","R","B",null,"M","?","?","M","M","E","$","R","T","R","M","M","?","$","R","B"],"character_chosen":"THE_SILENT","items_purchased":["Flash of Steel","Acrobatics+1","Escape Plan+1","Finisher","Slice","Finesse+1","Prepared+1"],"campfire_rested":3,"item_purchase_floors":[8,13,22,22,28,28,41],"current_hp_per_floor":[70,59,59,59,59,53,53,53,53,53,53,52,52,51,70,42,70,60,59,59,49,49,15,51,34,34,26,26,41,38,38,70,54,70,58,58,58,60,59,60,60,70,70,70,70,65,65,65,70,15],"gold":86,"neow_bonus":"","is_prod":false,"is_daily":false,"chose_seed":false,"campfire_upgraded":6,"win_rate":0,"timestamp":1532613956,"path_taken":["M","?","$","?","?","E","R","?","T","M","R","M","$","M","R","BOSS","M","M","?","?","?","E","R","M","T","M","$","R","?","?","R","BOSS","M","?","?","?","M","E","$","R","T","R","M","M","?","$","R","BOSS"],"build_version":"2018-07-19v2","purchased_purges":2,"victory":true,"max_hp_per_floor":[70,70,70,70,70,70,70,70,70,70,70,70,70,70,70,70,70,70,70,70,70,70,70,70,70,70,70,70,70,70,70,70,70,70,70,70,70,70,70,70,70,70,70,70,70,70,70,70,70,70],"card_choices":[{"not_picked":["Backflip","Outmaneuver"],"picked":"Dagger Throw","floor":1},{"not_picked":["Accuracy","Acrobatics"],"picked":"Underhanded Strike","floor":4},{"not_picked":["Burst","Catalyst"],"picked":"Escape Plan","floor":6},{"not_picked":["Outmaneuver+1","Backflip+1"],"picked":"Prepared+1","floor":10},{"not_picked":["Skewer","Dagger Spray"],"picked":"Cloak And Dagger+1","floor":12},{"not_picked":["Setup+1","Bane"],"picked":"Deflect+1","floor":14},{"not_picked":["Malaise+1","Envenom"],"picked":"A Thousand Cuts","floor":16},{"not_picked":["Flying Knee","Footwork"],"picked":"Flechettes","floor":18},{"not_picked":["Quick Slash+1","Predator"],"picked":"Calculated Gamble+1","floor":19},{"not_picked":["Dagger Spray","Skewer+1"],"picked":"Slice+1","floor":21},{"not_picked":["Backstab","Dash"],"picked":"Acrobatics+1","floor":23},{"not_picked":["Dodge and Roll+1","Crippling Poison+1"],"picked":"Terror+1","floor":25},{"not_picked":["Acrobatics+1","Quick Slash+1"],"picked":"Underhanded Strike","floor":27},{"not_picked":["Masterful Stab","Bouncing Flask+1"],"picked":"Deflect+1","floor":30},{"not_picked":["Wraith Form v2","Envenom"],"picked":"Burst+1","floor":33},{"not_picked":["PiercingWail+1"],"picked":"SKIP","floor":35},{"not_picked":[],"picked":"Well Laid Plans+1","floor":38},{"not_picked":[],"picked":"Outmaneuver+1","floor":39},{"not_picked":["Endless Agony"],"picked":"SKIP","floor":40},{"not_picked":[],"picked":"Deflect+1","floor":45},{"not_picked":[],"picked":"Underhanded Strike+1","floor":46}],"player_experience":334326,"relics_obtained":[{"floor":6,"key":"Whetstone"},{"floor":9,"key":"Toxic Egg 2"},{"floor":23,"key":"Shuriken"},{"floor":26,"key":"Bird Faced Urn"},{"floor":40,"key":"Matryoshka"},{"floor":43,"key":"Happy Flower"},{"floor":43,"key":"Molten Egg 2"}],"event_choices":[{"event_name":"World of Goop","player_choice":"Gather Gold","floor":2,"damage_taken":0},{"event_name":"The Cleric","player_choice":"Card Removal","floor":5,"damage_taken":0},{"event_name":"The Joust","player_choice":"Bet on Murderer","floor":20,"damage_taken":0},{"event_name":"Ghosts","player_choice":"Ignored","floor":31,"damage_taken":0},{"event_name":"SensoryStone","player_choice":"Memory 1","floor":36,"damage_taken":0},{"event_name":"Purifier","player_choice":"One Purge","floor":37,"damage_taken":0},{"event_name":"Falling","player_choice":"Removed Skill","floor":47,"damage_taken":0}],"is_beta":false,"boss_relics":[{"not_picked":["Philosopher\u0027s Stone","Ectoplasm"],"picked":"Eternal Feather"},{"not_picked":["Fusion Hammer","Runic Pyramid"],"picked":"Busted Crown"}],"items_purged_floors":[3,41],"is_endless":false,"potions_floor_spawned":[4,14,16,18,25,27,33,35,46],"ascension_level":0}