{"gold_per_floor":[18,32,46,46,62,62,72,104,104,115,115,40,40,40,40,142,142,161,161,171,188,0,0],"floor_reached":23,"playtime":2305,"items_purged":["Strike_G"],"score":232,"play_id":"96b53d77-70d5-479a-a918-12b007fee7fb","local_time":"20181106170805","is_ascension_mode":true,"campfire_choices":[{"floor":6,"key":"REST"},{"floor":11,"key":"REST"},{"floor":13,"key":"REST"},{"floor":15,"key":"REST"}],"neow_cost":"NO_GOLD","seed_source_timestamp":199024102116929,"circlet_count":0,"master_deck":["Defend_G","Defend_G","Defend_G","Defend_G","Strike_G","Strike_G","Strike_G","Survivor","Neutralize","Noxious Fumes","Noxious Fumes+1","Acrobatics","Bouncing Flask","Leg Sweep","PiercingWail","Wraith Form v2","Bane"],"relics":["Ring of the Snake","Shuriken","Bird Faced Urn","Letter Opener","White Beast Statue"],"potions_floor_usage":[8,21,21,23,23],"damage_taken":[{"damage":6,"enemies":"Small Slimes","floor":1,"turns":5},{"damage":2,"enemies":"Cultist","floor":2,"turns":4},{"damage":0,"enemies":"2 Louse","floor":3,"turns":3},{"damage":7,"enemies":"Large Slime","floor":5,"turns":6},{"damage":4,"enemies":"Blue Slaver","floor":7,"turns":4},{"damage":39,"enemies":"3 Sentries","floor":8,"turns":6},{"damage":19,"enemies":"3 Louse","floor":10,"turns":4},{"damage":20,"enemies":"The Guardian","floor":16,"turns":9},{"damage":21,"enemies":"Shell Parasite","floor":18,"turns":6},{"damage":27,"enemies":"2 Thieves","floor":20,"turns":5},{"damage":11,"enemies":"Centurion and Healer","floor":21,"turns":7},{"damage":16,"enemies":"Book of Stabbing","floor":23,"turns":7}],"seed_played":"-8519768880209835975","potions_obtained":[{"floor":2,"key":"AttackPotion"},{"floor":3,"key":"FearPotion"},{"floor":10,"key":"SpeedPotion"},{"floor":18,"key":"Dexterity Potion"},{"floor":20,"key":"Energy Potion"},{"floor":21,"key":"Block Potion"}],"is_trial":false,"path_per_floor":["M","M","M","?","M","R","M","E","T","M","R","$","R","?","R","B",null,"M","?","M","M","?","E"],"character_chosen":"THE_SILENT","items_purchased":[],"campfire_rested":4,"item_purchase_floors":[],"current_hp_per_floor":[64,62,62,62,55,70,66,27,27,12,33,33,54,54,70,50,70,51,38,15,10,10,0],"gold":0,"neow_bonus":"REMOVE_TWO","is_prod":false,"is_daily":false,"chose_seed":false,"campfire_upgraded":0,"win_rate":0,"timestamp":1541552885,"path_taken":["M","M","M","?","M","R","M","E","T","?","R","$","R","?","R","BOSS","M","?","M","M","?","E"],"build_version":"2018-11-01","purchased_purges":1,"victory":false,"max_hp_per_floor":[70,70,70,70,70,70,70,70,70,70,70,70,70,70,70,70,70,70,75,75,75,75,75],"card_choices":[{"not_picked":["Outmaneuver","Caltrops"],"picked":"Noxious Fumes","floor":1},{"not_picked":["Outmaneuver","Masterful Stab"],"picked":"Noxious Fumes","floor":2},{"not_picked":["Blade Dance","Setup"],"picked":"Acrobatics","floor":3},{"not_picked":["Underhanded Strike","Blade Dance"],"picked":"Bouncing Flask","floor":5},{"not_picked":["Dagger Spray","Deflect","Concentrate"],"picked":"SKIP","floor":7},{"not_picked":["Dagger Throw","Footwork"],"picked":"Leg Sweep","floor":8},{"not_picked":["Cloak And Dagger","Outmaneuver"],"picked":"PiercingWail","floor":10},{"not_picked":["Grand Finale","Unload"],"picked":"Wraith Form v2","floor":16},{"not_picked":["Dagger Spray","Slice+1","Dagger Throw"],"picked":"SKIP","floor":18},{"not_picked":["Backflip","Footwork"],"picked":"Bane","floor":20},{"not_picked":["Sucker Punch","Dodge and Roll+1","Quick Slash+1"],"picked":"SKIP","floor":21}],"player_experience":484576,"relics_obtained":[{"floor":8,"key":"Shuriken"},{"floor":9,"key":"Bird Faced Urn"}],"event_choices":[{"damage_healed":0,"gold_gain":0,"player_choice":"Upgraded","damage_taken":0,"max_hp_gain":0,"max_hp_loss":0,"event_name":"Upgrade Shrine","floor":4,"gold_loss":0,"cards_upgraded":["Noxious Fumes"]},{"damage_healed":0,"gold_gain":0,"player_choice":"Gave Potion","damage_taken":0,"relics_obtained":["Letter Opener"],"max_hp_gain":0,"max_hp_loss":0,"event_name":"WeMeetAgain","floor":14,"gold_loss":0},{"damage_healed":0,"gold_gain":0,"player_choice":"Shed Blood","damage_taken":18,"max_hp_gain":5,"max_hp_loss":0,"event_name":"Forgotten Altar","floor":19,"gold_loss":0},{"damage_healed":0,"gold_gain":0,"player_choice":"Paid Fearfully","damage_taken":0,"max_hp_gain":0,"max_hp_loss":0,"event_name":"Masked Bandits","floor":22,"gold_loss":188}],"is_beta":false,"boss_relics":[{"not_picked":["Ring of the Serpent","Tiny House"],"picked":"White Beast Statue"}],"items_purged_floors":[12],"is_endless":false,"potions_floor_spawned":[2,3,10,18,20,21],"killed_by":"Book of Stabbing","ascension_level":4}