{"gold_per_floor":[369,380,397,322,332,364,364,329,356,356,367,393,393,408,408,506,506,526,542,542,223,223,223,251,270,270,289,308,327,327,46,46,145,145,162,74,88,88],"floor_reached":38,"playtime":4266,"items_purged":["Strike_B","Strike_B","Defend_B"],"score":476,"play_id":"8769bda9-f6b9-4649-bc18-703399c4f764","local_time":"20180803100024","is_ascension_mode":true,"campfire_choices":[{"floor":10.0,"key":"REST"},{"floor":13.0,"key":"REST"},{"data":"Sunder","floor":15.0,"key":"SMITH"},{"floor":23.0,"key":"REST"},{"data":"Go for the Eyes","floor":32.0,"key":"SMITH"}],"neow_cost":"TEN_PERCENT_HP_LOSS","seed_source_timestamp":0,"circlet_count":0,"master_deck":["Strike_B+1","Defend_B","Defend_B","Zap","Dualcast","Leap","Capacitor","Cold Snap+1","Stack","Loop","Sunder+1","Go for the Eyes+1","Conserve Battery","Echo Form","Beam Cell+1","Barrage+1","Self Repair","Compile Driver","Recycle","Chaos","Consume+1","Coolheaded","Rainbow","Turbo","Creative AI","Flash of Steel"],"special_seed":0,"relics":["Cracked Core","Vajra","Whetstone","Potion Belt","Nuclear Battery","Gremlin Horn","Incense Burner","Strawberry","Anchor","Busted Crown"],"potions_floor_usage":[],"damage_taken":[{"damage":3.0,"enemies":"2 Louse","floor":1.0,"turns":3.0},{"damage":10.0,"enemies":"Small Slimes","floor":2.0,"turns":3.0},{"damage":1.0,"enemies":"Cultist","floor":3.0,"turns":3.0},{"damage":7.0,"enemies":"2 Fungi Beasts","floor":5.0,"turns":3.0},{"damage":18.0,"enemies":"3 Sentries","floor":6.0,"turns":11.0},{"damage":19.0,"enemies":"Exordium Thugs","floor":11.0,"turns":5.0},{"damage":18.0,"enemies":"Gremlin Nob","floor":12.0,"turns":4.0},{"damage":5.0,"enemies":"Gremlin Gang","floor":14.0,"turns":4.0},{"damage":16.0,"enemies":"The Guardian","floor":16.0,"turns":11.0},{"damage":24.0,"enemies":"3 Byrds","floor":18.0,"turns":7.0},{"damage":15.0,"enemies":"Chosen","floor":19.0,"turns":5.0},{"damage":14.0,"enemies":"Book of Stabbing","floor":24.0,"turns":4.0},{"damage":29.0,"enemies":"Sentry and Sphere","floor":25.0,"turns":6.0},{"damage":9.0,"enemies":"3 Cultists","floor":27.0,"turns":5.0},{"damage":3.0,"enemies":"Cultist and Chosen","floor":28.0,"turns":7.0},{"damage":9.0,"enemies":"Snake Plant","floor":29.0,"turns":3.0},{"damage":42.0,"enemies":"Automaton","floor":33.0,"turns":11.0},{"damage":9.0,"enemies":"Orb Walker","floor":35.0,"turns":5.0},{"damage":42.0,"enemies":"3 Darklings","floor":37.0,"turns":5.0},{"damage":0,"floor":38,"turns":1}],"seed_played":"7180714811272068141","potions_obtained":[{"floor":2.0,"key":"Energy Potion"},{"floor":5.0,"key":"EssenceOfSteel"},{"floor":14.0,"key":"Regen Potion"},{"floor":16.0,"key":"Poison Potion"},{"floor":19.0,"key":"SkillPotion"},{"floor":27.0,"key":"Strength Potion"},{"floor":29.0,"key":"Poison Potion"},{"floor":33.0,"key":"Swift Potion"}],"is_trial":false,"path_per_floor":["M","M","M","$","M","E","?","?","T","R","M","E","R","M","R","B",null,"M","M","T","$","?","R","E","M","T","M","M","M","?","$","R","B",null,"M","$","M"],"character_chosen":"DEFECT","items_purchased":["Self Repair","Fruit Juice","Compile Driver","Anchor","Flash of Steel"],"campfire_rested":3,"item_purchase_floors":[21,21,21,31,36],"current_hp_per_floor":[65,55,54,54,47,29,29,46,46,66,47,29,49,44,44,28,68,44,29,29,29,29,49,63,41,48,46,50,48,74,74,74,39,80,78,78,43,43],"gold":88,"neow_bonus":"TWO_FIFTY_GOLD","is_prod":false,"is_daily":false,"chose_seed":false,"campfire_upgraded":2,"win_rate":0,"timestamp":1533308424,"path_taken":["M","M","M","$","M","E","?","?","T","R","M","E","R","M","R","BOSS","M","M","?","$","?","R","E","M","T","?","M","M","?","$","R","BOSS","M","$","?","?"],"build_version":"2018-08-02","purchased_purges":3,"victory":false,"max_hp_per_floor":[68,68,68,68,68,68,68,68,68,68,68,68,68,68,68,68,68,68,68,68,68,68,68,73,73,80,80,80,80,80,80,80,80,80,80,80,80,80],"card_choices":[{"not_picked":["Redo","Hologram"],"picked":"Leap","floor":1.0},{"not_picked":["Gash","Stack"],"picked":"Capacitor","floor":2.0},{"not_picked":["Barrage","Hologram"],"picked":"Cold Snap","floor":3.0},{"not_picked":["Blizzard","Melter"],"picked":"Stack","floor":5.0},{"not_picked":["Streamline","Turbo"],"picked":"Loop","floor":6.0},{"not_picked":["Steam","Compile Driver"],"picked":"Sunder","floor":11.0},{"not_picked":["Gash","Meteor Strike"],"picked":"Go for the Eyes","floor":12.0},{"not_picked":["Reinforced Body","Tempest"],"picked":"Conserve Battery","floor":14.0},{"not_picked":["Reboot","Amplify"],"picked":"Echo Form","floor":16.0},{"not_picked":["Coolheaded","Hologram+1"],"picked":"Beam Cell+1","floor":18.0},{"not_picked":["Storm+1","Leap"],"picked":"Barrage+1","floor":19.0},{"not_picked":["Sweeping Beam","Beam Cell+1"],"picked":"Chaos","floor":24.0},{"not_picked":["Conserve Battery","Compile Driver+1"],"picked":"Consume+1","floor":25.0},{"not_picked":["Streamline+1","Redo+1"],"picked":"Coolheaded","floor":27.0},{"not_picked":["Stack","Scrape"],"picked":"Rainbow","floor":28.0},{"not_picked":["Static Discharge","Stack"],"picked":"Turbo","floor":29.0},{"not_picked":["Multi-Cast","Seek"],"picked":"Creative AI","floor":33.0},{"not_picked":["Streamline"],"picked":"SKIP","floor":35.0},{"not_picked":["Streamline+1"],"picked":"SKIP","floor":37.0}],"player_experience":421807,"relics_obtained":[{"floor":6.0,"key":"Vajra"},{"floor":9.0,"key":"Whetstone"},{"floor":12.0,"key":"Potion Belt"},{"floor":20.0,"key":"Gremlin Horn"},{"floor":24.0,"key":"Incense Burner"},{"floor":26.0,"key":"Strawberry"}],"event_choices":[{"event_name":"Living Wall","player_choice":"Forget","floor":7.0,"damage_taken":0.0},{"event_name":"The Cleric","player_choice":"Healed","floor":8.0,"damage_taken":0.0},{"event_name":"Transmorgrifier","player_choice":"Transform","floor":22.0,"damage_taken":0.0},{"event_name":"The Library","player_choice":"Heal","floor":30.0,"damage_taken":0.0}],"is_beta":false,"boss_relics":[{"not_picked":["FrozenCore","Cursed Key"],"picked":"Nuclear Battery"},{"not_picked":["Velvet Choker","Runic Dome"],"picked":"Busted Crown"}],"items_purged_floors":[4,21,31],"is_endless":false,"potions_floor_spawned":[2,5,14,16,19,27,29,33],"ascension_level":2}