{"gold_per_floor":[111,111,36,36,60,104,104,104,104,120,120,135,135,158,158,288,288,259,283,296,296,211,224,224],"floor_reached":24,"playtime":1734,"items_purged":["Injury"],"score":223,"play_id":"5ef35601-cdc1-4f28-97c2-200f1a98bb30","local_time":"20190529195051","is_ascension_mode":false,"campfire_choices":[{"data":"Neutralize","floor":7.0,"key":"SMITH"},{"data":"Backflip","floor":11.0,"key":"SMITH"},{"data":"Dagger Spray","floor":15.0,"key":"SMITH"}],"neow_cost":"CURSE","seed_source_timestamp":176370645732225,"circlet_count":0,"master_deck":["Defend_G","Defend_G","Defend_G","Defend_G","Defend_G","Strike_G","Strike_G","Strike_G","Strike_G","Strike_G","Survivor","Neutralize+1","Parasite","Dagger Spray+1","Backflip+1","PiercingWail","Flying Knee","Backflip","Sucker Punch+1","Deflect+1","Ghostly","Ghostly","Ghostly","Ghostly","Ghostly"],"special_seed":0,"relics":["Ring of the Snake","Tough Bandages","Golden Idol","Pantograph","StoneCalendar","Regal Pillow","Black Star","Singing Bowl"],"potions_floor_usage":[16,23,24,24],"damage_taken":[{"damage":1.0,"enemies":"Jaw Worm","floor":1.0,"turns":5.0},{"damage":0.0,"enemies":"Small Slimes","floor":5.0,"turns":4.0},{"damage":46.0,"enemies":"Lagavulin","floor":6.0,"turns":12.0},{"damage":0.0,"enemies":"2 Louse","floor":10.0,"turns":3.0},{"damage":0.0,"enemies":"Large Slime","floor":12.0,"turns":7.0},{"damage":0.0,"enemies":"Blue Slaver","floor":14.0,"turns":5.0},{"damage":31,"enemies":"Hexaghost","floor":16,"turns":11},{"damage":24,"enemies":"2 Thieves","floor":18,"turns":5},{"damage":2,"enemies":"Chosen","floor":19,"turns":7},{"damage":24,"enemies":"Snake Plant","floor":20,"turns":7},{"damage":14,"enemies":"Centurion and Healer","floor":23,"turns":7},{"damage":15,"enemies":"Gremlin Leader","floor":24,"turns":2}],"seed_played":"-7359492782573785378","potions_obtained":[{"floor":5.0,"key":"Fruit Juice"},{"floor":12.0,"key":"Strength Potion"},{"floor":18,"key":"LiquidBronze"},{"floor":19,"key":"FearPotion"},{"floor":20,"key":"Strength Potion"}],"is_trial":false,"path_per_floor":["M","?","$","?","M","E","R","?","T","M","R","M","?","M","R","B",null,"M","M","M","?","?","M","E"],"character_chosen":"THE_SILENT","items_purchased":[],"campfire_rested":0,"item_purchase_floors":[],"current_hp_per_floor":[69,69,69,69,69,28,28,53,53,53,53,53,46,46,46,40,75,51,49,25,25,25,13,0],"gold":224,"neow_bonus":"ONE_RARE_RELIC","is_prod":false,"is_daily":false,"chose_seed":false,"campfire_upgraded":3,"win_rate":0,"timestamp":1559152251,"path_taken":["M","?","$","?","M","E","R","?","T","M","R","M","?","M","R","BOSS","M","M","M","?","?","M","E"],"build_version":"2019-01-23","purchased_purges":1,"victory":false,"max_hp_per_floor":[70,70,70,70,70,75,75,75,75,75,75,75,75,75,75,75,75,75,75,75,37,37,39,39],"card_choices":[{"not_picked":["Dodge and Roll","Deadly Poison"],"picked":"Dagger Spray","floor":1.0},{"not_picked":["Dodge and Roll","All Out Attack"],"picked":"Backflip","floor":5.0},{"not_picked":["Choke","Escape Plan","Setup"],"picked":"SKIP","floor":6.0},{"not_picked":["Choke","Escape Plan","Setup"],"picked":"SKIP","floor":6.0},{"not_picked":["Terror","Eviscerate"],"picked":"PiercingWail","floor":10.0},{"not_picked":["Corpse Explosion","Calculated Gamble"],"picked":"Flying Knee","floor":12.0},{"not_picked":["Concentrate","Calculated Gamble"],"picked":"Backflip","floor":14.0},{"not_picked":["Accuracy","Bane","Quick Slash"],"picked":"SKIP","floor":18},{"not_picked":["Escape Plan","Underhanded Strike"],"picked":"Sucker Punch+1","floor":19},{"not_picked":["Outmaneuver","Bane"],"picked":"Deflect+1","floor":20},{"not_picked":["Outmaneuver+1","Bouncing Flask","Quick Slash"],"picked":"Singing Bowl","floor":23}],"player_experience":362602,"relics_obtained":[{"floor":6.0,"key":"Pantograph"},{"floor":9.0,"key":"StoneCalendar"}],"event_choices":[{"damage_healed":0.0,"max_hp_gain":0.0,"max_hp_loss":0.0,"gold_gain":0.0,"event_name":"Golden Idol","player_choice":"Take Wound","floor":2.0,"gold_loss":0.0,"damage_taken":0.0,"relics_obtained":["Golden Idol"],"cards_obtained":["Injury"]},{"damage_healed":0.0,"max_hp_gain":0.0,"max_hp_loss":0.0,"gold_gain":0.0,"event_name":"Liars Game","player_choice":"Ignored","floor":4.0,"gold_loss":0.0,"damage_taken":0.0},{"damage_healed":25.0,"max_hp_gain":0.0,"max_hp_loss":0.0,"gold_gain":0.0,"event_name":"Big Fish","player_choice":"Banana","floor":8.0,"gold_loss":0.0,"damage_taken":0.0},{"damage_healed":0.0,"max_hp_gain":0.0,"max_hp_loss":0.0,"gold_gain":0.0,"event_name":"Scrap Ooze","player_choice":"Success","floor":13.0,"gold_loss":0.0,"damage_taken":7.0,"relics_obtained":["Regal Pillow"]},{"damage_healed":0,"gold_gain":0,"player_choice":"Became a Ghost","damage_taken":0,"max_hp_gain":0,"max_hp_loss":38,"event_name":"Ghosts","floor":21,"gold_loss":0,"cards_obtained":["Ghostly","Ghostly","Ghostly","Ghostly","Ghostly"]},{"damage_healed":0,"gold_gain":0,"player_choice":"Obtained Relic","damage_taken":0,"relics_obtained":["Singing Bowl"],"max_hp_gain":0,"max_hp_loss":0,"event_name":"Addict","floor":22,"gold_loss":85}],"is_beta":false,"boss_relics":[{"not_picked":["Runic Dome","Snecko Eye"],"picked":"Black Star"}],"items_purged_floors":[3],"is_endless":false,"potions_floor_spawned":[5,12,18,19,20],"killed_by":"Gremlin Leader","ascension_level":0}