{"gold_per_floor":[117,128,78,78,78,78,108,108,108,33,52,84,94,105,105,209,209,209],"floor_reached":18,"playtime":1021,"items_purged":[],"score":170,"play_id":"8b4caf1c-7f1d-4081-91a5-14a70dafe9b1","local_time":"20190618153758","is_ascension_mode":false,"campfire_choices":[{"data":"Zap","floor":6,"key":"SMITH"},{"data":"Chaos","floor":8,"key":"SMITH"},{"data":"Fission","floor":15,"key":"SMITH"}],"neow_cost":"NONE","seed_source_timestamp":113345201923524,"circlet_count":0,"master_deck":["Strike_B+1","Strike_B","Strike_B+1","Defend_B","Defend_B+1","Defend_B","Defend_B+1","Zap+1","Dualcast","Chaos+1","Coolheaded","Ball Lightning","Capacitor","Consume","Hologram","Fission+1","Thunder Strike"],"relics":["Cracked Core","Ice Cream","Meat on the Bone","Strawberry","Whetstone","Black Star"],"potions_floor_usage":[12,12,16],"damage_taken":[{"damage":1,"enemies":"Jaw Worm","floor":1,"turns":3},{"damage":0,"enemies":"Small Slimes","floor":2,"turns":3},{"damage":7,"enemies":"Lagavulin","floor":7,"turns":8},{"damage":5,"enemies":"2 Louse","floor":11,"turns":2},{"damage":7,"enemies":"Gremlin Nob","floor":12,"turns":3},{"damage":11,"enemies":"Exordium Wildlife","floor":13,"turns":3},{"damage":0,"enemies":"Looter","floor":14,"turns":4},{"damage":1,"enemies":"Slime Boss","floor":16,"turns":8},{"damage":9,"enemies":"3 Byrds","floor":18,"turns":4}],"seed_played":"5013754537293347164","potions_obtained":[{"floor":1,"key":"Swift Potion"},{"floor":2,"key":"Weak Potion"},{"floor":12,"key":"SpeedPotion"},{"floor":14,"key":"SkillPotion"},{"floor":16,"key":"LiquidBronze"}],"is_trial":false,"path_per_floor":["M","M","?","?","?","R","E","R","T","$","M","E","M","M","R","B",null,"M"],"character_chosen":"DEFECT","items_purchased":["Capacitor"],"campfire_rested":0,"item_purchase_floors":[10],"current_hp_per_floor":[81,81,81,65,58,58,51,51,58,58,53,46,47,47,47,46,89,80],"gold":209,"neow_bonus":"TEN_PERCENT_HP_BONUS","is_prod":false,"is_daily":false,"chose_seed":false,"campfire_upgraded":3,"win_rate":0,"timestamp":1560890278,"path_taken":["M","M","?","?","?","R","E","R","T","$","M","E","M","?","R","BOSS","M"],"build_version":"2019-01-23","purchased_purges":0,"victory":false,"max_hp_per_floor":[82,82,82,82,82,82,82,82,89,89,89,89,89,89,89,89,89,89],"card_choices":[{"not_picked":["Rebound","Redo"],"picked":"Chaos","floor":1},{"not_picked":["Rip and Tear","Recycle"],"picked":"Coolheaded","floor":2},{"not_picked":["Leap","Go for the Eyes"],"picked":"Ball Lightning","floor":7},{"not_picked":["Steam","Turbo","Lockon"],"picked":"SKIP","floor":11},{"not_picked":["Turbo","Leap"],"picked":"Consume","floor":12},{"not_picked":["Melter","Rebound"],"picked":"Hologram","floor":13},{"not_picked":["White Noise","Ball Lightning"],"picked":"Fission","floor":14},{"not_picked":["Machine Learning","Amplify"],"picked":"Thunder Strike","floor":16}],"player_experience":1472557,"relics_obtained":[{"floor":7,"key":"Meat on the Bone"},{"floor":9,"key":"Strawberry"},{"floor":12,"key":"Whetstone"}],"event_choices":[{"cards_removed":["Strike_B"],"damage_healed":0,"gold_gain":0,"player_choice":"Card Removal","damage_taken":0,"max_hp_gain":0,"max_hp_loss":0,"event_name":"The Cleric","floor":3,"gold_loss":50},{"damage_healed":0,"gold_gain":0,"player_choice":"Entered Light","damage_taken":16,"max_hp_gain":0,"max_hp_loss":0,"event_name":"Shining Light","floor":4,"gold_loss":0,"cards_upgraded":["Defend_B","Defend_B"]},{"damage_healed":0,"gold_gain":0,"player_choice":"Success","damage_taken":7,"relics_obtained":["Ice Cream"],"max_hp_gain":0,"max_hp_loss":0,"event_name":"Scrap Ooze","floor":5,"gold_loss":0}],"is_beta":false,"boss_relics":[{"not_picked":["Nuclear Battery","Runic Dome"],"picked":"Black Star"}],"items_purged_floors":[],"is_endless":false,"potions_floor_spawned":[1,2,12,14,16],"killed_by":"3 Byrds","ascension_level":0}