{"gold_per_floor":[117,129,204,204,217,217,243,243,243,263,291,291,291,307,307,411,411,427,427,352,342,143,143,178,178,259,122,82,115,115,148,148,243,243,257,207,207,207,219,247,247,5,5,5,16,31,31,31,31,31],"floor_reached":51,"playtime":4762,"items_purged":["Defend_B","Consume+1"],"score":1201,"play_id":"87f1a628-9d75-4cb7-b817-ef121ce6f437","local_time":"20190325184023","is_ascension_mode":true,"campfire_choices":[{"data":"Blizzard","floor":6.0,"key":"SMITH"},{"data":"Beam Cell","floor":8.0,"key":"SMITH"},{"data":"Cold Snap","floor":12.0,"key":"SMITH"},{"floor":15.0,"key":"REST"},{"data":"Coolheaded","floor":23.0,"key":"SMITH"},{"floor":30.0,"key":"REST"},{"floor":32.0,"key":"REST"},{"data":"Chill","floor":41.0,"key":"SMITH"},{"data":"Glacier","floor":44.0,"key":"SMITH"},{"floor":49,"key":"REST"}],"neow_cost":"NONE","seed_source_timestamp":0,"circlet_count":0,"master_deck":["AscendersBane","Strike_B+1","Strike_B+1","Defend_B+1","Defend_B+1","Zap+1","Dualcast+1","Cold Snap+1","Blizzard+1","Beam Cell+1","Chill+1","Machine Learning","Glacier+1","Loop+1","Creative AI","Seek+1","Undo+1","Defragment+1","Coolheaded+1","Leap+1","Rebound","Coolheaded","Finesse+1","Ball Lightning+1","Glacier+1","Seek+1","Doom and Gloom+1","Echo Form","Storm","Tempest+1","Coolheaded+1","Turbo+1","Cold Snap+1","Madness+1","Madness+1","Sweeping Beam+1","Rebound","Deep Breath+1","Leap+1","Redo+1","Conserve Battery+1"],"special_seed":0,"relics":["Cracked Core","Meat on the Bone","War Paint","Odd Mushroom","Dream Catcher","Astrolabe","Question Card","Lantern","Smiling Mask","Toxic Egg 2","Boot","Bronze Scales","Orrery","Turnip","Strawberry","Bag of Marbles","Frozen Egg 2"],"potions_floor_usage":[50],"damage_taken":[{"damage":3.0,"enemies":"2 Louse","floor":1.0,"turns":2.0},{"damage":0.0,"enemies":"Cultist","floor":2.0,"turns":4.0},{"damage":6.0,"enemies":"Small Slimes","floor":5.0,"turns":4.0},{"damage":18.0,"enemies":"Lagavulin","floor":7.0,"turns":4.0},{"damage":18.0,"enemies":"The Mushroom Lair","floor":10.0,"turns":4.0},{"damage":16.0,"enemies":"3 Sentries","floor":11.0,"turns":8.0},{"damage":0.0,"enemies":"3 Louse","floor":14.0,"turns":3.0},{"damage":32.0,"enemies":"Slime Boss","floor":16.0,"turns":10.0},{"damage":0.0,"enemies":"Spheric Guardian","floor":18.0,"turns":5.0},{"damage":0.0,"enemies":"2 Thieves","floor":21.0,"turns":4.0},{"damage":0.0,"enemies":"Gremlin Leader","floor":24.0,"turns":5.0},{"damage":34.0,"enemies":"Slavers","floor":29.0,"turns":5.0},{"damage":31.0,"enemies":"Gremlin Leader","floor":31.0,"turns":10.0},{"damage":15.0,"enemies":"Automaton","floor":33.0,"turns":10.0},{"damage":5.0,"enemies":"3 Shapes","floor":35.0,"turns":4.0},{"damage":12.0,"enemies":"Orb Walker","floor":39.0,"turns":5.0},{"damage":2.0,"enemies":"Reptomancer","floor":40.0,"turns":9.0},{"damage":15,"enemies":"3 Darklings","floor":45,"turns":4},{"damage":0,"enemies":"Spire Growth","floor":46,"turns":6},{"damage":60,"enemies":"Donu and Deca","floor":50,"turns":10}],"seed_played":"-7924535845646140164","potions_obtained":[{"floor":1.0,"key":"Fire Potion"},{"floor":5.0,"key":"AttackPotion"},{"floor":10.0,"key":"Fire Potion"},{"floor":14.0,"key":"Ancient Potion"},{"floor":18.0,"key":"SkillPotion"},{"floor":29.0,"key":"Energy Potion"},{"floor":35.0,"key":"Block Potion"},{"floor":45,"key":"FairyPotion"}],"is_trial":false,"path_per_floor":["M","M","?","?","M","R","E","R","T","?","E","R","?","M","R","B",null,"M","?","?","M","$","R","E","?","T","$","?","E","R","E","R","B",null,"M","$","?","?","M","E","R","$","T","R","M","M","$","T","R","B",null],"character_chosen":"DEFECT","items_purchased":["Lantern","Rebound","Finesse+1","Deep Breath+1","Strawberry"],"campfire_rested":4,"item_purchase_floors":[22,22,27,42,42],"current_hp_per_floor":[65,65,54,54,48,48,30,30,30,24,20,20,5,17,39,19,61,61,61,61,61,61,61,61,61,61,61,61,39,61,42,64,49,69,64,64,55,55,43,41,41,48,48,48,45,45,45,45,69,21],"gold":31,"neow_bonus":"UPGRADE_CARD","is_prod":false,"is_daily":false,"chose_seed":false,"campfire_upgraded":6,"win_rate":0,"timestamp":1553557223,"path_taken":["M","M","?","?","?","R","E","R","T","?","E","R","?","M","R","BOSS","M","?","?","M","$","R","E","?","T","$","?","E","R","E","R","BOSS","M","$","?","?","M","E","R","$","T","R","M","M","?","?","R","BOSS"],"build_version":"2019-01-23","purchased_purges":2,"victory":true,"max_hp_per_floor":[75,75,75,75,75,75,75,75,75,75,75,75,75,75,75,75,75,75,75,75,75,75,75,75,75,75,75,75,75,75,75,75,75,75,75,75,75,75,75,75,75,82,82,82,82,82,82,82,82,82],"card_choices":[{"not_picked":["Lockon","FTL"],"picked":"Cold Snap","floor":1.0},{"not_picked":["Beam Cell","Redo"],"picked":"Blizzard","floor":2.0},{"not_picked":["Hello World","Stack"],"picked":"Beam Cell","floor":5.0},{"not_picked":["Stack","Barrage"],"picked":"Chill","floor":7.0},{"not_picked":["Turbo","Barrage"],"picked":"Conserve Battery","floor":10.0},{"not_picked":["Steam","Leap"],"picked":"Machine Learning","floor":11.0},{"not_picked":["Gash","Rip and Tear"],"picked":"Glacier","floor":14.0},{"not_picked":["Streamline","Defragment"],"picked":"Loop","floor":15.0},{"not_picked":["Thunder Strike","Amplify"],"picked":"Creative AI","floor":16.0},{"not_picked":["Streamline","Beam Cell"],"picked":"Coolheaded","floor":18.0},{"not_picked":["Static Discharge","Steam","Sweeping Beam"],"picked":"Leap+1","floor":21.0},{"not_picked":["Reboot","Capacitor","Streamline+1"],"picked":"Coolheaded","floor":24.0},{"not_picked":["Defragment","Sweeping Beam","Stack+1"],"picked":"Ball Lightning+1","floor":29.0},{"not_picked":["Rebound","Defragment","Compile Driver+1"],"picked":"Glacier+1","floor":30.0},{"not_picked":["Heatsinks","Conserve Battery+1","Ball Lightning"],"picked":"Seek+1","floor":31.0},{"not_picked":["Double Energy+1","Darkness+1","Hologram+1"],"picked":"Doom and Gloom+1","floor":32.0},{"not_picked":["Creative AI","Reboot+1","Thunder Strike"],"picked":"Echo Form","floor":33.0},{"not_picked":["BootSequence+1","Barrage","Streamline"],"picked":"Storm","floor":34.0},{"not_picked":["Go for the Eyes","Doom and Gloom","Ball Lightning"],"picked":"Tempest+1","floor":34.0},{"not_picked":["Heatsinks","Reprogram+1","Sunder"],"picked":"Coolheaded+1","floor":34.0},{"not_picked":["Streamline","Recycle+1","Loop"],"picked":"Turbo+1","floor":34.0},{"not_picked":["Stack+1","Conserve Battery+1","Turbo+1"],"picked":"Consume+1","floor":34.0},{"not_picked":["Darkness+1","Static Discharge","Redo+1"],"picked":"Cold Snap+1","floor":35.0},{"not_picked":["Go for the Eyes+1","Hyperbeam","Steam+1"],"picked":"Sweeping Beam+1","floor":39.0},{"not_picked":["Echo Form","Leap+1","Undo+1"],"picked":"Rebound","floor":40.0},{"not_picked":["Genetic Algorithm+1","Recycle+1","Beam Cell+1"],"picked":"Leap+1","floor":45},{"not_picked":["Stack+1","Conserve Battery+1","Ball Lightning"],"picked":"Redo+1","floor":46},{"not_picked":["Chaos+1","Melter","Reprogram+1"],"picked":"Conserve Battery+1","floor":49}],"player_experience":1271015,"relics_obtained":[{"floor":7.0,"key":"Meat on the Bone"},{"floor":9.0,"key":"War Paint"},{"floor":10.0,"key":"Odd Mushroom"},{"floor":11.0,"key":"Dream Catcher"},{"floor":24.0,"key":"Smiling Mask"},{"floor":26.0,"key":"Toxic Egg 2"},{"floor":29.0,"key":"Boot"},{"floor":31.0,"key":"Bronze Scales"},{"floor":40.0,"key":"Turnip"},{"floor":43.0,"key":"Bag of Marbles"},{"floor":48,"key":"Frozen Egg 2"}],"event_choices":[{"damage_healed":0.0,"max_hp_gain":0.0,"max_hp_loss":0.0,"gold_gain":75.0,"event_name":"World of Goop","player_choice":"Gather Gold","floor":3.0,"gold_loss":0.0,"damage_taken":11.0},{"damage_healed":0.0,"max_hp_gain":0.0,"max_hp_loss":0.0,"gold_gain":0.0,"event_name":"Upgrade Shrine","player_choice":"Upgraded","floor":4.0,"gold_loss":0.0,"damage_taken":0.0,"cards_upgraded":["Dualcast"]},{"damage_healed":0.0,"max_hp_gain":0.0,"max_hp_loss":0.0,"gold_gain":0.0,"event_name":"Mushrooms","player_choice":"Fought Mushrooms","floor":10.0,"gold_loss":0.0,"damage_taken":0.0},{"damage_healed":0.0,"max_hp_gain":0.0,"max_hp_loss":0.0,"gold_gain":0.0,"event_name":"Shining Light","player_choice":"Entered Light","floor":13.0,"gold_loss":0.0,"damage_taken":15.0,"cards_upgraded":["Strike_B","Strike_B"]},{"damage_healed":0.0,"max_hp_gain":0.0,"max_hp_loss":0.0,"gold_gain":0.0,"event_name":"Addict","player_choice":"Stole Relic","floor":19.0,"gold_loss":0.0,"damage_taken":0.0,"relics_obtained":["Question Card"],"cards_obtained":["Shame"]},{"cards_removed":["Shame"],"damage_healed":0.0,"max_hp_gain":0.0,"max_hp_loss":0.0,"gold_gain":0.0,"event_name":"Beggar","player_choice":"Gave Gold","floor":20.0,"gold_loss":75.0,"damage_taken":0.0},{"damage_healed":0.0,"max_hp_gain":0.0,"max_hp_loss":0.0,"gold_gain":0.0,"event_name":"Vampires","player_choice":"Ignored","floor":25.0,"gold_loss":0.0,"damage_taken":0.0},{"damage_healed":0.0,"max_hp_gain":0.0,"max_hp_loss":0.0,"gold_gain":0.0,"event_name":"Designer","player_choice":"Upgrade","floor":28.0,"gold_loss":40.0,"damage_taken":0.0,"cards_upgraded":["Loop"]},{"damage_healed":0.0,"max_hp_gain":0.0,"max_hp_loss":0.0,"gold_gain":0.0,"event_name":"Winding Halls","player_choice":"Embrace Madness","floor":37.0,"gold_loss":0.0,"damage_taken":9.0,"cards_obtained":["Madness","Madness"]},{"cards_removed":["Conserve Battery"],"damage_healed":0.0,"max_hp_gain":0.0,"max_hp_loss":0.0,"gold_gain":0.0,"event_name":"Falling","player_choice":"Removed Skill","floor":38.0,"gold_loss":0.0,"damage_taken":0.0}],"is_beta":false,"boss_relics":[{"not_picked":["Inserter","Runic Dome"],"picked":"Astrolabe"},{"not_picked":["Black Star","Fusion Hammer"],"picked":"Orrery"}],"items_purged_floors":[27,36],"is_endless":false,"potions_floor_spawned":[1,5,10,14,18,21,29,35,39,40,45],"ascension_level":12}