{"gold_per_floor":[113,113,288,298,308,308,308,332,332,352,352,391,416,477,477,477],"floor_reached":16,"playtime":1174,"items_purged":[],"score":102,"play_id":"e21318c5-1a69-4fdb-b38e-99e4f7765b22","local_time":"20181130221202","is_ascension_mode":false,"campfire_choices":[{"data":"Headbutt","floor":6,"key":"SMITH"},{"data":"Shrug It Off","floor":11,"key":"SMITH"},{"floor":15,"key":"REST"}],"neow_cost":"NONE","seed_source_timestamp":1460995634317854,"circlet_count":0,"master_deck":["Strike_R","Strike_R","Strike_R","Strike_R","Strike_R","Defend_R","Defend_R","Defend_R","Defend_R","Bash","Shockwave","Headbutt+1","Doubt","Metallicize","Pommel Strike","Shrug It Off+1","Shrug It Off","Fiend Fire","Iron Wave"],"relics":["Burning Blood","Golden Idol","Blue Candle","Smiling Mask"],"potions_floor_usage":[8,14,14],"damage_taken":[{"damage":2,"enemies":"Small Slimes","floor":1,"turns":3},{"damage":6,"enemies":"Jaw Worm","floor":4,"turns":5},{"damage":1,"enemies":"Cultist","floor":5,"turns":4},{"damage":4,"enemies":"Gremlin Gang","floor":8,"turns":2},{"damage":1,"enemies":"Exordium Wildlife","floor":10,"turns":4},{"damage":45,"enemies":"Lagavulin","floor":12,"turns":9},{"damage":3,"enemies":"Exordium Thugs","floor":13,"turns":6},{"damage":10,"enemies":"Lagavulin Event","floor":14,"turns":5},{"damage":13,"enemies":"Hexaghost","floor":16,"turns":7}],"seed_played":"3306437472802540350","potions_obtained":[{"floor":4,"key":"PowerPotion"},{"floor":5,"key":"Explosive Potion"},{"floor":8,"key":"Dexterity Potion"},{"floor":13,"key":"Swift Potion"}],"is_trial":false,"path_per_floor":["M","$","?","M","M","R","?","M","T","M","R","E","M","?","R","B"],"character_chosen":"IRONCLAD","items_purchased":[],"campfire_rested":1,"item_purchase_floors":[],"current_hp_per_floor":[80,80,80,80,80,80,60,62,62,67,67,28,31,27,51,38],"gold":477,"neow_bonus":"THREE_CARDS","is_prod":false,"is_daily":false,"chose_seed":false,"campfire_upgraded":2,"win_rate":0,"timestamp":1543637522,"path_taken":["M","$","?","M","M","R","?","M","T","M","R","E","M","?","R","BOSS"],"build_version":"2018-11-15","purchased_purges":0,"victory":false,"max_hp_per_floor":[80,80,80,80,80,80,80,80,80,80,80,80,80,80,80,80],"card_choices":[{"not_picked":["Burning Pact","Rage"],"picked":"Shockwave","floor":0},{"not_picked":["Havoc","Flex"],"picked":"Headbutt","floor":1},{"not_picked":["Carnage","Combust"],"picked":"Metallicize","floor":4},{"not_picked":["Havoc","Clothesline"],"picked":"Pommel Strike","floor":5},{"not_picked":["Armaments","Sentinel"],"picked":"Shrug It Off","floor":8},{"not_picked":["Havoc","Burning Pact"],"picked":"Shrug It Off","floor":10},{"not_picked":["Searing Blow","Armaments"],"picked":"Fiend Fire","floor":12},{"not_picked":["Bloodletting","Anger","Sentinel"],"picked":"SKIP","floor":13},{"not_picked":["Feel No Pain","Clothesline"],"picked":"Iron Wave","floor":14}],"player_experience":1076696,"relics_obtained":[{"floor":12,"key":"Blue Candle"},{"floor":14,"key":"Smiling Mask"}],"event_choices":[{"damage_healed":0,"gold_gain":175,"player_choice":"AGREE","damage_taken":0,"max_hp_gain":0,"max_hp_loss":0,"event_name":"Liars Game","floor":3,"gold_loss":0,"cards_obtained":["Doubt"]},{"damage_healed":0,"gold_gain":0,"player_choice":"Take Damage","damage_taken":20,"relics_obtained":["Golden Idol"],"max_hp_gain":0,"max_hp_loss":0,"event_name":"Golden Idol","floor":7,"gold_loss":0},{"damage_healed":0,"gold_gain":30,"player_choice":"Searched \u00272\u0027 times","damage_taken":0,"max_hp_gain":0,"max_hp_loss":0,"event_name":"Dead Adventurer","floor":14,"gold_loss":0}],"is_beta":false,"boss_relics":[],"items_purged_floors":[],"is_endless":false,"potions_floor_spawned":[4,5,8,13],"killed_by":"Hexaghost","ascension_level":0}