{"gold_per_floor":[365,382,394,414,434,468,479,506,506,506,516,516,534,40,40,144,144,167,161,173],"floor_reached":20,"playtime":2220,"items_purged":["Decay"],"score":219,"play_id":"c8926b73-38a2-4611-938e-b4e13d0fb2a4","local_time":"20180904164012","is_ascension_mode":true,"campfire_choices":[{"floor":10,"key":"REST"},{"floor":15,"key":"REST"}],"neow_cost":"CURSE","seed_source_timestamp":455118127557111,"circlet_count":0,"master_deck":["Strike_R","Strike_R","Strike_R","Strike_R","Strike_R","Defend_R","Defend_R","Defend_R","Defend_R","Bash","Armaments","Headbutt","Ghostly Armor","Iron Wave","Clothesline","Pummel","Anger","Reaper","Twin Strike","Shockwave","Ghostly Armor","Thunderclap","Pommel Strike","Reaper","Normality","Shrug It Off","Bludgeon"],"relics":["Burning Blood","Omamori","Art of War","Smiling Mask","Turnip","Calling Bell","MawBank","Paper Frog","Bird Faced Urn"],"potions_floor_usage":[3,6,8,11,16],"damage_taken":[{"damage":12,"enemies":"Jaw Worm","floor":1,"turns":4},{"damage":6,"enemies":"Cultist","floor":2,"turns":5},{"damage":2,"enemies":"Small Slimes","floor":3,"turns":2},{"damage":13,"enemies":"3 Louse","floor":4,"turns":4},{"damage":10,"enemies":"Red Slaver","floor":5,"turns":6},{"damage":41,"enemies":"Gremlin Nob","floor":6,"turns":5},{"damage":6,"enemies":"2 Fungi Beasts","floor":7,"turns":4},{"damage":27,"enemies":"3 Sentries","floor":8,"turns":10},{"damage":27,"enemies":"Gremlin Gang","floor":11,"turns":7},{"damage":27,"enemies":"Exordium Thugs","floor":13,"turns":7},{"damage":53,"enemies":"Hexaghost","floor":16,"turns":10},{"damage":28,"enemies":"Spheric Guardian","floor":18,"turns":10},{"damage":34,"enemies":"2 Thieves","floor":19,"turns":4},{"damage":55,"enemies":"Shelled Parasite and Fungi","floor":20,"turns":9}],"seed_played":"-2481612650411538738","potions_obtained":[{"floor":2,"key":"Fire Potion"},{"floor":3,"key":"BloodPotion"},{"floor":7,"key":"Regen Potion"},{"floor":8,"key":"Dexterity Potion"}],"is_trial":false,"path_per_floor":["M","M","M","M","M","E","M","E","T","R","M","?","M","$","R","B",null,"M","M"],"character_chosen":"IRONCLAD","items_purchased":["Turnip","Thunderclap","Pommel Strike","Regen Potion"],"campfire_rested":2,"item_purchase_floors":[14,14,14,14],"current_hp_per_floor":[74,74,78,71,67,40,40,34,34,58,46,46,33,33,57,25,80,58,38,0],"gold":173,"neow_bonus":"TWO_FIFTY_GOLD","is_prod":false,"is_daily":false,"chose_seed":false,"campfire_upgraded":0,"win_rate":0,"timestamp":1536104412,"path_taken":["M","M","M","M","M","E","M","E","T","R","M","?","M","$","R","BOSS","M","M","M"],"build_version":"2018-08-30","purchased_purges":1,"victory":false,"max_hp_per_floor":[80,80,80,80,80,80,80,80,80,80,80,80,80,80,80,80,80,80,80,80],"card_choices":[{"not_picked":["Entrench","Feel No Pain"],"picked":"Armaments","floor":1},{"not_picked":["Havoc","Perfected Strike"],"picked":"Headbutt","floor":2},{"not_picked":["Anger","Thunderclap"],"picked":"Ghostly Armor","floor":3},{"not_picked":["Rupture","Seeing Red"],"picked":"Iron Wave","floor":4},{"not_picked":["Sentinel","Havoc"],"picked":"Clothesline","floor":5},{"not_picked":["Evolve","Havoc"],"picked":"Pummel","floor":6},{"not_picked":["Headbutt","Armaments"],"picked":"Anger","floor":7},{"not_picked":["Anger","Shrug It Off"],"picked":"Reaper","floor":8},{"not_picked":["Perfected Strike","Sword Boomerang"],"picked":"Twin Strike","floor":11},{"not_picked":["Perfected Strike","Havoc"],"picked":"Ghostly Armor","floor":13},{"not_picked":["Demon Form","Brutality"],"picked":"Reaper","floor":16},{"not_picked":["Hemokinesis","Cleave"],"picked":"Shrug It Off","floor":18},{"not_picked":["Bloodletting","True Grit+1"],"picked":"Bludgeon","floor":19}],"player_experience":330776,"relics_obtained":[{"floor":6,"key":"Omamori"},{"floor":8,"key":"Art of War"},{"floor":9,"key":"Smiling Mask"},{"floor":17,"key":"MawBank"},{"floor":17,"key":"Paper Frog"},{"floor":17,"key":"Bird Faced Urn"}],"event_choices":[{"event_name":"Match and Keep!","player_choice":"1 cards matched","floor":12,"damage_taken":0}],"is_beta":false,"boss_relics":[{"not_picked":["Busted Crown","Runic Cube"],"picked":"Calling Bell"}],"items_purged_floors":[14],"is_endless":false,"potions_floor_spawned":[2,3,7,8],"killed_by":"Shelled Parasite and Fungi","ascension_level":3}