{"gold_per_floor":[113,113,113,126,150,183,183,199,250,250,264,277,315,340,340,466,466,484,484,503,22,38,73,97,97,122,147,166,166,185,185],"floor_reached":31,"playtime":2293,"items_purged":["Injury"],"score":263,"play_id":"8e2810f8-6604-4b03-8332-7f2c031b845e","local_time":"20190703102349","is_ascension_mode":false,"campfire_choices":[{"floor":7,"key":"REST"},{"data":"Poisoned Stab","floor":10,"key":"SMITH"},{"floor":15,"key":"REST"},{"floor":25,"key":"REST"},{"floor":29,"key":"REST"}],"neow_cost":"NONE","seed_source_timestamp":26162839239900,"circlet_count":0,"master_deck":["Strike_G","Strike_G","Strike_G","Strike_G","Strike_G","Defend_G","Defend_G","Defend_G","Defend_G","Defend_G","Survivor","Neutralize","Poisoned Stab+1","Crippling Poison","Deadly Poison","Deflect","Masterful Stab","Backflip","Bouncing Flask","Slice","Envenom","Outmaneuver","Caltrops","Dagger Spray","Infinite Blades","Deadly Poison+1","Noxious Fumes","Deadly Poison+1"],"relics":["Ring of the Snake","NeowsBlessing","Golden Idol","Bottled Flame","Regal Pillow","Odd Mushroom","Lizard Tail","Potion Belt","MealTicket","Matryoshka","Pen Nib","Bag of Marbles"],"potions_floor_usage":[16,18,23,23,23],"damage_taken":[{"damage":0,"enemies":"Jaw Worm","floor":1,"turns":1},{"damage":0,"enemies":"2 Louse","floor":4,"turns":1},{"damage":0,"enemies":"Small Slimes","floor":5,"turns":1},{"damage":17,"enemies":"Lagavulin","floor":6,"turns":8},{"damage":0,"enemies":"Red Slaver","floor":8,"turns":4},{"damage":0,"enemies":"Exordium Wildlife","floor":11,"turns":2},{"damage":18,"enemies":"Lots of Slimes","floor":12,"turns":4},{"damage":18,"enemies":"The Mushroom Lair","floor":13,"turns":4},{"damage":1,"enemies":"Looter","floor":14,"turns":2},{"damage":42,"enemies":"Hexaghost","floor":16,"turns":9},{"damage":8,"enemies":"3 Byrds","floor":18,"turns":4},{"damage":18,"enemies":"Chosen","floor":20,"turns":6},{"damage":21,"enemies":"Snecko","floor":22,"turns":5},{"damage":22,"enemies":"Gremlin Leader","floor":23,"turns":8},{"damage":36,"enemies":"Snake Plant","floor":24,"turns":5},{"damage":13,"enemies":"Cultist and Chosen","floor":27,"turns":4},{"damage":26,"enemies":"Snecko","floor":28,"turns":5},{"damage":42,"enemies":"Snake Plant","floor":30,"turns":5},{"damage":5,"enemies":"Cultist and Chosen","floor":31,"turns":1}],"seed_played":"6411101114929145948","potions_obtained":[{"floor":8,"key":"Dexterity Potion"},{"floor":11,"key":"GhostInAJar"},{"floor":12,"key":"FearPotion"},{"floor":13,"key":"Explosive Potion"},{"floor":20,"key":"GhostInAJar"},{"floor":22,"key":"Energy Potion"},{"floor":28,"key":"Ancient Potion"}],"is_trial":false,"path_per_floor":["M","?","?","M","M","E","R","M","T","R","M","M","?","M","R","B",null,"M","?","M","$","M","E","M","R","T","M","M","R","M","M"],"character_chosen":"THE_SILENT","items_purchased":["MealTicket","Caltrops","GhostInAJar","Dagger Spray"],"campfire_rested":4,"item_purchase_floors":[21,21,21,21],"current_hp_per_floor":[70,70,75,75,75,58,75,75,75,75,75,57,39,38,75,33,75,67,67,49,49,28,6,12,49,49,36,10,47,5,0],"gold":185,"neow_bonus":"THREE_ENEMY_KILL","is_prod":false,"is_daily":false,"chose_seed":false,"campfire_upgraded":1,"win_rate":0.0,"timestamp":1562163829,"path_taken":["M","?","?","M","M","E","R","M","T","R","M","M","?","M","R","BOSS","M","?","M","$","?","E","M","R","T","M","M","R","M","M"],"build_version":"2019-07-01","purchased_purges":1,"victory":false,"max_hp_per_floor":[70,70,75,75,75,75,75,75,75,75,75,75,75,75,75,75,75,75,75,75,75,75,75,75,75,75,75,75,75,75,75],"card_choices":[{"not_picked":["Dagger Spray","Masterful Stab"],"picked":"Poisoned Stab","floor":1},{"not_picked":["Dagger Throw","Reflex"],"picked":"Crippling Poison","floor":4},{"not_picked":["Dagger Throw","Finisher"],"picked":"Deadly Poison","floor":5},{"not_picked":["PiercingWail","Dagger Throw"],"picked":"Deflect","floor":6},{"not_picked":["Dagger Throw","Crippling Poison"],"picked":"Masterful Stab","floor":8},{"not_picked":["Unload","Acrobatics"],"picked":"Backflip","floor":11},{"not_picked":["Endless Agony","PiercingWail"],"picked":"Bouncing Flask","floor":12},{"not_picked":["Outmaneuver","Deflect"],"picked":"Slice","floor":13},{"not_picked":["PiercingWail","Dagger Spray"],"picked":"Deflect","floor":14},{"not_picked":["Die Die Die","Night Terror"],"picked":"Envenom","floor":16},{"not_picked":["All Out Attack","Finisher","Flying Knee+1"],"picked":"SKIP","floor":18},{"not_picked":["Flechettes","Dagger Spray"],"picked":"Outmaneuver","floor":20},{"not_picked":["Quick Slash","Finisher+1","PiercingWail"],"picked":"SKIP","floor":22},{"not_picked":["Bullet Time","All Out Attack"],"picked":"Infinite Blades","floor":23},{"not_picked":["Slice","Outmaneuver"],"picked":"Deadly Poison+1","floor":24},{"not_picked":["PiercingWail","Acrobatics+1"],"picked":"Noxious Fumes","floor":27},{"not_picked":["Blur","Heel Hook+1"],"picked":"Deadly Poison+1","floor":28},{"not_picked":["Tactician+1","Deadly Poison","Die Die Die"],"picked":"SKIP","floor":30}],"player_experience":1991,"relics_obtained":[{"floor":6,"key":"Bottled Flame"},{"floor":9,"key":"Regal Pillow"},{"floor":13,"key":"Odd Mushroom"},{"floor":23,"key":"Matryoshka"},{"floor":26,"key":"Pen Nib"},{"floor":26,"key":"Bag of Marbles"}],"event_choices":[{"damage_healed":0,"gold_gain":0,"player_choice":"Take Wound","damage_taken":0,"relics_obtained":["Golden Idol"],"max_hp_gain":0,"max_hp_loss":0,"event_name":"Golden Idol","floor":2,"gold_loss":0,"cards_obtained":["Injury"]},{"damage_healed":0,"gold_gain":0,"player_choice":"Donut","damage_taken":0,"max_hp_gain":5,"max_hp_loss":0,"event_name":"Big Fish","floor":3,"gold_loss":0},{"damage_healed":0,"gold_gain":0,"player_choice":"Fought Mushrooms","damage_taken":0,"max_hp_gain":0,"max_hp_loss":0,"event_name":"Mushrooms","floor":13,"gold_loss":0},{"cards_removed":["Deflect"],"damage_healed":0,"gold_gain":0,"player_choice":"Gave Card","damage_taken":0,"relics_obtained":["Potion Belt"],"max_hp_gain":0,"max_hp_loss":0,"event_name":"WeMeetAgain","floor":19,"gold_loss":0}],"is_beta":false,"boss_relics":[{"not_picked":["HoveringKite","Runic Dome"],"picked":"Lizard Tail"}],"items_purged_floors":[21],"is_endless":false,"potions_floor_spawned":[8,11,12,13,14,20,22,28],"killed_by":"Cultist and Chosen","ascension_level":0}