{"gold_per_floor":[15,90,265,265,190,190,200,232,232,245,259,80,80,96,96,191,191,202,221,237,254,254,254,254,254,326,338,338,164,164,176,176,276,276,291,291,311,161,181,181,181,181,226,244,269,285,299,299,299,299],"floor_reached":50,"playtime":2961,"items_purged":["Defend_R","Strike_R","Defend_R","Defend_R"],"score":524,"play_id":"27801d19-ef6c-44b0-a560-e0dd127c7fcb","local_time":"20180716135659","is_ascension_mode":false,"campfire_choices":[{"data":"Iron Wave","floor":6,"key":"SMITH"},{"data":"Flex","floor":15,"key":"SMITH"},{"data":"Immolate","floor":23,"key":"SMITH"},{"data":"Pommel Strike","floor":25,"key":"SMITH"},{"data":"Rampage","floor":30,"key":"SMITH"},{"data":"Whirlwind","floor":32,"key":"SMITH"},{"data":"Madness","floor":40,"key":"SMITH"},{"data":"Madness","floor":42,"key":"SMITH"},{"floor":49,"key":"REST"}],"neow_cost":"NO_GOLD","seed_source_timestamp":1718727618851027,"circlet_count":0,"master_deck":["Strike_R","Strike_R","Strike_R","Strike_R","Defend_R","Bash","Iron Wave+1","Flex+1","Heavy Blade","Whirlwind+1","Shrug It Off","Immolate+1","Armaments+1","Pommel Strike+1","Thunderclap+1","Rampage+1","Cleave","Parasite","Doubt","Heavy Blade+1","Madness+1","Madness+1","Headbutt+1","Flex+1","Infernal Blade+1","Pommel Strike+1"],"relics":["Burning Blood","Omamori","Kunai","Bag of Preparation","Velvet Choker","Nilry\u0027s Codex","Pantograph","Orichalcum","Calling Bell","Strawberry","Molten Egg 2","Ginger","Blood Vial","Centennial Puzzle","Singing Bowl"],"potions_floor_usage":[16,16,16,19,31,39,47,50,50],"damage_taken":[{"damage":5,"enemies":"Jaw Worm","floor":1,"turns":4},{"damage":5,"enemies":"Cultist","floor":7,"turns":4},{"damage":24,"enemies":"3 Sentries","floor":8,"turns":10},{"damage":2,"enemies":"Small Slimes","floor":10,"turns":3},{"damage":5,"enemies":"Blue Slaver","floor":11,"turns":4},{"damage":0,"enemies":"2 Fungi Beasts","floor":14,"turns":3},{"damage":60,"enemies":"Hexaghost","floor":16,"turns":13},{"damage":19,"enemies":"Chosen","floor":18,"turns":5},{"damage":10,"enemies":"2 Thieves","floor":19,"turns":2},{"damage":12,"enemies":"Snake Plant","floor":20,"turns":4},{"damage":0,"enemies":"Cultist and Chosen","floor":21,"turns":3},{"damage":0,"enemies":"Centurion and Healer","floor":27,"turns":4},{"damage":7,"enemies":"Chosen and Byrds","floor":31,"turns":4},{"damage":53,"enemies":"Automaton","floor":33,"turns":10},{"damage":8,"enemies":"3 Shapes","floor":35,"turns":2},{"damage":15,"enemies":"Flame Bruiser 1 Orb","floor":37,"turns":5},{"damage":28,"enemies":"3 Darklings","floor":39,"turns":3},{"damage":13,"enemies":"Flame Bruiser 2 Orb","floor":44,"turns":4},{"damage":41,"enemies":"2 Orb Walkers","floor":45,"turns":4},{"damage":0,"enemies":"4 Shapes","floor":46,"turns":2},{"damage":10,"enemies":"3 Darklings","floor":47,"turns":3},{"damage":86,"enemies":"Time Eater","floor":50,"turns":9}],"seed_played":"-1773778543496474648","potions_obtained":[{"floor":1,"key":"Block Potion"},{"floor":7,"key":"Energy Potion"},{"floor":8,"key":"AttackPotion"},{"floor":18,"key":"Poison Potion"},{"floor":27,"key":"PowerPotion"},{"floor":31,"key":"Strength Potion"},{"floor":39,"key":"Fire Potion"},{"floor":44,"key":"Poison Potion"},{"floor":47,"key":"SteroidPotion"}],"is_trial":false,"path_per_floor":["M","?","?","?","$","R","M","E","T","M","M","$","T","M","R","B",null,"M","M","M","M","?","R","?","R","T","M","?","$","R","M","R","B",null,"M","?","M","$","M","R","?","R","T","M","E","M","M","T","R"],"character_chosen":"IRONCLAD","items_purchased":["Whirlwind","Cleave"],"campfire_rested":1,"item_purchase_floors":[12,29],"current_hp_per_floor":[96,85,85,85,85,85,86,68,68,72,73,73,73,79,79,25,96,83,79,73,79,63,63,63,63,63,69,69,69,69,68,68,46,103,101,88,79,79,57,57,57,57,57,52,19,27,25,25,55,0],"gold":299,"neow_bonus":"TWENTY_PERCENT_HP_BONUS","is_prod":false,"is_daily":false,"chose_seed":false,"campfire_upgraded":8,"win_rate":0,"timestamp":1531767419,"path_taken":["M","?","?","?","$","R","M","E","T","M","M","$","?","M","R","BOSS","M","M","M","M","?","R","?","R","T","?","?","$","R","M","R","BOSS","M","?","?","$","M","R","?","R","T","M","E","M","M","?","R","BOSS"],"build_version":"2018-07-12","purchased_purges":4,"victory":false,"max_hp_per_floor":[96,96,96,96,96,96,96,96,96,96,96,96,96,96,96,96,96,96,96,96,96,96,96,96,96,96,96,96,96,96,96,96,96,103,103,103,103,103,103,103,103,103,103,103,103,103,103,103,103,103],"card_choices":[{"not_picked":["Dropkick","Perfected Strike"],"picked":"Iron Wave","floor":1},{"not_picked":["Headbutt","Thunderclap"],"picked":"Flex","floor":7},{"not_picked":["Reckless Charge","Wild Strike","Bloodletting"],"picked":"SKIP","floor":8},{"not_picked":["Wild Strike","Evolve"],"picked":"Heavy Blade","floor":10},{"not_picked":["Flex","Uppercut","Body Slam"],"picked":"SKIP","floor":11},{"not_picked":["Twin Strike","Shockwave"],"picked":"Shrug It Off","floor":14},{"not_picked":["Fiend Fire","Offering"],"picked":"Immolate","floor":16},{"not_picked":["Wild Strike+1","Entrench"],"picked":"Armaments+1","floor":18},{"not_picked":["Metallicize","Dropkick"],"picked":"Pommel Strike","floor":19},{"not_picked":["Uppercut","Shockwave+1","Second Wind"],"picked":"SKIP","floor":20},{"not_picked":["Shrug It Off+1","Reckless Charge"],"picked":"Thunderclap+1","floor":21},{"not_picked":["Warcry","Pommel Strike"],"picked":"Rampage","floor":27},{"not_picked":["Blood for Blood+1","Warcry+1","Second Wind"],"picked":"SKIP","floor":31},{"not_picked":["Dropkick+1","Impervious"],"picked":"Heavy Blade+1","floor":35},{"not_picked":["Thunderclap+1","Twin Strike+1","Perfected Strike+1"],"picked":"SKIP","floor":37},{"not_picked":["Evolve+1","Body Slam+1"],"picked":"Headbutt+1","floor":39},{"not_picked":["Whirlwind+1","Evolve+1"],"picked":"Flex+1","floor":44},{"not_picked":["Pommel Strike+1","Clash+1"],"picked":"Infernal Blade+1","floor":45},{"not_picked":["Metallicize","Headbutt+1"],"picked":"Pommel Strike+1","floor":46},{"not_picked":["Pummel+1","Twin Strike+1","Havoc"],"picked":"SKIP","floor":47}],"player_experience":189757,"relics_obtained":[{"floor":8,"key":"Omamori"},{"floor":9,"key":"Kunai"},{"floor":13,"key":"Bag of Preparation"},{"floor":22,"key":"Nilry\u0027s Codex"},{"floor":26,"key":"Pantograph"},{"floor":34,"key":"Strawberry"},{"floor":34,"key":"Molten Egg 2"},{"floor":34,"key":"Ginger"},{"floor":43,"key":"Blood Vial"},{"floor":45,"key":"Centennial Puzzle"},{"floor":48,"key":"Singing Bowl"}],"event_choices":[{"event_name":"World of Goop","player_choice":"Gather Gold","floor":2,"damage_taken":0},{"event_name":"Liars Game","player_choice":"agreed","floor":3,"damage_taken":0},{"event_name":"Fountain of Cleansing","player_choice":"Removed Curse","floor":4,"damage_taken":0},{"event_name":"Cursed Tome","player_choice":"Obtained Book","floor":22,"damage_taken":0},{"event_name":"Ghosts","player_choice":"Ignored","floor":24,"damage_taken":0},{"event_name":"The Mausoleum","player_choice":"Yes","floor":28,"damage_taken":0},{"event_name":"Winding Halls","player_choice":"Embrace Madness","floor":36,"damage_taken":0},{"event_name":"Tomb of Lord Red Mask","player_choice":"Ignored","floor":41,"damage_taken":0}],"boss_relics":[{"not_picked":["Snecko Eye","Runic Dome"],"picked":"Velvet Choker"},{"not_picked":["Eternal Feather","Runic Cube"],"picked":"Calling Bell"}],"items_purged_floors":[5,12,29,38],"is_endless":false,"potions_floor_spawned":[1,7,8,18,27,31,39,44,47],"killed_by":"Time Eater","ascension_level":0}