{"gold_per_floor":[111,65,65,65,81,106,106,120,189,189,189,189,189,220,220,220],"floor_reached":16,"playtime":905,"items_purged":[],"score":197,"play_id":"47e3d13d-c0e8-4d2b-b306-5eb339ffd6d9","local_time":"20181028180949","is_ascension_mode":true,"campfire_choices":[{"data":"Venomology","floor":7,"key":"SMITH"},{"data":"Sucker Punch","floor":11,"key":"SMITH"},{"data":"Neutralize","floor":13,"key":"SMITH"},{"data":"Heel Hook","floor":15,"key":"SMITH"}],"neow_cost":"NONE","seed_source_timestamp":956478916571960,"circlet_count":0,"master_deck":["Defend_G","Defend_G","Defend_G","Defend_G","Defend_G","Strike_G","Strike_G","Strike_G","Strike_G","Strike_G","Survivor","Neutralize+1","AscendersBane","Heel Hook","Sucker Punch+1","Venomology+1","Heel Hook+1","Cloak And Dagger","Acrobatics","Die Die Die"],"relics":["Ring of the Snake","NeowsBlessing","Anchor","Dream Catcher","Mercury Hourglass","Art of War"],"potions_floor_usage":[8,14,14,16],"damage_taken":[{"damage":0,"enemies":"Jaw Worm","floor":1,"turns":1},{"damage":0,"enemies":"Cultist","floor":5,"turns":1},{"damage":0,"enemies":"Lagavulin","floor":6,"turns":1},{"damage":0,"enemies":"Small Slimes","floor":8,"turns":4},{"damage":5,"enemies":"3 Sentries","floor":14,"turns":8},{"damage":43,"enemies":"Hexaghost","floor":16,"turns":16}],"seed_played":"-5524384004745723872","potions_obtained":[{"floor":1,"key":"EssenceOfSteel"},{"floor":6,"key":"Block Potion"}],"is_trial":false,"path_per_floor":["M","$","?","?","M","E","R","M","T","?","R","$","R","E","R"],"character_chosen":"THE_SILENT","items_purchased":["Sucker Punch"],"campfire_rested":0,"item_purchase_floors":[2],"current_hp_per_floor":[63,63,63,51,51,51,51,51,51,56,56,56,56,51,51,8],"gold":220,"neow_bonus":"THREE_ENEMY_KILL","is_prod":false,"is_daily":false,"chose_seed":false,"campfire_upgraded":4,"win_rate":0,"timestamp":1540768189,"path_taken":["M","$","?","?","M","E","R","?","T","?","R","?","R","E","R","BOSS"],"build_version":"2018-10-25v2","purchased_purges":0,"victory":false,"max_hp_per_floor":[70,70,70,70,70,70,70,70,70,75,75,75,75,75,75,75],"card_choices":[{"not_picked":["Flying Knee","Prepared"],"picked":"Heel Hook","floor":1},{"not_picked":["Eviscerate","Dagger Spray"],"picked":"Heel Hook","floor":5},{"not_picked":["Dagger Spray","Bouncing Flask"],"picked":"Cloak And Dagger","floor":6},{"not_picked":["Setup","Distraction"],"picked":"Acrobatics","floor":8},{"not_picked":["Dagger Throw","Prepared"],"picked":"Die Die Die","floor":14}],"player_experience":882522,"relics_obtained":[{"floor":6,"key":"Dream Catcher"},{"floor":9,"key":"Mercury Hourglass"},{"floor":14,"key":"Art of War"}],"event_choices":[{"damage_healed":0,"gold_gain":0,"player_choice":"1 cards matched","damage_taken":0,"max_hp_gain":0,"max_hp_loss":0,"event_name":"Match and Keep!","floor":3,"gold_loss":0,"cards_obtained":["Venomology"]},{"damage_healed":0,"gold_gain":0,"player_choice":"Success","damage_taken":12,"relics_obtained":["Anchor"],"max_hp_gain":0,"max_hp_loss":0,"event_name":"Scrap Ooze","floor":4,"gold_loss":0},{"damage_healed":0,"gold_gain":0,"player_choice":"Donut","damage_taken":0,"max_hp_gain":5,"max_hp_loss":0,"event_name":"Big Fish","floor":10,"gold_loss":0}],"is_beta":false,"boss_relics":[],"items_purged_floors":[],"is_endless":false,"potions_floor_spawned":[1,6],"killed_by":"Hexaghost","ascension_level":10}