{"gold_per_floor":[109,109,89,109,132,167,178,178,202,79,79,111,130,145,145,242,242,254,269,283,116,136,136,11,11,11,11,23,36,47,47],"floor_reached":31,"playtime":2796,"items_purged":["Defend_R","Strike_R","Defend_R"],"score":251,"play_id":"7ef022d4-5626-46da-a3d9-49b349286aa5","local_time":"20180716093310","is_ascension_mode":false,"campfire_choices":[{"data":"Perfected Strike","floor":11,"key":"SMITH"},{"data":"Searing Blow","floor":15,"key":"SMITH"},{"floor":23,"key":"REST"},{"data":"Searing Blow+1","floor":25,"key":"SMITH"}],"neow_cost":"","seed_source_timestamp":1703015252694608,"circlet_count":0,"master_deck":["Strike_R","Strike_R","Strike_R","Defend_R","Defend_R","Bash","Infernal Blade","Searing Blow+2","Rampage","Shrug It Off","Immolate","Spot Weakness","Spot Weakness","Impervious","Heavy Blade","Headbutt","Ghostly Armor","Infernal Blade","Pommel Strike","Iron Wave+1"],"relics":["Burning Blood","Bag of Marbles","Strawberry","Pen Nib","Bag of Preparation","Peace Pipe","Empty Cage","Singing Bowl"],"potions_floor_usage":[8,13,13,20,20,29,30],"damage_taken":[{"damage":10,"enemies":"Jaw Worm","floor":1,"turns":4},{"damage":0,"enemies":"Small Slimes","floor":4,"turns":2},{"damage":8,"enemies":"Gremlin Nob","floor":6,"turns":3},{"damage":1,"enemies":"Cultist","floor":7,"turns":3},{"damage":0,"enemies":"Gremlin Gang","floor":8,"turns":1},{"damage":18,"enemies":"Lagavulin","floor":12,"turns":3},{"damage":1,"enemies":"Lots of Slimes","floor":13,"turns":3},{"damage":0,"enemies":"Exordium Thugs","floor":14,"turns":2},{"damage":56,"enemies":"Hexaghost","floor":16,"turns":9},{"damage":0,"enemies":"3 Byrds","floor":18,"turns":1},{"damage":30,"enemies":"Spheric Guardian","floor":19,"turns":4},{"damage":19,"enemies":"Chosen and Byrds","floor":20,"turns":4},{"damage":18,"enemies":"Snake Plant","floor":22,"turns":5},{"damage":24,"enemies":"Cultist and Chosen","floor":28,"turns":5},{"damage":20,"enemies":"Centurion and Healer","floor":29,"turns":3},{"damage":17,"enemies":"Snecko","floor":30,"turns":5},{"damage":39,"enemies":"Snake Plant","floor":31,"turns":3}],"seed_played":"-9019262277237699345","potions_obtained":[{"floor":1,"key":"Poison Potion"},{"floor":3,"key":"SmokeBomb"},{"floor":7,"key":"FairyPotion"},{"floor":12,"key":"Poison Potion"},{"floor":16,"key":"Explosive Potion"},{"floor":19,"key":"PowerPotion"},{"floor":28,"key":"SkillPotion"},{"floor":29,"key":"PowerPotion"}],"is_trial":false,"path_per_floor":["M","?","?","M","T","E","M","M","T","$","R","E","M","M","R","B",null,"M","M","M","$","M","R","$","R","T","?","M","M","M"],"character_chosen":"IRONCLAD","items_purchased":["Shrug It Off","Ghostly Armor"],"campfire_rested":1,"item_purchase_floors":[10,21],"current_hp_per_floor":[76,64,64,70,77,75,80,86,86,86,86,74,79,85,85,35,87,87,63,50,50,38,64,64,64,64,64,46,34,23,0],"gold":47,"neow_bonus":"","is_prod":false,"is_daily":false,"chose_seed":false,"campfire_upgraded":3,"win_rate":0,"timestamp":1531751590,"path_taken":["M","?","?","?","?","E","M","?","T","?","R","E","M","M","R","BOSS","M","M","M","$","M","R","$","R","T","?","?","M","M","M"],"build_version":"2018-07-12","purchased_purges":3,"victory":false,"max_hp_per_floor":[80,80,80,80,87,87,87,87,87,87,87,87,87,87,87,87,87,87,87,87,87,87,87,87,87,87,87,87,89,89,89],"card_choices":[{"not_picked":["Disarm","True Grit"],"picked":"Infernal Blade","floor":1},{"not_picked":["Clothesline","Clash"],"picked":"Perfected Strike","floor":4},{"not_picked":["Havoc","Heavy Blade"],"picked":"Searing Blow","floor":6},{"not_picked":["Headbutt","Thunderclap"],"picked":"Rampage","floor":7},{"not_picked":["Headbutt","Entrench"],"picked":"Immolate","floor":12},{"not_picked":["Iron Wave","Clothesline"],"picked":"Spot Weakness","floor":13},{"not_picked":["Heavy Blade","Body Slam"],"picked":"Spot Weakness","floor":14},{"not_picked":["Bludgeon","Juggernaut"],"picked":"Impervious","floor":16},{"not_picked":["Flex","Intimidate"],"picked":"Heavy Blade","floor":18},{"not_picked":["Sword Boomerang","Twin Strike","Sever Soul"],"picked":"SKIP","floor":19},{"not_picked":["Wild Strike","Sword Boomerang+1"],"picked":"Headbutt","floor":20},{"not_picked":["Second Wind","Demon Form","Entrench"],"picked":"SKIP","floor":22},{"not_picked":["Carnage","Infernal Blade+1"],"picked":"Pommel Strike","floor":28},{"not_picked":["Body Slam","Twin Strike","Hemokinesis"],"picked":"Singing Bowl","floor":29},{"not_picked":["Shrug It Off","Burning Pact+1"],"picked":"Iron Wave+1","floor":30}],"player_experience":183023,"relics_obtained":[{"floor":5,"key":"Strawberry"},{"floor":6,"key":"Pen Nib"},{"floor":9,"key":"Bag of Preparation"},{"floor":12,"key":"Peace Pipe"},{"floor":26,"key":"Singing Bowl"}],"event_choices":[{"event_name":"Scrap Ooze","player_choice":"success","floor":2,"damage_taken":12},{"event_name":"The Woman in Blue","player_choice":"Bought 1 Potion","floor":3,"damage_taken":0},{"event_name":"The Library","player_choice":"Read","floor":27,"damage_taken":0}],"boss_relics":[{"not_picked":["White Beast Statue","Orrery"],"picked":"Empty Cage"}],"items_purged_floors":[10,21,24],"is_endless":false,"potions_floor_spawned":[1,7,12,16,19,28,29],"killed_by":"Snake Plant","ascension_level":0}