{"gold_per_floor":[112,130,19,94,94,120,139,151,151,151,151,167,183,152,152,251,251,262,262,273,304,186,186,204,204,229,247,247,66,83,99,99,99],"floor_reached":33,"playtime":3375,"items_purged":["Clumsy","Strike_G"],"score":326,"play_id":"d7ed40a6-b3c1-4221-a5e4-13e8c64347eb","local_time":"20180725095852","is_ascension_mode":false,"campfire_choices":[{"data":"Poisoned Stab","floor":10,"key":"SMITH"},{"floor":15,"key":"REST"},{"floor":23,"key":"REST"},{"data":"Bouncing Flask","floor":25,"key":"SMITH"},{"data":"Outmaneuver","floor":28,"key":"SMITH"},{"floor":32,"key":"REST"}],"neow_cost":"CURSE","seed_source_timestamp":2481715586150064,"circlet_count":0,"master_deck":["Defend_G","Defend_G","Defend_G","Defend_G","Defend_G","Strike_G+1","Strike_G","Strike_G","Strike_G","Survivor","Neutralize","Footwork","Deadly Poison","Escape Plan+1","Escape Plan","Deflect+1","Poisoned Stab+1","Sucker Punch","Outmaneuver+1","Bouncing Flask+1","Backflip+1","Bane","Deadly Poison","Leg Sweep+1","Deadly Poison","Sucker Punch+1","Slice+1","Bouncing Flask","Poisoned Stab","Deadly Poison"],"relics":["Ring of the Snake","FaceOfCleric","Bottled Lightning","The Courier","Eternal Feather","Red Mask","War Paint","Strawberry"],"potions_floor_usage":[12,16,21,21,31],"damage_taken":[{"damage":0,"enemies":"Small Slimes","floor":1,"turns":4},{"damage":0,"enemies":"Jaw Worm","floor":2,"turns":6},{"damage":9,"enemies":"Lagavulin","floor":6,"turns":8},{"damage":0,"enemies":"2 Louse","floor":7,"turns":2},{"damage":1,"enemies":"Exordium Wildlife","floor":8,"turns":5},{"damage":0,"enemies":"Lots of Slimes","floor":12,"turns":6},{"damage":0,"enemies":"Looter","floor":13,"turns":4},{"damage":11,"enemies":"Exordium Thugs","floor":14,"turns":5},{"damage":10,"enemies":"The Guardian","floor":16,"turns":10},{"damage":4,"enemies":"3 Byrds","floor":18,"turns":7},{"damage":5,"enemies":"Shell Parasite","floor":20,"turns":6},{"damage":55,"floor":21,"turns":7},{"damage":33,"enemies":"3 Cultists","floor":24,"turns":10},{"damage":11,"enemies":"Snecko","floor":27,"turns":4},{"damage":19,"enemies":"Centurion and Healer","floor":30,"turns":7},{"damage":6,"enemies":"Snake Plant","floor":31,"turns":4},{"damage":117,"enemies":"Champ","floor":33,"turns":14}],"seed_played":"-8925853052648288025","potions_obtained":[{"floor":6,"key":"SkillPotion"},{"floor":7,"key":"SteroidPotion"},{"floor":13,"key":"Energy Potion"},{"floor":14,"key":"Block Potion"},{"floor":16,"key":"SpeedPotion"},{"floor":20,"key":"EssenceOfSteel"},{"floor":24,"key":"FairyPotion"},{"floor":30,"key":"Swift Potion"},{"floor":31,"key":"SteroidPotion"}],"is_trial":false,"path_per_floor":["M","M","$","?","?","E","M","M","T","R","?","M","M","M","R","B",null,"M","?","M","?","$","R","M","R","T","M","R","$","M","M","R"],"character_chosen":"THE_SILENT","items_purchased":["Escape Plan","Deadly Poison","Bouncing Flask","Strawberry"],"campfire_rested":3,"item_purchase_floors":[3,22,29,29],"current_hp_per_floor":[84,84,84,73,73,65,66,66,66,66,49,50,51,41,68,59,91,88,88,84,30,30,73,41,56,56,46,61,68,50,45,94,0],"gold":99,"neow_bonus":"TWENTY_PERCENT_HP_BONUS","is_prod":false,"is_daily":false,"chose_seed":false,"campfire_upgraded":3,"win_rate":0,"timestamp":1532530732,"path_taken":["M","M","$","?","?","E","?","M","T","R","?","M","?","M","R","BOSS","M","?","?","?","?","R","M","R","T","M","R","$","M","M","R","BOSS"],"build_version":"2018-07-19v2","purchased_purges":2,"victory":false,"max_hp_per_floor":[84,84,84,84,84,85,86,87,87,87,87,88,89,90,90,91,91,92,92,93,94,94,94,95,95,95,96,96,103,104,105,105,105],"card_choices":[{"not_picked":["Leg Sweep","Quick Slash"],"picked":"Footwork","floor":1},{"not_picked":["Flying Knee","Catalyst"],"picked":"Deadly Poison","floor":2},{"not_picked":["Dagger Throw","PiercingWail"],"picked":"Escape Plan","floor":6},{"not_picked":["Underhanded Strike","Quick Slash"],"picked":"Deflect","floor":7},{"not_picked":["Flying Knee","Prepared"],"picked":"Poisoned Stab","floor":8},{"not_picked":["Malaise","Dodge and Roll"],"picked":"Sucker Punch","floor":12},{"not_picked":["Setup","Calculated Gamble"],"picked":"Outmaneuver","floor":13},{"not_picked":["Expertise","Choke"],"picked":"Bouncing Flask","floor":14},{"not_picked":["Deflect","Dagger Throw"],"picked":"Backflip+1","floor":18},{"not_picked":["Dodge and Roll","PiercingWail"],"picked":"Deadly Poison","floor":20},{"not_picked":["Dagger Throw","Eviscerate"],"picked":"Leg Sweep","floor":21},{"not_picked":["Masterful Stab+1","Flying Knee"],"picked":"Sucker Punch+1","floor":24},{"not_picked":["Outmaneuver","Distraction"],"picked":"Slice+1","floor":27},{"not_picked":["Reflex","Terror+1"],"picked":"Poisoned Stab","floor":30},{"not_picked":["All Out Attack","Backflip"],"picked":"Deadly Poison","floor":31}],"player_experience":324956,"relics_obtained":[{"floor":6,"key":"Bottled Lightning"},{"floor":9,"key":"The Courier"},{"floor":21,"key":"Red Mask"},{"floor":26,"key":"War Paint"}],"event_choices":[{"event_name":"World of Goop","player_choice":"Gather Gold","floor":4,"damage_taken":0},{"event_name":"FaceTrader","player_choice":"Trade","floor":5,"damage_taken":0},{"event_name":"Shining Light","player_choice":"Entered Light","floor":11,"damage_taken":0},{"event_name":"The Library","player_choice":"Read","floor":19,"damage_taken":0},{"event_name":"Masked Bandits","player_choice":"Fought over 273 gold","floor":21,"damage_taken":0}],"is_beta":false,"boss_relics":[{"not_picked":["Runic Dome","Sozu"],"picked":"Eternal Feather"}],"items_purged_floors":[3,22],"is_endless":false,"potions_floor_spawned":[6,7,13,14,16,20,24,30,31],"killed_by":"Champ","ascension_level":0}