{"gold_per_floor":[111,125,137,137,137,137,171,171,171,182,247,259,279,311,311,406,406,419,419,334,347,362,362,373,373,398,430,430,430,491,173,173,173],"floor_reached":33,"playtime":2143,"items_purged":[],"score":521,"play_id":"3c4d64e3-6949-4378-bdfb-c095566b79f4","local_time":"20190406141822","is_ascension_mode":true,"campfire_choices":[{"data":"Dagger Spray","floor":6,"key":"SMITH"},{"data":"Slice","floor":8,"key":"SMITH"},{"data":"Dagger Spray","floor":15,"key":"SMITH"},{"floor":23,"key":"REST"},{"data":"Glass Knife","floor":25,"key":"SMITH"},{"floor":29,"key":"REST"},{"data":"Dagger Spray","floor":32,"key":"SMITH"}],"neow_cost":"NONE","seed_source_timestamp":62987128968147,"circlet_count":0,"master_deck":["AscendersBane","Defend_G","Defend_G","Defend_G","Defend_G","Defend_G","Survivor","Neutralize","Dagger Spray+1","Adrenaline","Slice+1","Endless Agony","Masterful Stab","Terror","Cloak And Dagger","Dagger Spray+1","Infinite Blades","Glass Knife+1","Flying Knee+1","Riddle With Holes+1","Infinite Blades","Expertise+1","Adrenaline+1","Bite","Bite","Bite","Bite","Bite","Cloak And Dagger+1","Dagger Spray+1"],"relics":["Ring of the Snake","Letter Opener","Strawberry","Mercury Hourglass","Matryoshka","Toxic Egg 2","Black Star","Nilry\u0027s Codex","Meat on the Bone","Bag of Marbles","Boot","Art of War","Incense Burner","Snake Skull","Tiny Chest","Ice Cream"],"potions_floor_usage":[7,14,18,24,24,30],"damage_taken":[{"damage":5,"enemies":"Cultist","floor":1,"turns":6},{"damage":0,"enemies":"Small Slimes","floor":2,"turns":3},{"damage":0,"enemies":"2 Louse","floor":3,"turns":2},{"damage":14,"enemies":"Lagavulin","floor":7,"turns":7},{"damage":0,"enemies":"Large Slime","floor":10,"turns":5},{"damage":16,"enemies":"Lagavulin Event","floor":11,"turns":5},{"damage":6,"enemies":"Exordium Thugs","floor":12,"turns":3},{"damage":0,"enemies":"Exordium Wildlife","floor":13,"turns":3},{"damage":0,"enemies":"Gremlin Nob","floor":14,"turns":2},{"damage":2,"enemies":"Slime Boss","floor":16,"turns":5},{"damage":8,"enemies":"2 Thieves","floor":18,"turns":3},{"damage":3,"enemies":"Chosen","floor":21,"turns":3},{"damage":37,"enemies":"Snecko","floor":22,"turns":5},{"damage":22,"enemies":"Sentry and Sphere","floor":24,"turns":4},{"damage":42,"enemies":"Book of Stabbing","floor":27,"turns":4},{"damage":2,"enemies":"Slavers","floor":30,"turns":3},{"damage":65,"enemies":"Champ","floor":33,"turns":7}],"seed_played":"-2021477090306971299","potions_obtained":[{"floor":2,"key":"SneckoOil"},{"floor":5,"key":"Fire Potion"},{"floor":5,"key":"Explosive Potion"},{"floor":10,"key":"GhostInAJar"},{"floor":14,"key":"FairyPotion"},{"floor":21,"key":"EntropicBrew"},{"floor":27,"key":"Swift Potion"}],"is_trial":false,"path_per_floor":["M","M","M","T","?","R","E","R","T","M","?","M","M","E","R","B",null,"M","?","?","M","M","R","M","R","T","E","?","R","E","$","R","B"],"character_chosen":"THE_SILENT","items_purchased":["Ice Cream","Dagger Spray"],"campfire_rested":2,"item_purchase_floors":[31,31],"current_hp_per_floor":[65,65,65,65,65,65,58,58,58,58,42,36,36,36,36,34,72,64,48,48,45,20,45,35,35,35,20,20,37,39,39,39,0],"gold":173,"neow_bonus":"TEN_PERCENT_HP_BONUS","is_prod":false,"is_daily":false,"chose_seed":false,"campfire_upgraded":5,"win_rate":0,"timestamp":1554578302,"path_taken":["M","?","?","?","?","R","E","R","T","?","?","M","M","E","R","BOSS","M","?","?","M","M","R","M","R","T","E","?","R","E","$","R","BOSS"],"build_version":"2019-01-23","purchased_purges":0,"victory":false,"max_hp_per_floor":[77,77,77,77,77,77,84,84,84,84,84,84,84,84,84,84,84,84,84,84,84,84,84,84,84,84,84,58,58,58,58,58,58],"card_choices":[{"not_picked":["Sucker Punch","Backflip"],"picked":"Dagger Spray","floor":1},{"not_picked":["Deflect","Flying Knee"],"picked":"Adrenaline","floor":2},{"not_picked":["Flechettes","PiercingWail"],"picked":"Slice","floor":3},{"not_picked":["Predator","Prepared"],"picked":"Endless Agony","floor":7},{"not_picked":["Outmaneuver","Heel Hook"],"picked":"Masterful Stab","floor":10},{"not_picked":["Concentrate","Prepared"],"picked":"Terror","floor":11},{"not_picked":["Sucker Punch","Backstab"],"picked":"Cloak And Dagger","floor":12},{"not_picked":["Cloak And Dagger","Caltrops"],"picked":"Dagger Spray","floor":13},{"not_picked":["Bullet Time","Caltrops"],"picked":"Infinite Blades","floor":14},{"not_picked":["Wraith Form v2","Grand Finale"],"picked":"Glass Knife","floor":16},{"not_picked":["Deadly Poison+1","Deflect+1"],"picked":"Flying Knee+1","floor":18},{"not_picked":["Prepared+1","Deflect+1"],"picked":"Riddle With Holes+1","floor":21},{"not_picked":["Masterful Stab+1","Bane"],"picked":"Infinite Blades","floor":22},{"not_picked":["PiercingWail+1","All Out Attack+1"],"picked":"Expertise+1","floor":24},{"not_picked":["Setup+1","Flying Knee+1"],"picked":"Adrenaline+1","floor":27},{"not_picked":["Underhanded Strike","Dodge and Roll+1"],"picked":"Cloak And Dagger+1","floor":30}],"player_experience":1322459,"relics_obtained":[{"floor":4,"key":"Letter Opener"},{"floor":7,"key":"Strawberry"},{"floor":9,"key":"Mercury Hourglass"},{"floor":14,"key":"Toxic Egg 2"},{"floor":19,"key":"Nilry\u0027s Codex"},{"floor":26,"key":"Bag of Marbles"},{"floor":26,"key":"Boot"},{"floor":27,"key":"Art of War"},{"floor":27,"key":"Incense Burner"},{"floor":30,"key":"Snake Skull"},{"floor":30,"key":"Tiny Chest"}],"event_choices":[{"damage_healed":0,"gold_gain":0,"player_choice":"Got Potions","damage_taken":0,"max_hp_gain":0,"max_hp_loss":0,"event_name":"Lab","floor":5,"gold_loss":0},{"damage_healed":0,"gold_gain":0,"player_choice":"Searched \u00272\u0027 times","damage_taken":0,"relics_obtained":["Matryoshka"],"max_hp_gain":0,"max_hp_loss":0,"event_name":"Dead Adventurer","floor":11,"gold_loss":0},{"damage_healed":0,"gold_gain":0,"player_choice":"Obtained Book","damage_taken":16,"max_hp_gain":0,"max_hp_loss":0,"event_name":"Cursed Tome","floor":19,"gold_loss":0},{"damage_healed":0,"gold_gain":0,"player_choice":"Obtained Relic","damage_taken":0,"relics_obtained":["Meat on the Bone"],"max_hp_gain":0,"max_hp_loss":0,"event_name":"Addict","floor":20,"gold_loss":85},{"damage_healed":0,"gold_gain":0,"player_choice":"Became a vampire","damage_taken":0,"max_hp_gain":0,"max_hp_loss":26,"event_name":"Vampires","floor":28,"gold_loss":0,"cards_obtained":["Bite","Bite","Bite","Bite","Bite"]}],"is_beta":false,"boss_relics":[{"not_picked":["Lizard Tail","Pandora\u0027s Box"],"picked":"Black Star"}],"items_purged_floors":[],"is_endless":false,"potions_floor_spawned":[2,10,11,14,16,21,22,27],"killed_by":"Champ","ascension_level":11}