{"gold_per_floor":[363,375,375,375,3,3,16,49,49,73,151,151,190,46,46,171,171,190,205,230,230,243,278,35,35,35,51,25,25,39,78,78,209,209,234,234,249,4,19,19,63,63,87,108,108,122,136,154,154,154],"floor_reached":50,"playtime":4340,"items_purged":["Doubt","Catalyst"],"score":684,"play_id":"3c91dbcc-c8ee-4279-b9d4-0afbdbb0b09d","local_time":"20181102151803","is_ascension_mode":true,"campfire_choices":[{"floor":6,"key":"REST"},{"floor":15,"key":"REST"},{"floor":25,"key":"REST"},{"data":"Terror","floor":29,"key":"SMITH"},{"data":"Deadly Poison","floor":32,"key":"SMITH"},{"floor":40,"key":"REST"},{"floor":42,"key":"REST"},{"floor":45,"key":"REST"},{"floor":49,"key":"REST"}],"neow_cost":"CURSE","seed_source_timestamp":270346695465026,"circlet_count":0,"master_deck":["Survivor","Neutralize","Dash","Sucker Punch","Dramatic Entrance+1","Leg Sweep","PiercingWail","Glass Knife+1","Bane+1","Die Die Die+1","Underhanded Strike+1","Bane+1","Terror+1","Quick Slash+1","Acrobatics","Bane+1","PiercingWail","Dagger Spray+1","Heel Hook+1","Prepared+1","Deflect+1","Prepared","Deadly Poison","Deadly Poison+1","Bullet Time","All Out Attack+1","Poisoned Stab+1","Heel Hook+1","Crippling Poison","Noxious Fumes+1","Poisoned Stab+1","Deadly Poison","Bouncing Flask"],"relics":["Ring of the Snake","Golden Idol","Molten Egg 2","Art of War","Bag of Marbles","Darkstone Periapt","Torii","Blood Vial","Pandora\u0027s Box","Mercury Hourglass","Happy Flower","Sundial","Strawberry","Empty Cage","FaceOfCleric","Strange Spoon","PreservedInsect","Bronze Scales"],"potions_floor_usage":[8,13,16,22,33,41,44,50,50],"damage_taken":[{"damage":0,"enemies":"Jaw Worm","floor":1,"turns":5},{"damage":4,"enemies":"2 Louse","floor":2,"turns":2},{"damage":0,"enemies":"Small Slimes","floor":7,"turns":2},{"damage":24,"enemies":"Lagavulin","floor":8,"turns":11},{"damage":3,"enemies":"Looter","floor":10,"turns":3},{"damage":11,"enemies":"3 Sentries","floor":13,"turns":6},{"damage":15,"enemies":"Hexaghost","floor":16,"turns":12},{"damage":1,"enemies":"2 Thieves","floor":18,"turns":3},{"damage":0,"enemies":"Chosen","floor":19,"turns":3},{"damage":0,"enemies":"3 Cultists","floor":20,"turns":1},{"damage":4,"enemies":"Shelled Parasite and Fungi","floor":22,"turns":4},{"damage":20,"enemies":"Slavers","floor":23,"turns":3},{"damage":3,"enemies":"Snake Plant","floor":27,"turns":3},{"damage":2,"enemies":"Sentry and Sphere","floor":30,"turns":4},{"damage":0,"enemies":"Gremlin Leader","floor":31,"turns":3},{"damage":21,"enemies":"Automaton","floor":33,"turns":7},{"damage":25,"enemies":"3 Shapes","floor":35,"turns":4},{"damage":3,"enemies":"3 Darklings","floor":37,"turns":3},{"damage":0,"enemies":"Jaw Worm Horde","floor":39,"turns":1},{"damage":41,"enemies":"Reptomancer","floor":41,"turns":5},{"damage":28,"enemies":"Transient","floor":44,"turns":5},{"damage":26,"enemies":"Maw","floor":46,"turns":5},{"damage":11,"enemies":"Jaw Worm Horde","floor":47,"turns":3},{"damage":12,"enemies":"4 Shapes","floor":48,"turns":3},{"damage":53,"enemies":"Time Eater","floor":50,"turns":5}],"seed_played":"-3007157806786791161","potions_obtained":[{"floor":8,"key":"SpeedPotion"},{"floor":13,"key":"GhostInAJar"},{"floor":16,"key":"PowerPotion"},{"floor":19,"key":"GhostInAJar"},{"floor":20,"key":"GamblersBrew"},{"floor":33,"key":"Block Potion"},{"floor":44,"key":"Fire Potion"},{"floor":48,"key":"Energy Potion"}],"is_trial":false,"path_per_floor":["M","M","?","T","$","R","M","E","T","M","?","?","E","$","R","B",null,"M","M","M","?","M","E","$","R","T","M","$","R","M","E","R","B",null,"M","?","M","$","M","R","E","R","T","M","R","M","M","M","R","B"],"character_chosen":"THE_SILENT","items_purchased":["Dramatic Entrance+1","Art of War","Dexterity Potion","Blood Vial","Happy Flower","Prepared","Strange Spoon","Heel Hook+1"],"campfire_rested":7,"item_purchase_floors":[5,5,5,14,24,28,38,38],"current_hp_per_floor":[70,66,49,49,49,70,70,46,46,43,43,40,29,29,50,37,70,69,70,70,70,66,48,48,69,69,67,67,67,67,76,76,56,77,52,52,52,52,55,78,39,63,63,38,62,39,31,22,47,0],"gold":154,"neow_bonus":"TWO_FIFTY_GOLD","is_prod":false,"is_daily":false,"chose_seed":false,"campfire_upgraded":2,"win_rate":0,"timestamp":1541197083,"path_taken":["M","M","?","?","$","R","M","E","T","M","?","?","E","?","R","BOSS","M","M","M","?","M","E","$","R","T","M","?","R","M","E","R","BOSS","M","?","M","$","M","R","E","R","T","?","R","M","M","M","R","BOSS"],"build_version":"2018-11-01","purchased_purges":2,"victory":false,"max_hp_per_floor":[70,70,70,70,70,70,70,70,70,70,70,70,70,70,70,70,70,70,70,70,70,70,70,70,70,70,70,70,70,70,77,77,77,77,77,77,78,78,79,79,80,80,80,81,81,82,83,84,84,84],"card_choices":[{"not_picked":["Deflect","Acrobatics"],"picked":"Dash","floor":1},{"not_picked":["Skewer","Underhanded Strike"],"picked":"Sucker Punch","floor":2},{"not_picked":["Finisher+1","Outmaneuver"],"picked":"Leg Sweep","floor":7},{"not_picked":["Distraction","Tactician"],"picked":"PiercingWail","floor":8},{"not_picked":["Well Laid Plans","Catalyst"],"picked":"Glass Knife+1","floor":10},{"not_picked":["Setup","Dash+1"],"picked":"Bane+1","floor":13},{"not_picked":["Tools of the Trade","Corpse Explosion"],"picked":"Die Die Die+1","floor":16},{"not_picked":["Well Laid Plans","Cloak And Dagger+1"],"picked":"Dagger Spray+1","floor":18},{"not_picked":["Outmaneuver","Blur"],"picked":"Heel Hook+1","floor":19},{"not_picked":["Terror","Deflect"],"picked":"Prepared","floor":20},{"not_picked":["Accuracy","Grand Finale+1","Deflect"],"picked":"SKIP","floor":22},{"not_picked":["Bane+1","Quick Slash+1","Flying Knee+1"],"picked":"SKIP","floor":23},{"not_picked":["Slice+1","Accuracy"],"picked":"Deflect+1","floor":27},{"not_picked":["Slice+1","Tactician"],"picked":"Deadly Poison","floor":30},{"not_picked":["Dagger Spray+1","Bane+1"],"picked":"Deadly Poison","floor":31},{"not_picked":["Grand Finale+1","Tools of the Trade"],"picked":"Bullet Time","floor":33},{"not_picked":["Slice+1","Sucker Punch+1"],"picked":"All Out Attack+1","floor":35},{"not_picked":["Dagger Throw+1","Phantasmal Killer"],"picked":"Poisoned Stab+1","floor":37},{"not_picked":["Reflex+1","Caltrops+1"],"picked":"Crippling Poison","floor":39},{"not_picked":["Infinite Blades","Footwork"],"picked":"Noxious Fumes+1","floor":41},{"not_picked":["Predator+1","Sucker Punch+1"],"picked":"Poisoned Stab+1","floor":44},{"not_picked":["Deflect+1","Flying Knee+1","Eviscerate+1"],"picked":"SKIP","floor":46},{"not_picked":["Dagger Throw+1","Slice+1"],"picked":"Deadly Poison","floor":47},{"not_picked":["Quick Slash+1","Blade Dance"],"picked":"Bouncing Flask","floor":48}],"player_experience":467837,"relics_obtained":[{"floor":4,"key":"Molten Egg 2"},{"floor":8,"key":"Bag of Marbles"},{"floor":9,"key":"Darkstone Periapt"},{"floor":13,"key":"Torii"},{"floor":23,"key":"Mercury Hourglass"},{"floor":26,"key":"Sundial"},{"floor":31,"key":"Strawberry"},{"floor":41,"key":"PreservedInsect"},{"floor":43,"key":"Bronze Scales"}],"event_choices":[{"damage_healed":0,"gold_gain":0,"player_choice":"Take Damage","damage_taken":17,"relics_obtained":["Golden Idol"],"max_hp_gain":0,"max_hp_loss":0,"event_name":"Golden Idol","floor":3,"gold_loss":0},{"damage_healed":0,"gold_gain":78,"player_choice":"Gained Gold","damage_taken":0,"max_hp_gain":0,"max_hp_loss":0,"event_name":"Golden Wing","floor":11,"gold_loss":0},{"damage_healed":0,"gold_gain":0,"player_choice":"Fled","damage_taken":3,"max_hp_gain":0,"max_hp_loss":0,"event_name":"Scrap Ooze","floor":12,"gold_loss":0},{"damage_healed":0,"gold_gain":0,"player_choice":"Forge","damage_taken":0,"max_hp_gain":0,"max_hp_loss":0,"event_name":"Accursed Blacksmith","floor":21,"gold_loss":0,"cards_upgraded":["Prepared"]},{"damage_healed":0,"gold_gain":0,"player_choice":"Trade","damage_taken":0,"relics_obtained":["FaceOfCleric"],"max_hp_gain":0,"max_hp_loss":0,"event_name":"FaceTrader","floor":36,"gold_loss":0}],"is_beta":false,"boss_relics":[{"not_picked":["Astrolabe","Black Star"],"picked":"Pandora\u0027s Box"},{"not_picked":["Sozu","HoveringKite"],"picked":"Empty Cage"}],"items_purged_floors":[5,24],"is_endless":false,"potions_floor_spawned":[8,13,16,19,20,33,44,48],"killed_by":"Time Eater","ascension_level":4}