{"gold_per_floor":[116,128,144,156,106,106,117,148,148,159,137,153,153,10,10,115,115,134,134,149,162,175,175,192,192],"floor_reached":25,"playtime":1815,"items_purged":[],"score":272,"play_id":"08ef39a4-44d4-4bf0-9b58-8e76fb68e5db","local_time":"20180804204617","is_ascension_mode":true,"campfire_choices":[{"floor":6,"key":"REST"},{"floor":13,"key":"REST"},{"floor":15,"key":"REST"},{"floor":23,"key":"REST"}],"neow_cost":"FIFTY_PERCENT_DAMAGE","seed_source_timestamp":39661083803815,"circlet_count":0,"master_deck":["Strike_R","Strike_R","Strike_R","Strike_R","Defend_R","Defend_R","Defend_R","Defend_R","Bash","Headbutt","Thunderclap","Combust","Immolate","Shrug It Off","Cleave","Impervious","Shrug It Off","Pommel Strike","Twin Strike+1"],"relics":["Burning Blood","Mango","Dodecahedron","Letter Opener","Regal Pillow","White Beast Statue","GremlinMask"],"potions_floor_usage":[7,10,12,20,21,22,25],"damage_taken":[{"damage":6,"enemies":"Cultist","floor":1,"turns":4},{"damage":12,"enemies":"Jaw Worm","floor":2,"turns":4},{"damage":7,"enemies":"Small Slimes","floor":3,"turns":3},{"damage":8,"enemies":"2 Fungi Beasts","floor":4,"turns":3},{"damage":5,"enemies":"3 Louse","floor":7,"turns":3},{"damage":50,"enemies":"Lagavulin","floor":8,"turns":6},{"damage":1,"enemies":"Blue Slaver","floor":10,"turns":3},{"damage":0,"enemies":"Exordium Thugs","floor":12,"turns":4},{"damage":0,"enemies":"Slime Boss","floor":16,"turns":5},{"damage":50,"enemies":"Shell Parasite","floor":18,"turns":9},{"damage":5,"enemies":"2 Thieves","floor":20,"turns":3},{"damage":12,"enemies":"3 Cultists","floor":21,"turns":4},{"damage":35,"enemies":"Centurion and Healer","floor":22,"turns":6},{"damage":42,"enemies":"Snake Plant","floor":24,"turns":6},{"damage":25,"enemies":"Book of Stabbing","floor":25,"turns":4}],"seed_played":"-5285160292599991290","potions_obtained":[{"floor":4,"key":"Block Potion"},{"floor":7,"key":"LiquidBronze"},{"floor":8,"key":"Weak Potion"},{"floor":18,"key":"Block Potion"},{"floor":20,"key":"Energy Potion"},{"floor":21,"key":"Strength Potion"},{"floor":22,"key":"SteroidPotion"},{"floor":24,"key":"GamblersBrew"}],"is_trial":false,"path_per_floor":["M","M","M","M","?","R","M","E","T","M","?","M","R","$","R","B",null,"M","?","M","M","M","R","M"],"character_chosen":"IRONCLAD","items_purchased":["Regal Pillow"],"campfire_rested":4,"item_purchase_floors":[14],"current_hp_per_floor":[54,48,47,45,45,73,74,30,30,35,35,41,69,69,94,94,94,50,50,51,45,16,59,23,0],"gold":192,"neow_bonus":"ONE_RARE_RELIC","is_prod":false,"is_daily":false,"chose_seed":false,"campfire_upgraded":0,"win_rate":0,"timestamp":1533440777,"path_taken":["M","M","?","M","?","R","M","E","T","M","?","?","R","$","R","BOSS","M","?","M","?","M","R","M","E"],"build_version":"2018-08-02","purchased_purges":0,"victory":false,"max_hp_per_floor":[94,94,94,94,94,94,94,94,94,94,94,94,94,94,94,94,94,94,94,94,94,94,94,94,94],"card_choices":[{"not_picked":["Flex","Second Wind"],"picked":"Headbutt","floor":1},{"not_picked":["Armaments","Twin Strike"],"picked":"Thunderclap","floor":2},{"not_picked":["Sword Boomerang","Havoc"],"picked":"Combust","floor":3},{"not_picked":["Inflame","Sword Boomerang"],"picked":"Immolate","floor":4},{"not_picked":["Wild Strike","True Grit"],"picked":"Shrug It Off","floor":7},{"not_picked":["Shrug It Off","Flex"],"picked":"Cleave","floor":8},{"not_picked":["Clash","Thunderclap","Heavy Blade"],"picked":"SKIP","floor":10},{"not_picked":["Iron Wave","Flame Barrier"],"picked":"Impervious","floor":12},{"not_picked":["Anger","Sword Boomerang","Flex"],"picked":"SKIP","floor":18},{"not_picked":["Warcry","True Grit","Sword Boomerang"],"picked":"SKIP","floor":20},{"not_picked":["Power Through","Body Slam"],"picked":"Shrug It Off","floor":21},{"not_picked":["Heavy Blade","Anger"],"picked":"Pommel Strike","floor":22},{"not_picked":["True Grit+1","Perfected Strike+1"],"picked":"Twin Strike+1","floor":24}],"player_experience":187414,"relics_obtained":[{"floor":8,"key":"Dodecahedron"},{"floor":9,"key":"Letter Opener"}],"event_choices":[{"event_name":"The Cleric","player_choice":"Card Removal","floor":5,"damage_taken":0},{"event_name":"World of Goop","player_choice":"Left","floor":11,"damage_taken":0},{"event_name":"FaceTrader","player_choice":"Trade","floor":19,"damage_taken":0}],"is_beta":false,"boss_relics":[{"not_picked":["Orrery","Runic Dome"],"picked":"White Beast Statue"}],"items_purged_floors":[],"is_endless":false,"potions_floor_spawned":[4,7,8,18,20,21,22,24],"killed_by":"Book of Stabbing","ascension_level":1}