{"gold_per_floor":[119,131,45,10,10,41,41,73,73,73,15,34,60,75,75,154,154,167,167,178,197,214,214,246,246,246,258,258,269,296,25,25,96,96,115,135,135,162,182,182,209,209,209,209,209,209,209,52,52,52,52,52,52,52,84,84],"floor_reached":56,"playtime":3344,"items_purged":[],"score":1922,"play_id":"fb953a96-5b81-4083-b37c-c05c4e6850da","local_time":"20190619230512","is_ascension_mode":true,"campfire_choices":[{"data":"Zap","floor":7,"key":"SMITH"},{"floor":10,"key":"REST"},{"data":"Electrodynamics","floor":15,"key":"SMITH"},{"floor":23,"key":"REST"},{"data":"Defragment","floor":25,"key":"SMITH"},{"data":"Static Discharge","floor":28,"key":"SMITH"},{"data":"Biased Cognition","floor":32,"key":"SMITH"},{"data":"Buffer","floor":40,"key":"SMITH"},{"floor":44,"key":"RECALL"},{"data":"Capacitor","floor":47,"key":"SMITH"},{"data":"Force Field","floor":49,"key":"SMITH"},{"data":"Glacier","floor":53,"key":"SMITH"}],"neow_cost":"TEN_PERCENT_HP_LOSS","seed_source_timestamp":37563777210300,"circlet_count":0,"master_deck":["AscendersBane","Strike_B","Strike_B","Strike_B","Strike_B","Defend_B","Defend_B","Defend_B","Defend_B","Zap+1","Dualcast","Leap","Compile Driver","Hyperbeam+1","Static Discharge+1","Cold Snap+1","Undo","Electrodynamics+1","Go for the Eyes+1","Biased Cognition+1","Defragment+1","Glacier+1","Force Field+1","Core Surge+1","Buffer+1","Self Repair","Capacitor+1","Hologram","Thunder Strike+1","Defragment+1"],"relics":["Cracked Core","StoneCalendar","Lantern","Vajra","Molten Egg 2","Meat on the Bone","Snecko Eye","CultistMask","Potion Belt","Kunai","Question Card","Bottled Flame","Coffee Dripper","Blue Candle","Prayer Wheel","Nunchaku","Orichalcum"],"potions_floor_usage":[10,24,30,33,46,56,56,56,56,56,56,56],"damage_taken":[{"damage":0,"enemies":"2 Louse","floor":1,"turns":4},{"damage":7,"enemies":"Jaw Worm","floor":2,"turns":3},{"damage":10,"enemies":"3 Sentries","floor":6,"turns":2},{"damage":36,"enemies":"Gremlin Nob","floor":8,"turns":4},{"damage":0,"enemies":"Cultist","floor":12,"turns":3},{"damage":6,"enemies":"3 Sentries","floor":13,"turns":4},{"damage":5,"enemies":"Large Slime","floor":14,"turns":6},{"damage":16,"enemies":"Slime Boss","floor":16,"turns":7},{"damage":4,"enemies":"2 Thieves","floor":18,"turns":2},{"damage":11,"enemies":"Shell Parasite","floor":20,"turns":4},{"damage":16,"enemies":"Snake Plant","floor":21,"turns":4},{"damage":30,"enemies":"Shelled Parasite and Fungi","floor":22,"turns":4},{"damage":11,"enemies":"Gremlin Leader","floor":24,"turns":6},{"damage":6,"enemies":"Sentry and Sphere","floor":27,"turns":5},{"damage":1,"enemies":"Centurion and Healer","floor":29,"turns":3},{"damage":11,"enemies":"Book of Stabbing","floor":30,"turns":5},{"damage":31,"enemies":"Automaton","floor":33,"turns":11},{"damage":0,"enemies":"3 Shapes","floor":35,"turns":1},{"damage":0,"enemies":"3 Darklings","floor":36,"turns":2},{"damage":0,"enemies":"Sphere and 2 Shapes","floor":39,"turns":6},{"damage":0,"enemies":"Reptomancer","floor":41,"turns":5},{"damage":0,"enemies":"Nemesis","floor":46,"turns":1},{"damage":28,"enemies":"Time Eater","floor":50,"turns":19},{"damage":26,"enemies":"Donu and Deca","floor":51,"turns":16},{"damage":41,"enemies":"Shield and Spear","floor":55,"turns":4},{"damage":38,"enemies":"The Heart","floor":56,"turns":9}],"seed_played":"-1756760443740917061","potions_obtained":[{"floor":2,"key":"LiquidBronze"},{"floor":6,"key":"Fruit Juice"},{"floor":12,"key":"FocusPotion"},{"floor":29,"key":"EssenceOfSteel"},{"floor":30,"key":"SmokeBomb"},{"floor":33,"key":"Dexterity Potion"},{"floor":35,"key":"Strength Potion"},{"floor":36,"key":"Strength Potion"},{"floor":39,"key":"AttackPotion"},{"floor":41,"key":"EntropicBrew"}],"is_trial":false,"path_per_floor":["M","M","$","?","?","E","R","E","T","R","$","M","E","M","R","B",null,"M","?","M","M","M","R","E","R","T","M","R","M","E","$","R","B",null,"M","M","?","T","M","R","E","?","T","R","T","E","R","$","R","B","B",null,"R","$","E","B"],"character_chosen":"DEFECT","items_purchased":["Hyperbeam","Cold Snap+1","Bottled Flame","Thunder Strike+1"],"campfire_rested":2,"item_purchase_floors":[3,11,31,48],"current_hp_per_floor":[64,57,57,64,64,54,54,18,18,43,43,43,37,44,44,40,62,58,58,47,43,25,45,46,46,46,40,40,39,40,40,40,21,57,57,57,57,57,64,64,69,69,69,69,69,69,69,69,69,48,41,62,62,62,33,0],"gold":84,"neow_bonus":"ONE_RARE_RELIC","is_prod":false,"is_daily":false,"chose_seed":false,"campfire_upgraded":9,"win_rate":0,"timestamp":1560978312,"path_taken":["M","M","$","?","?","E","R","E","T","R","?","M","E","M","R","BOSS","M","?","M","?","M","R","E","R","T","M","R","M","E","$","R","BOSS","M","M","?","?","M","R","E","?","T","R","?","E","R","$","R","BOSS","BOSS","R","$","E","BOSS"],"build_version":"2019-01-23","purchased_purges":0,"victory":false,"max_hp_per_floor":[64,64,64,64,64,64,64,64,64,69,69,69,69,69,69,69,69,69,69,69,69,69,69,69,69,69,69,69,69,69,69,69,69,69,69,69,69,69,69,69,69,69,69,69,69,69,69,69,69,69,69,69,69,69,69,69],"card_choices":[{"not_picked":["Barrage","Hologram"],"picked":"Leap","floor":1},{"not_picked":["Redo","White Noise"],"picked":"Compile Driver","floor":2},{"not_picked":["Stack","Conserve Battery","Leap"],"picked":"SKIP","floor":6},{"not_picked":["Rebound","Leap"],"picked":"Static Discharge","floor":8},{"not_picked":["Steam","Conserve Battery"],"picked":"Undo","floor":12},{"not_picked":["White Noise","Gash+1"],"picked":"Electrodynamics","floor":13},{"not_picked":["Sweeping Beam+1","Streamline+1"],"picked":"Go for the Eyes+1","floor":14},{"not_picked":["Buffer","Amplify"],"picked":"Biased Cognition","floor":16},{"not_picked":["Sweeping Beam+1","Steam","Stack"],"picked":"SKIP","floor":18},{"not_picked":["Capacitor","Consume"],"picked":"Defragment","floor":20},{"not_picked":["Sweeping Beam+1","Beam Cell+1","Leap"],"picked":"SKIP","floor":21},{"not_picked":["Sweeping Beam+1","Melter+1"],"picked":"Glacier","floor":22},{"not_picked":["Hello World","Turbo","FTL+1"],"picked":"SKIP","floor":24},{"not_picked":["Streamline+1","Rebound+1","Steam"],"picked":"SKIP","floor":27},{"not_picked":["Compile Driver+1","Stack"],"picked":"Force Field","floor":29},{"not_picked":["Loop","Heatsinks+1"],"picked":"Core Surge+1","floor":30},{"not_picked":["Multi-Cast","Hyperbeam+1","Reboot"],"picked":"Buffer","floor":33},{"not_picked":["Static Discharge","Hello World+1","Aggregate"],"picked":"Self Repair","floor":35},{"not_picked":["Cold Snap+1","Turbo+1","Stack"],"picked":"Capacitor","floor":36},{"not_picked":["Aggregate","Compile Driver+1","Steam"],"picked":"Hologram","floor":39},{"not_picked":["Genetic Algorithm","Rip and Tear+1","Beam Cell+1","Double Energy"],"picked":"SKIP","floor":41},{"not_picked":["Machine Learning","Leap+1","Melter+1"],"picked":"Defragment+1","floor":55}],"player_experience":1411900,"relics_obtained":[{"floor":6,"key":"Lantern"},{"floor":8,"key":"Vajra"},{"floor":9,"key":"Molten Egg 2"},{"floor":13,"key":"Meat on the Bone"},{"floor":24,"key":"Potion Belt"},{"floor":26,"key":"Kunai"},{"floor":30,"key":"Question Card"},{"floor":41,"key":"Blue Candle"},{"floor":43,"key":"Prayer Wheel"},{"floor":45,"key":"Nunchaku"},{"floor":55,"key":"Orichalcum"}],"event_choices":[{"damage_healed":16,"gold_gain":0,"player_choice":"Healed","damage_taken":0,"max_hp_gain":0,"max_hp_loss":0,"event_name":"The Cleric","floor":4,"gold_loss":35},{"damage_healed":0,"gold_gain":0,"player_choice":"Grow","damage_taken":0,"max_hp_gain":0,"max_hp_loss":0,"event_name":"Living Wall","floor":5,"gold_loss":0,"cards_upgraded":["Hyperbeam"]},{"damage_healed":0,"gold_gain":0,"player_choice":"Trade","damage_taken":0,"relics_obtained":["CultistMask"],"max_hp_gain":0,"max_hp_loss":0,"event_name":"FaceTrader","floor":19,"gold_loss":0},{"damage_healed":0,"gold_gain":0,"player_choice":"Ignored","damage_taken":0,"max_hp_gain":0,"max_hp_loss":0,"event_name":"Tomb of Lord Red Mask","floor":37,"gold_loss":0},{"damage_healed":0,"gold_gain":0,"player_choice":"Ignored","damage_taken":0,"max_hp_gain":0,"max_hp_loss":0,"event_name":"Mysterious Sphere","floor":42,"gold_loss":0}],"is_beta":false,"boss_relics":[{"not_picked":["Nuclear Battery","Runic Dome"],"picked":"Snecko Eye"},{"not_picked":["Philosopher\u0027s Stone","Eternal Feather"],"picked":"Coffee Dripper"}],"items_purged_floors":[],"is_endless":false,"potions_floor_spawned":[2,6,12,18,29,30,33,35,36,39,41],"killed_by":"The Heart","ascension_level":20}