{"gold_per_floor":[118,35,35,51,68,68,81,81,127,53,68,68],"floor_reached":12,"playtime":1508,"items_purged":[],"score":95,"play_id":"228edcee-ffde-4b85-904b-12c518653127","local_time":"20181107154923","is_ascension_mode":true,"campfire_choices":[{"data":"Zap","floor":6,"key":"SMITH"},{"data":"Flash of Steel","floor":8,"key":"SMITH"}],"neow_cost":"NONE","seed_source_timestamp":116770008246304,"circlet_count":0,"master_deck":["Strike_B","Strike_B","Defend_B","Defend_B","Defend_B","Defend_B","Zap+1","Dualcast","Sweeping Beam","Flash of Steel+1","Beam Cell","Conserve Battery","BootSequence","Gash"],"relics":["Cracked Core","Omamori"],"potions_floor_usage":[],"damage_taken":[{"damage":0,"enemies":"Cultist","floor":1,"turns":3},{"damage":3,"enemies":"Small Slimes","floor":4,"turns":3},{"damage":7,"enemies":"Jaw Worm","floor":5,"turns":2},{"damage":5,"enemies":"Lots of Slimes","floor":7,"turns":2},{"damage":1,"enemies":"Looter","floor":11,"turns":3},{"damage":18,"enemies":"3 Sentries","floor":12,"turns":7}],"seed_played":"-764313183188906517","potions_obtained":[{"floor":4,"key":"FearPotion"},{"floor":5,"key":"LiquidBronze"}],"is_trial":false,"path_per_floor":["M","$","?","M","M","R","M","R","T","$","M","E"],"character_chosen":"DEFECT","items_purchased":["Flash of Steel","BootSequence"],"campfire_rested":0,"item_purchase_floors":[2,10],"current_hp_per_floor":[68,68,68,65,58,58,53,53,53,53,52,34],"gold":68,"neow_bonus":"REMOVE_CARD","is_prod":false,"is_daily":false,"chose_seed":false,"campfire_upgraded":2,"win_rate":0,"timestamp":1541627363,"path_taken":["M","$","?","M","?","R","M","R","T","$","M","E"],"build_version":"2018-11-01","purchased_purges":0,"victory":false,"max_hp_per_floor":[75,75,75,75,75,75,75,75,75,75,75,75],"card_choices":[{"not_picked":["Leap","Redo"],"picked":"Sweeping Beam","floor":1},{"not_picked":["Capacitor","Scrape"],"picked":"Beam Cell","floor":4},{"not_picked":["Tempest","Capacitor","Static Discharge"],"picked":"SKIP","floor":5},{"not_picked":["Turbo","Redo"],"picked":"Conserve Battery","floor":7},{"not_picked":["Chaos","Lockon"],"picked":"Gash","floor":11}],"player_experience":955765,"relics_obtained":[{"floor":9,"key":"Omamori"}],"event_choices":[{"cards_removed":["Strike_B"],"damage_healed":0,"gold_gain":0,"player_choice":"Offered Basic","damage_taken":0,"max_hp_gain":0,"max_hp_loss":0,"event_name":"Bonfire Elementals","floor":3,"gold_loss":0}],"is_beta":false,"boss_relics":[],"items_purged_floors":[],"is_endless":false,"potions_floor_spawned":[4,5],"killed_by":"3 Sentries","ascension_level":7}