{"gold_per_floor":[119,69,69,84,96,126,145,164,164,164,180,255,273,273,273,376,376,395,320,334,68,87,115,115,215,240,252,282,294,306,328,340,457,519,541,302,402,417,342,368,368,380,448,448,19,19,32,43,43,43],"floor_reached":51,"playtime":3395,"items_purged":["Strike_B"],"score":799,"play_id":"41c1da14-96cd-44ba-a9b3-6d059c938d46","local_time":"20181120151021","is_ascension_mode":false,"campfire_choices":[{"data":"Streamline","floor":10.0,"key":"SMITH"},{"floor":15.0,"key":"REST"},{"floor":24.0,"key":"REST"},{"floor":27.0,"key":"REST"},{"data":"Rainbow","floor":30.0,"key":"SMITH"},{"floor":32.0,"key":"REST"},{"floor":41.0,"key":"REST"},{"floor":49.0,"key":"REST"}],"neow_cost":"NONE","seed_source_timestamp":0,"circlet_count":0,"master_deck":["Defend_B","Defend_B","Defend_B","Zap+1","Dualcast","Lockon","Doom and Gloom+1","Streamline+1","Conserve Battery","Ball Lightning","Ball Lightning","Chill","Ball Lightning","Seek","Redo","Ball Lightning","Conserve Battery","Consume+1","Sweeping Beam","Auto Shields+1","Tempest","Rainbow+1","Go for the Eyes+1","Thunder Strike","Redo+1","Conserve Battery+1","Capacitor","Go for the Eyes+1","Auto Shields+1","Double Energy+1","Steam","Redo+1","Parasite","Stack+1"],"special_seed":0,"relics":["Cracked Core","Emotion Chip","Question Card","Empty Cage","DataDisk","Cables","Ginger","Mummified Hand","MawBank","Tiny House","Mercury Hourglass","Nunchaku","Happy Flower","The Courier","Letter Opener","Meat on the Bone"],"potions_floor_usage":[50,50,50],"damage_taken":[{"damage":1.0,"enemies":"Small Slimes","floor":1.0,"turns":2.0},{"damage":0.0,"enemies":"Cultist","floor":4.0,"turns":3.0},{"damage":7.0,"enemies":"2 Louse","floor":5.0,"turns":2.0},{"damage":21.0,"enemies":"Lagavulin","floor":6.0,"turns":6.0},{"damage":10.0,"enemies":"Looter","floor":7.0,"turns":2.0},{"damage":2.0,"enemies":"3 Louse","floor":8.0,"turns":2.0},{"damage":0.0,"enemies":"Exordium Wildlife","floor":11.0,"turns":2.0},{"damage":0.0,"enemies":"2 Fungi Beasts","floor":13.0,"turns":2.0},{"damage":0.0,"enemies":"Slime Boss","floor":16.0,"turns":5.0},{"damage":3.0,"enemies":"Chosen","floor":18.0,"turns":3.0},{"damage":18.0,"enemies":"3 Byrds","floor":20.0,"turns":3.0},{"damage":4.0,"enemies":"Sentry and Sphere","floor":22.0,"turns":4.0},{"damage":22.0,"enemies":"Book of Stabbing","floor":23.0,"turns":4.0},{"damage":2.0,"enemies":"Colosseum Slavers","floor":25.0,"turns":4.0},{"damage":36.0,"enemies":"Colosseum Nobs","floor":25.0,"turns":4.0},{"damage":15.0,"enemies":"Snake Plant","floor":28.0,"turns":2.0},{"damage":10.0,"enemies":"Centurion and Healer","floor":31.0,"turns":6.0},{"damage":61.0,"enemies":"Automaton","floor":33.0,"turns":9.0},{"damage":12.0,"enemies":"3 Shapes","floor":35.0,"turns":5.0},{"damage":0.0,"enemies":"Mind Bloom Boss Battle","floor":37.0,"turns":4.0},{"damage":33.0,"enemies":"3 Darklings","floor":38.0,"turns":3.0},{"damage":3.0,"enemies":"Nemesis","floor":40.0,"turns":5.0},{"damage":12.0,"enemies":"Maw","floor":42.0,"turns":6.0},{"damage":11.0,"enemies":"4 Shapes","floor":47.0,"turns":3.0},{"damage":17.0,"enemies":"Writhing Mass","floor":48.0,"turns":5.0},{"damage":53,"enemies":"Awakened One","floor":50,"turns":12}],"seed_played":"-6379827471207200380","potions_obtained":[{"floor":5.0,"key":"LiquidBronze"},{"floor":7.0,"key":"Weak Potion"},{"floor":11.0,"key":"SpeedPotion"},{"floor":16.0,"key":"Fruit Juice"},{"floor":22.0,"key":"Block Potion"},{"floor":25.0,"key":"AttackPotion"},{"floor":28.0,"key":"SkillPotion"},{"floor":34.0,"key":"Strength Potion"},{"floor":37.0,"key":"Dexterity Potion"},{"floor":40.0,"key":"Block Potion"},{"floor":47.0,"key":"Dexterity Potion"},{"floor":48.0,"key":"GamblersBrew"}],"is_trial":false,"path_per_floor":["M","?","?","M","M","E","M","M","T","R","M","?","M","?","R","B",null,"M","?","M","$","M","E","R","?","T","R","M","?","R","M","R","B",null,"M","$","?","M","$","E","R","M","T","?","$","?","M","M","R","B",null],"character_chosen":"DEFECT","items_purchased":["DataDisk","Conserve Battery","Consume","Mercury Hourglass","Steam","Letter Opener","Meat on the Bone"],"campfire_rested":6,"item_purchase_floors":[21,21,21,36,45,45,45],"current_hp_per_floor":[74,74,74,74,67,46,36,34,34,34,34,23,23,23,45,45,75,72,72,59,59,55,33,57,19,19,43,28,54,54,44,68,7,85,73,73,73,40,40,37,62,50,50,50,50,50,51,46,71,30],"gold":43,"neow_bonus":"UPGRADE_CARD","is_prod":false,"is_daily":false,"chose_seed":false,"campfire_upgraded":2,"win_rate":0,"timestamp":1542748221,"path_taken":["M","?","?","?","M","E","M","M","T","R","M","?","M","?","R","BOSS","M","?","M","$","M","E","R","?","T","R","M","?","R","M","R","BOSS","M","$","?","M","$","E","R","M","T","?","$","?","?","M","R","BOSS"],"build_version":"2018-11-15","purchased_purges":1,"victory":true,"max_hp_per_floor":[75,75,75,75,75,75,75,75,75,75,75,75,75,75,75,75,75,75,75,80,80,80,80,80,80,80,80,80,80,80,80,80,80,85,85,85,85,85,85,85,85,85,85,85,85,85,85,85,85,85],"card_choices":[{"not_picked":["Rebound","Scrape"],"picked":"Lockon","floor":1.0},{"not_picked":["Rebound","Stack"],"picked":"Doom and Gloom","floor":4.0},{"not_picked":["Coolheaded","Hologram"],"picked":"Streamline","floor":5.0},{"not_picked":["Buffer","Rebound"],"picked":"Conserve Battery","floor":6.0},{"not_picked":["Barrage","Compile Driver"],"picked":"Ball Lightning","floor":7.0},{"not_picked":["Beam Cell","Conserve Battery"],"picked":"Ball Lightning","floor":8.0},{"not_picked":["Compile Driver","Scrape","Rebound"],"picked":"Chill","floor":11.0},{"not_picked":["Undo","Fusion","Beam Cell"],"picked":"Ball Lightning","floor":13.0},{"not_picked":["Echo Form","Hyperbeam","Meteor Strike"],"picked":"Seek","floor":16.0},{"not_picked":["Self Repair","Blizzard","Compile Driver+1"],"picked":"Redo","floor":18.0},{"not_picked":["Compile Driver","Genetic Algorithm+1","Stack+1"],"picked":"Ball Lightning","floor":20.0},{"not_picked":["Recycle+1","Conserve Battery","Barrage"],"picked":"Sweeping Beam","floor":22.0},{"not_picked":["Genetic Algorithm","FTL+1","Conserve Battery+1"],"picked":"Auto Shields+1","floor":23.0},{"not_picked":["Coolheaded","Genetic Algorithm+1","Go for the Eyes"],"picked":"Tempest","floor":25.0},{"not_picked":["Ball Lightning","Sunder","Leap+1"],"picked":"Rainbow","floor":28.0},{"not_picked":["Steam+1","Chill","Core Surge"],"picked":"Go for the Eyes+1","floor":31.0},{"not_picked":["Seek","Creative AI","Fission"],"picked":"Thunder Strike","floor":33.0},{"not_picked":["Coolheaded","Streamline","Auto Shields"],"picked":"Redo+1","floor":34.0},{"not_picked":["Streamline+1","Gash+1","Sweeping Beam"],"picked":"Conserve Battery+1","floor":35.0},{"not_picked":["Coolheaded","Ball Lightning","Creative AI"],"picked":"Capacitor","floor":37.0},{"not_picked":["Hello World+1","Reprogram","Compile Driver+1"],"picked":"Go for the Eyes+1","floor":38.0},{"not_picked":["Streamline","Compile Driver","Steam Power"],"picked":"Auto Shields+1","floor":40.0},{"not_picked":["Coolheaded","Rebound+1","Redo"],"picked":"Double Energy+1","floor":42.0},{"not_picked":["Doom and Gloom","FTL","Conserve Battery+1"],"picked":"Redo+1","floor":47.0},{"not_picked":["Rebound","Rip and Tear","Gash"],"picked":"Stack+1","floor":48.0}],"player_experience":1037089,"relics_obtained":[{"floor":6.0,"key":"Emotion Chip"},{"floor":9.0,"key":"Question Card"},{"floor":23.0,"key":"Cables"},{"floor":25.0,"key":"Ginger"},{"floor":25.0,"key":"Mummified Hand"},{"floor":26.0,"key":"MawBank"},{"floor":37.0,"key":"Nunchaku"},{"floor":40.0,"key":"Happy Flower"},{"floor":43.0,"key":"The Courier"}],"event_choices":[{"cards_removed":["Strike_B"],"damage_healed":0.0,"max_hp_gain":0.0,"max_hp_loss":0.0,"gold_gain":0.0,"event_name":"The Cleric","player_choice":"Card Removal","floor":2.0,"gold_loss":50.0,"damage_taken":0.0},{"damage_healed":0.0,"max_hp_gain":0.0,"max_hp_loss":0.0,"gold_gain":0.0,"event_name":"NoteForYourself","player_choice":"Ignored","floor":3.0,"gold_loss":0.0,"damage_taken":0.0},{"damage_healed":0.0,"max_hp_gain":0.0,"max_hp_loss":0.0,"gold_gain":75.0,"event_name":"World of Goop","player_choice":"Gather Gold","floor":12.0,"gold_loss":0.0,"damage_taken":11.0},{"damage_healed":0.0,"max_hp_gain":0.0,"max_hp_loss":0.0,"gold_gain":0.0,"event_name":"Living Wall","player_choice":"Grow","floor":14.0,"gold_loss":0.0,"damage_taken":0.0,"cards_upgraded":["Doom and Gloom"]},{"cards_removed":["Strike_B"],"damage_healed":0.0,"max_hp_gain":0.0,"max_hp_loss":0.0,"gold_gain":0.0,"event_name":"Beggar","player_choice":"Gave Gold","floor":19.0,"gold_loss":75.0,"damage_taken":0.0},{"damage_healed":0.0,"max_hp_gain":0.0,"max_hp_loss":0.0,"gold_gain":0.0,"event_name":"Colosseum","player_choice":"Fight","floor":25.0,"gold_loss":0.0,"damage_taken":0.0},{"damage_healed":0.0,"max_hp_gain":0.0,"max_hp_loss":0.0,"gold_gain":0.0,"event_name":"Colosseum","player_choice":"Fought Nobs","floor":25.0,"gold_loss":0.0,"damage_taken":0.0},{"damage_healed":26.0,"max_hp_gain":0.0,"max_hp_loss":0.0,"gold_gain":0.0,"event_name":"The Library","player_choice":"Heal","floor":29.0,"gold_loss":0.0,"damage_taken":0.0},{"damage_healed":0.0,"max_hp_gain":0.0,"max_hp_loss":0.0,"gold_gain":0.0,"event_name":"MindBloom","player_choice":"Fight","floor":37.0,"gold_loss":0.0,"damage_taken":0.0},{"damage_healed":0.0,"max_hp_gain":0.0,"max_hp_loss":0.0,"gold_gain":0.0,"event_name":"Tomb of Lord Red Mask","player_choice":"Ignored","floor":44.0,"gold_loss":0.0,"damage_taken":0.0},{"damage_healed":0.0,"max_hp_gain":0.0,"max_hp_loss":0.0,"gold_gain":0.0,"event_name":"SecretPortal","player_choice":"Ignored","floor":46.0,"gold_loss":0.0,"damage_taken":0.0}],"is_beta":false,"boss_relics":[{"not_picked":["Snecko Eye","Cursed Key"],"picked":"Empty Cage"},{"not_picked":["Orrery","Lizard Tail"],"picked":"Tiny House"}],"items_purged_floors":[39],"is_endless":false,"potions_floor_spawned":[5,7,11,16,22,25,28,37,40,47,48],"ascension_level":0}