{"gold_per_floor":[113,125,125,135,135,160,176,176,221,252,252],"floor_reached":11,"playtime":1075,"items_purged":[],"score":145,"play_id":"499c760f-ffb5-407c-9f32-9c35a5a71c98","local_time":"20190626113822","is_ascension_mode":true,"campfire_choices":[{"data":"Envenom","floor":8,"key":"SMITH"}],"neow_cost":"NONE","seed_source_timestamp":790080569195751,"circlet_count":0,"master_deck":["AscendersBane","Defend_G","Defend_G","Defend_G","Defend_G","Defend_G","Strike_G","Strike_G","Strike_G","Strike_G","Strike_G","Survivor","Neutralize","Poisoned Stab","Noxious Fumes","Backstab","Quick Slash","Envenom+1","Escape Plan"],"relics":["Ring of the Snake","Meat on the Bone","Dream Catcher","Art of War","Happy Flower"],"potions_floor_usage":[],"damage_taken":[{"damage":3,"enemies":"Small Slimes","floor":1,"turns":5},{"damage":4,"enemies":"Cultist","floor":2,"turns":3},{"damage":0,"enemies":"2 Louse","floor":4,"turns":2},{"damage":17,"enemies":"Gremlin Nob","floor":6,"turns":4},{"damage":1,"enemies":"Exordium Wildlife","floor":7,"turns":3},{"damage":25,"enemies":"3 Sentries","floor":10,"turns":8}],"seed_played":"1047022820676577970","potions_obtained":[{"floor":2,"key":"Ancient Potion"},{"floor":3,"key":"EntropicBrew"}],"is_trial":false,"path_per_floor":["M","M","?","M","$","E","M","R","T","E","?"],"character_chosen":"THE_SILENT","items_purchased":[],"campfire_rested":0,"item_purchase_floors":[],"current_hp_per_floor":[62,58,58,58,58,41,40,40,40,27,1],"gold":252,"neow_bonus":"TEN_PERCENT_HP_BONUS","is_prod":false,"is_daily":false,"chose_seed":false,"campfire_upgraded":1,"win_rate":0,"timestamp":1561567102,"path_taken":["M","M","?","?","?","E","M","R","T","E","?"],"build_version":"2019-01-23","purchased_purges":0,"victory":false,"max_hp_per_floor":[72,72,72,72,72,72,72,72,72,72,72],"card_choices":[{"not_picked":["Deadly Poison","Quick Slash"],"picked":"Poisoned Stab","floor":1},{"not_picked":["Masterful Stab","Sucker Punch"],"picked":"Noxious Fumes","floor":2},{"not_picked":["Underhanded Strike","Flechettes"],"picked":"Backstab","floor":4},{"not_picked":["Acrobatics","Deflect"],"picked":"Quick Slash","floor":6},{"not_picked":["PiercingWail","Quick Slash"],"picked":"Envenom","floor":7},{"not_picked":["Backflip","Blade Dance"],"picked":"Escape Plan","floor":10}],"player_experience":1490895,"relics_obtained":[{"floor":6,"key":"Meat on the Bone"},{"floor":9,"key":"Dream Catcher"},{"floor":10,"key":"Art of War"}],"event_choices":[{"damage_healed":0,"gold_gain":0,"player_choice":"Got Potions","damage_taken":0,"max_hp_gain":0,"max_hp_loss":0,"event_name":"Lab","floor":3,"gold_loss":0},{"damage_healed":0,"gold_gain":0,"player_choice":"Success","damage_taken":26,"relics_obtained":["Happy Flower"],"max_hp_gain":0,"max_hp_loss":0,"event_name":"Scrap Ooze","floor":11,"gold_loss":0}],"is_beta":false,"boss_relics":[],"items_purged_floors":[],"is_endless":false,"potions_floor_spawned":[2,6],"ascension_level":15}