{"gold_per_floor":[111,111,111,126,151,165,90,40,40,40,58,58,133,154,154,277,277,302,302,302,312,15,35,35],"floor_reached":24,"playtime":1194,"items_purged":["Strike_R","Defend_R"],"score":188,"play_id":"7b5fea12-9c5e-494e-be62-aad4d50914b8","local_time":"20180715235159","is_ascension_mode":false,"campfire_choices":[{"data":"Rampage","floor":10,"key":"SMITH"},{"data":"Heavy Blade","floor":12,"key":"SMITH"},{"floor":15,"key":"REST"}],"neow_cost":"NONE","seed_source_timestamp":2434550656420867,"circlet_count":0,"master_deck":["Strike_R","Strike_R","Strike_R","Strike_R","Defend_R","Defend_R","Bash","Heavy Blade+1","Rampage+1","Flex+1","Impervious+1","Cleave","Bash","Headbutt","Havoc+1"],"relics":["Burning Blood","Vajra","Bloody Idol","Pear","Toxic Egg 2","Black Star","Medical Kit"],"potions_floor_usage":[16],"damage_taken":[{"damage":5,"enemies":"Small Slimes","floor":1,"turns":3},{"damage":1,"enemies":"Jaw Worm","floor":4,"turns":4},{"damage":0,"enemies":"2 Louse","floor":5,"turns":2},{"damage":11,"enemies":"Exordium Wildlife","floor":6,"turns":4},{"damage":19,"enemies":"Large Slime","floor":11,"turns":5},{"damage":6,"enemies":"Exordium Thugs","floor":14,"turns":3},{"damage":27,"enemies":"Slime Boss","floor":16,"turns":9},{"damage":37,"enemies":"Shell Parasite","floor":18,"turns":6},{"damage":6,"enemies":"Chosen","floor":21,"turns":6},{"damage":60,"enemies":"Snecko","floor":23,"turns":6},{"damage":0,"enemies":"3 Cultists","floor":24,"turns":1}],"seed_played":"-8646098791169888591","potions_obtained":[{"floor":6,"key":"Ancient Potion"},{"floor":14,"key":"SteroidPotion"},{"floor":16,"key":"SpeedPotion"},{"floor":23,"key":"SpeedPotion"}],"is_trial":false,"path_per_floor":["M","?","?","M","M","M","$","?","T","R","M","R","?","M","R","B",null,"M","?","?","M","$","M"],"character_chosen":"IRONCLAD","items_purchased":["Medical Kit"],"campfire_rested":1,"item_purchase_floors":[22],"current_hp_per_floor":[80,60,58,63,69,64,64,64,64,64,51,51,40,40,67,46,90,59,59,59,64,64,15,15],"gold":35,"neow_bonus":"RANDOM_COMMON_RELIC","is_prod":false,"is_daily":false,"chose_seed":false,"campfire_upgraded":2,"win_rate":0,"timestamp":1531716719,"path_taken":["M","?","?","M","?","M","?","?","T","R","M","R","?","M","R","BOSS","M","?","?","M","$","M","M"],"build_version":"2018-07-12","purchased_purges":2,"victory":false,"max_hp_per_floor":[80,80,90,90,90,90,90,90,90,90,90,90,90,90,90,90,90,90,90,90,90,90,90,90],"card_choices":[{"not_picked":["Cleave","Havoc"],"picked":"Heavy Blade","floor":1},{"not_picked":["Sword Boomerang","True Grit","Body Slam"],"picked":"SKIP","floor":4},{"not_picked":["Flex","Disarm"],"picked":"Rampage","floor":5},{"not_picked":["Twin Strike","Combust","Searing Blow"],"picked":"SKIP","floor":6},{"not_picked":["Clothesline","Burning Pact+1","Pommel Strike"],"picked":"SKIP","floor":11},{"not_picked":["Uppercut","Metallicize"],"picked":"Flex+1","floor":14},{"not_picked":["Exhume+1","Juggernaut"],"picked":"Impervious+1","floor":16},{"not_picked":["Clothesline","Wild Strike"],"picked":"Cleave","floor":18},{"not_picked":["Power Through+1","True Grit+1"],"picked":"Havoc+1","floor":21},{"not_picked":["Clothesline+1","Perfected Strike+1","Bloodletting+1"],"picked":"SKIP","floor":23}],"player_experience":178696,"relics_obtained":[{"floor":9,"key":"Toxic Egg 2"}],"event_choices":[{"event_name":"Golden Idol","player_choice":"Take Damage","floor":2,"damage_taken":0},{"event_name":"Scrap Ooze","player_choice":"success","floor":3,"damage_taken":12},{"event_name":"The Cleric","player_choice":"Card Removal","floor":8,"damage_taken":0},{"event_name":"World of Goop","player_choice":"Gather Gold","floor":13,"damage_taken":0},{"event_name":"Forgotten Altar","player_choice":"Gave Idol","floor":19,"damage_taken":0},{"event_name":"Match and Keep!","player_choice":"2 cards matched","floor":20,"damage_taken":0}],"boss_relics":[{"not_picked":["Snecko Eye","Runic Dome"],"picked":"Black Star"}],"items_purged_floors":[7,22],"is_endless":false,"potions_floor_spawned":[6,14,16,23],"killed_by":"3 Cultists","ascension_level":0}