{"gold_per_floor":[111,126,226,253,266,299,299,313,313,329,329,353,363,538,538,612,612,623,181,192,192,226,253,253,281,307,325,336,355,355,388,388,388],"floor_reached":33,"playtime":2387,"items_purged":[],"score":522,"play_id":"c8aa8e7b-bfba-4541-9d4e-627aa883e3ce","local_time":"20181002091944","is_ascension_mode":true,"campfire_choices":[{"data":"Whirlwind","floor":7.0,"key":"SMITH"},{"data":"Thunderclap","floor":11.0,"key":"SMITH"},{"data":"Power Through","floor":15.0,"key":"SMITH"},{"floor":24,"key":"REST"},{"floor":30,"key":"REST"},{"floor":32,"key":"REST"}],"neow_cost":"","seed_source_timestamp":0,"circlet_count":0,"master_deck":["Strike_R","Strike_R","Strike_R","Strike_R","Defend_R","Defend_R","Defend_R","Defend_R","Bash","AscendersBane","Flame Barrier","Whirlwind+1","Shockwave","Thunderclap+1","Battle Trance","Power Through+1","Fiend Fire","Warcry","Immolate","Body Slam","Immolate","Twin Strike+1","Shrug It Off+1","Flame Barrier","Whirlwind","Thunderclap","Iron Wave","Fiend Fire"],"special_seed":0,"relics":["Burning Blood","Red Skull","Lantern","Art of War","Odd Mushroom","Empty Cage","Torii","Red Mask","FossilizedHelix","PreservedInsect","Boot","Blood Vial"],"potions_floor_usage":[28],"damage_taken":[{"damage":0.0,"enemies":"2 Louse","floor":1.0,"turns":3.0},{"damage":6.0,"enemies":"Cultist","floor":2.0,"turns":4.0},{"damage":8.0,"enemies":"Small Slimes","floor":5.0,"turns":3.0},{"damage":30.0,"enemies":"3 Sentries","floor":6.0,"turns":6.0},{"damage":12.0,"enemies":"Exordium Thugs","floor":8.0,"turns":3.0},{"damage":0.0,"enemies":"3 Louse","floor":10.0,"turns":1.0},{"damage":0.0,"enemies":"The Mushroom Lair","floor":12.0,"turns":1.0},{"damage":0.0,"enemies":"Large Slime","floor":13.0,"turns":4.0},{"damage":23.0,"enemies":"Slime Boss","floor":16.0,"turns":8.0},{"damage":19.0,"enemies":"Chosen","floor":18.0,"turns":7.0},{"damage":1.0,"enemies":"3 Byrds","floor":20.0,"turns":4.0},{"damage":25.0,"enemies":"Masked Bandits","floor":22.0,"turns":4.0},{"damage":38,"enemies":"Gremlin Leader","floor":23,"turns":5},{"damage":9,"enemies":"Slavers","floor":25,"turns":3},{"damage":0,"enemies":"3 Cultists","floor":27,"turns":1},{"damage":0,"enemies":"Snake Plant","floor":28,"turns":2},{"damage":0,"enemies":"Snecko","floor":29,"turns":4},{"damage":20,"enemies":"Gremlin Leader","floor":31,"turns":5},{"damage":47,"enemies":"Champ","floor":33,"turns":13}],"seed_played":"9213462042107459742","potions_obtained":[{"floor":1.0,"key":"PowerPotion"},{"floor":5.0,"key":"SmokeBomb"},{"floor":12.0,"key":"Dexterity Potion"},{"floor":13.0,"key":"Dexterity Potion"},{"floor":16.0,"key":"Explosive Potion"},{"floor":20.0,"key":"Poison Potion"},{"floor":25,"key":"Fire Potion"},{"floor":27,"key":"Fire Potion"},{"floor":29,"key":"SteroidPotion"}],"is_trial":false,"path_per_floor":["M","M","?","T","M","E","R","M","T","M","R","?","M","?","R","B",null,"M","$","M","?","?","E","R","E","T","M","M","M","R","E","R"],"character_chosen":"IRONCLAD","items_purchased":["Immolate","Torii"],"campfire_rested":3,"item_purchase_floors":[19,19],"current_hp_per_floor":[74,74,74,74,72,48,48,42,42,48,48,54,60,60,60,43,67,54,54,59,59,40,8,30,27,27,33,39,45,67,53,75,28],"gold":388,"neow_bonus":"","is_prod":false,"is_daily":false,"chose_seed":false,"campfire_upgraded":3,"win_rate":0,"timestamp":1538489984,"path_taken":["M","M","?","?","M","E","R","M","T","M","R","?","?","?","R","BOSS","M","$","M","?","?","E","R","E","T","?","M","M","R","E","R","BOSS"],"build_version":"2018-09-27","purchased_purges":0,"victory":false,"max_hp_per_floor":[75,75,75,75,75,75,75,75,75,75,75,75,75,75,75,75,75,75,75,75,75,75,75,75,75,75,75,75,75,75,75,75,75],"card_choices":[{"not_picked":["Sever Soul","Havoc"],"picked":"Flame Barrier","floor":1.0},{"not_picked":["Flex","Armaments"],"picked":"Whirlwind","floor":2.0},{"not_picked":["Dual Wield","Disarm","Metallicize"],"picked":"SKIP","floor":5.0},{"not_picked":["Armaments","Dark Embrace"],"picked":"Shockwave","floor":6.0},{"not_picked":["Fire Breathing","Anger"],"picked":"Thunderclap","floor":8.0},{"not_picked":["Havoc","Armaments"],"picked":"Battle Trance","floor":10.0},{"not_picked":["Havoc","Perfected Strike"],"picked":"Power Through","floor":12.0},{"not_picked":["Heavy Blade","Sentinel","True Grit"],"picked":"SKIP","floor":13.0},{"not_picked":["Impervious","Exhume"],"picked":"Fiend Fire","floor":16.0},{"not_picked":["Power Through","Perfected Strike"],"picked":"Warcry","floor":18.0},{"not_picked":["Rupture+1","Warcry"],"picked":"Body Slam","floor":20.0},{"not_picked":["Perfected Strike","Limit Break"],"picked":"Twin Strike+1","floor":22.0},{"not_picked":["Clothesline","Corruption"],"picked":"Shrug It Off+1","floor":23},{"not_picked":["Havoc","True Grit"],"picked":"Flame Barrier","floor":25},{"not_picked":["Anger","Thunderclap+1"],"picked":"Whirlwind","floor":27},{"not_picked":["Flex","Wild Strike"],"picked":"Thunderclap","floor":28},{"not_picked":["Armaments+1","Body Slam"],"picked":"Iron Wave","floor":29},{"not_picked":["Clothesline","Rupture"],"picked":"Fiend Fire","floor":31}],"player_experience":681987,"relics_obtained":[{"floor":4.0,"key":"Red Skull"},{"floor":6.0,"key":"Lantern"},{"floor":9.0,"key":"Art of War"},{"floor":12.0,"key":"Odd Mushroom"},{"floor":22.0,"key":"Red Mask"},{"floor":23,"key":"FossilizedHelix"},{"floor":25,"key":"PreservedInsect"},{"floor":26,"key":"Boot"},{"floor":31,"key":"Blood Vial"}],"event_choices":[{"event_name":"Golden Shrine","player_choice":"Pray","floor":3.0,"damage_taken":0.0},{"event_name":"Mushrooms","player_choice":"Fought Mushrooms","floor":12.0,"damage_taken":0.0},{"event_name":"Liars Game","player_choice":"agreed","floor":14.0,"damage_taken":0.0},{"event_name":"The Library","player_choice":"Read","floor":21.0,"damage_taken":0.0},{"event_name":"Masked Bandits","player_choice":"Fought Bandits","floor":22.0,"damage_taken":0.0}],"is_beta":false,"boss_relics":[{"not_picked":["Black Star","White Beast Statue"],"picked":"Empty Cage"}],"items_purged_floors":[],"is_endless":false,"potions_floor_spawned":[1,5,12,13,16,20,25,27,29,31],"killed_by":"Champ","ascension_level":14}