{"gold_per_floor":[115,115,32,48,67,67,78,78,157,138,138,158,158,189,189,286,286,300,300,2,2,2,22,36,36,88,88,102,118,25,74,74,74],"floor_reached":33,"playtime":2874,"items_purged":[],"score":297,"play_id":"1fbc8d1e-2160-417a-a4c9-49913e65aaeb","local_time":"20180625130739","is_ascension_mode":false,"campfire_choices":[{"data":"Anger","floor":6,"key":"SMITH"},{"data":"Flex","floor":8,"key":"SMITH"},{"floor":11,"key":"REST"},{"data":"Seeing Red","floor":13,"key":"SMITH"},{"floor":15,"key":"REST"},{"data":"Inflame","floor":25,"key":"SMITH"},{"data":"Body Slam","floor":27,"key":"SMITH"},{"floor":32,"key":"REST"}],"neow_cost":"NONE","seed_source_timestamp":2852685253859312,"circlet_count":0,"master_deck":["Defend_R","Defend_R","Defend_R","Defend_R","Bash","Flex+1","Anger+1","Body Slam+1","Metallicize","Inflame","Pommel Strike","Body Slam","Intimidate","Seeing Red+1","Feed+1","Double Tap","Whirlwind+1","Heavy Blade+1","Thunderclap+1","Twin Strike+1","Thunderclap+1","Flex+1","Dual Wield","Anger+1","Iron Wave+1","Armaments","Finesse","Inflame+1","Bite+1","Bite+1","Bite+1","Bite+1","Bite+1","Cleave+1","Armaments+1","Body Slam+1","Rampage+1","Dark Shackles"],"relics":["Burning Blood","Molten Egg 2","Bag of Preparation","Orrery","Orichalcum","Vajra"],"potions_floor_usage":[10,10,14,14],"damage_taken":[{"damage":10,"enemies":"Small Slimes","floor":1,"turns":5},{"damage":0,"enemies":"Jaw Worm","floor":4,"turns":5},{"damage":1,"enemies":"Cultist","floor":5,"turns":5},{"damage":23,"enemies":"Gremlin Gang","floor":7,"turns":5},{"damage":16,"enemies":"Exordium Thugs","floor":10,"turns":4},{"damage":13,"enemies":"Red Slaver","floor":12,"turns":2},{"damage":18,"enemies":"Lagavulin","floor":14,"turns":6},{"damage":67,"enemies":"The Guardian","floor":16,"turns":13},{"damage":0,"enemies":"3 Byrds","floor":18,"turns":2},{"damage":8,"enemies":"Chosen","floor":23,"turns":4},{"damage":0,"enemies":"Centurion and Healer","floor":24,"turns":3},{"damage":2,"enemies":"Snecko","floor":28,"turns":3},{"damage":53,"enemies":"Slaver and Parasite","floor":29,"turns":7},{"damage":67,"enemies":"Collector","floor":33,"turns":7}],"seed_played":"6677435057939270912","potions_obtained":[{"floor":4,"key":"EssenceOfSteel"},{"floor":5,"key":"PowerPotion"},{"floor":10,"key":"SpeedPotion"},{"floor":12,"key":"Fruit Juice"},{"floor":18,"key":"Dexterity Potion"},{"floor":28,"key":"Energy Potion"},{"floor":29,"key":"GamblersBrew"}],"is_trial":false,"path_per_floor":["M","?","$","M","M","R","M","R","T","M","R","M","R","E","R","B",null,"M","?","$","?","$","M","M","R","T","R","M","M","$","T","R"],"character_chosen":"IRONCLAD","items_purchased":["Body Slam","Metallicize","Anger+1","Iron Wave+1","Armaments","Finesse","Inflame","Dark Shackles"],"campfire_rested":3,"item_purchase_floors":[3,3,20,20,20,20,20,30],"current_hp_per_floor":[76,69,69,75,80,80,63,63,63,53,77,70,70,63,85,24,85,85,85,85,59,59,59,59,59,59,59,59,18,18,18,35,0],"gold":74,"neow_bonus":"THREE_CARDS","is_prod":false,"is_daily":false,"chose_seed":false,"campfire_upgraded":5,"win_rate":0.0,"timestamp":1529950059,"path_taken":["M","?","?","M","M","R","?","R","T","M","R","M","R","E","R","BOSS","M","?","$","?","?","M","M","R","T","R","M","M","?","?","R","BOSS"],"build_version":"2018-06-21v2","purchased_purges":0,"victory":false,"max_hp_per_floor":[80,80,80,80,80,80,80,80,80,80,80,80,80,85,85,85,85,85,85,85,59,59,59,59,59,59,59,59,59,59,59,59,59],"card_choices":[{"not_picked":["Sever Soul","Thunderclap"],"picked":"Flex","floor":0},{"not_picked":["Iron Wave","True Grit"],"picked":"Anger","floor":1},{"not_picked":["Rupture","Reckless Charge"],"picked":"Inflame","floor":4},{"not_picked":["Body Slam","Warcry"],"picked":"Pommel Strike","floor":5},{"not_picked":["Power Through","Perfected Strike"],"picked":"Body Slam","floor":7},{"not_picked":["Infernal Blade","Clothesline+1"],"picked":"Intimidate","floor":10},{"not_picked":["Entrench","Twin Strike+1"],"picked":"Seeing Red","floor":12},{"not_picked":["Blood for Blood+1","Bludgeon+1"],"picked":"Feed+1","floor":14},{"not_picked":["Barricade","Limit Break"],"picked":"Double Tap","floor":16},{"not_picked":["Cleave+1","Clothesline+1"],"picked":"Whirlwind+1","floor":17},{"not_picked":["Ghostly Armor","Clothesline+1"],"picked":"Heavy Blade+1","floor":17},{"not_picked":["Intimidate","Shrug It Off"],"picked":"Thunderclap+1","floor":17},{"not_picked":["Fire Breathing","Inflame"],"picked":"Twin Strike+1","floor":17},{"not_picked":["Limit Break","Warcry"],"picked":"Thunderclap+1","floor":17},{"not_picked":["Metallicize","Pummel+1"],"picked":"Flex+1","floor":18},{"not_picked":["Body Slam+1","Flex"],"picked":"Cleave+1","floor":23},{"not_picked":["Dual Wield","Inflame"],"picked":"Armaments+1","floor":24},{"not_picked":["True Grit","Intimidate"],"picked":"Body Slam+1","floor":28},{"not_picked":["Body Slam+1","Dual Wield"],"picked":"Rampage+1","floor":29}],"player_experience":9540,"relics_obtained":[{"floor":9,"key":"Molten Egg 2"},{"floor":14,"key":"Bag of Preparation"},{"floor":26,"key":"Orichalcum"},{"floor":31,"key":"Vajra"}],"event_choices":[{"event_name":"Golden Wing","player_choice":"Card Removal","floor":2,"damage_taken":0},{"event_name":"The Library","player_choice":"Read","floor":19,"damage_taken":0},{"event_name":"Vampires","player_choice":"Became a vampire","floor":21,"damage_taken":0}],"boss_relics":[{"not_picked":["Velvet Choker","Tiny House"],"picked":"Orrery"}],"items_purged_floors":[],"is_endless":false,"potions_floor_spawned":[4,5,10,12,18,28,29],"killed_by":"Collector","ascension_level":0}