{"gold_per_floor":[18,33,48,123,142,142,242,242,322,322,348,360,187,216,216,320,320,339,356,367,380,152,187,187,207,207,239,257,268,284,302,302,402,402,412,19,19,37,53,53,86,86,86,86,86,112,23,23,23,23],"floor_reached":51,"playtime":4824,"items_purged":[],"score":1078,"play_id":"bcc22fb3-35d1-46a4-8414-c4201585d1d3","local_time":"20181111205533","is_ascension_mode":true,"campfire_choices":[{"data":"Zap","floor":6.0,"key":"SMITH"},{"floor":8.0,"key":"REST"},{"data":"Dualcast","floor":10.0,"key":"SMITH"},{"floor":15.0,"key":"REST"},{"floor":24.0,"key":"REST"},{"floor":32.0,"key":"REST"},{"data":"Defragment","floor":40.0,"key":"SMITH"},{"data":"Beam Cell","floor":42.0,"key":"SMITH"},{"floor":44.0,"key":"REST"},{"floor":49.0,"key":"REST"}],"neow_cost":"NO_GOLD","seed_source_timestamp":0,"circlet_count":0,"master_deck":["Strike_B","Strike_B","Defend_B","Defend_B","Defend_B","Zap+1","Dualcast+1","Genetic Algorithm","Leap","Sweeping Beam","Undo","Electrodynamics","Auto Shields","Steam Power","Core Surge","Ball Lightning","Genetic Algorithm","Defragment+1","Steam+1","Static Discharge","Capacitor+1","Turbo","Scrape+1","Fission+1","Glacier+1","Dramatic Entrance","Leap+1","Beam Cell+1","Consume+1","Dramatic Entrance","Writhe"],"special_seed":0,"relics":["Cracked Core","Dead Branch","Singing Bowl","Anchor","Bag of Marbles","Busted Crown","DollysMirror","Oddly Smooth Stone","Peace Pipe","Blood Vial","Astrolabe","Emotion Chip","Kunai","Dodecahedron","Girya","Sundial","Lantern"],"potions_floor_usage":[50],"damage_taken":[{"damage":0.0,"enemies":"2 Louse","floor":1.0,"turns":3.0},{"damage":1.0,"enemies":"Cultist","floor":2.0,"turns":4.0},{"damage":2.0,"enemies":"Jaw Worm","floor":3.0,"turns":4.0},{"damage":5.0,"enemies":"3 Louse","floor":5.0,"turns":5.0},{"damage":35.0,"enemies":"Gremlin Nob","floor":11.0,"turns":5.0},{"damage":0.0,"enemies":"Blue Slaver","floor":12.0,"turns":4.0},{"damage":12.0,"enemies":"Lagavulin","floor":14.0,"turns":7.0},{"damage":5.0,"enemies":"Slime Boss","floor":16.0,"turns":6.0},{"damage":1.0,"enemies":"2 Thieves","floor":18.0,"turns":3.0},{"damage":0.0,"enemies":"3 Byrds","floor":19.0,"turns":2.0},{"damage":1.0,"enemies":"Centurion and Healer","floor":20.0,"turns":6.0},{"damage":19.0,"enemies":"Snake Plant","floor":21.0,"turns":4.0},{"damage":27.0,"enemies":"Book of Stabbing","floor":23.0,"turns":5.0},{"damage":0.0,"enemies":"Snecko","floor":25.0,"turns":4.0},{"damage":0.0,"enemies":"Gremlin Leader","floor":27.0,"turns":6.0},{"damage":0.0,"enemies":"Chosen and Byrds","floor":28.0,"turns":4.0},{"damage":24.0,"enemies":"Cultist and Chosen","floor":29.0,"turns":7.0},{"damage":8.0,"enemies":"Shelled Parasite and Fungi","floor":30.0,"turns":6.0},{"damage":14.0,"enemies":"Snake Plant","floor":31.0,"turns":4.0},{"damage":36.0,"enemies":"Collector","floor":33.0,"turns":7.0},{"damage":0.0,"enemies":"Orb Walker","floor":35.0,"turns":2.0},{"damage":0.0,"enemies":"3 Darklings","floor":38.0,"turns":4.0},{"damage":0.0,"enemies":"Sphere and 2 Shapes","floor":39.0,"turns":8.0},{"damage":37.0,"enemies":"Nemesis","floor":41.0,"turns":7.0},{"damage":33.0,"enemies":"Giant Head","floor":46.0,"turns":10.0},{"damage":14,"enemies":"Time Eater","floor":50,"turns":19}],"seed_played":"3790927636441789932","potions_obtained":[{"floor":3.0,"key":"SmokeBomb"},{"floor":11.0,"key":"Strength Potion"},{"floor":12.0,"key":"Fruit Juice"},{"floor":14.0,"key":"Fire Potion"},{"floor":18.0,"key":"Poison Potion"},{"floor":25.0,"key":"SkillPotion"},{"floor":28.0,"key":"Strength Potion"},{"floor":29.0,"key":"Energy Potion"},{"floor":31.0,"key":"GamblersBrew"},{"floor":35.0,"key":"Fire Potion"},{"floor":46.0,"key":"SkillPotion"}],"is_trial":false,"path_per_floor":["M","M","M","?","M","R","?","R","T","R","E","M","$","E","R","B",null,"M","M","M","M","$","E","R","M","T","E","M","M","M","M","R","B",null,"M","$","T","M","M","R","E","R","T","R","T","E","$","?","R","B",null],"character_chosen":"DEFECT","items_purchased":["Auto Shields","Fruit Juice","DollysMirror","Defragment","Emotion Chip","Dramatic Entrance","Dramatic Entrance"],"campfire_rested":6,"item_purchase_floors":[13,13,22,22,36,36,47],"current_hp_per_floor":[68,67,65,54,49,49,49,71,71,71,36,38,38,36,62,57,80,79,81,82,65,65,40,68,68,68,68,70,48,44,34,63,31,84,88,88,88,90,92,92,57,57,57,87,87,58,58,84,105,91],"gold":23,"neow_bonus":"ONE_RARE_RELIC","is_prod":false,"is_daily":false,"chose_seed":false,"campfire_upgraded":4,"win_rate":0,"timestamp":1541991333,"path_taken":["M","M","M","?","M","R","?","R","T","R","E","M","$","E","R","BOSS","M","M","M","M","$","E","R","M","T","E","M","M","M","M","R","BOSS","M","$","?","?","M","R","E","R","T","R","?","E","$","?","R","BOSS"],"build_version":"2018-11-08","purchased_purges":0,"victory":true,"max_hp_per_floor":[75,75,75,75,75,75,75,75,75,75,75,77,77,87,87,87,87,87,89,91,93,93,95,95,95,95,95,95,95,97,99,99,101,101,103,103,103,103,103,103,103,103,103,103,103,105,105,105,105,105],"card_choices":[{"not_picked":["Gash","Coolheaded"],"picked":"Genetic Algorithm","floor":1.0},{"not_picked":["Compile Driver","Beam Cell"],"picked":"Leap","floor":2.0},{"not_picked":["Turbo","Redo"],"picked":"Sweeping Beam","floor":3.0},{"not_picked":["Compile Driver","Stack"],"picked":"Undo","floor":5.0},{"not_picked":["Amplify","Compile Driver"],"picked":"Electrodynamics","floor":11.0},{"not_picked":["Stack","Redo","Conserve Battery"],"picked":"Singing Bowl","floor":12.0},{"not_picked":["Rebound","Barrage"],"picked":"Steam Power","floor":14.0},{"not_picked":["Reboot","Creative AI"],"picked":"Core Surge","floor":16.0},{"not_picked":[],"picked":"Ball Lightning","floor":18.0},{"not_picked":["Darkness"],"picked":"Singing Bowl","floor":19.0},{"not_picked":["Coolheaded+1"],"picked":"Singing Bowl","floor":20.0},{"not_picked":["Redo"],"picked":"Singing Bowl","floor":21.0},{"not_picked":["Lockon"],"picked":"Singing Bowl","floor":23.0},{"not_picked":[],"picked":"Steam+1","floor":25.0},{"not_picked":[],"picked":"Static Discharge","floor":27.0},{"not_picked":[],"picked":"Capacitor+1","floor":28.0},{"not_picked":[],"picked":"Turbo","floor":29.0},{"not_picked":["Skim"],"picked":"Singing Bowl","floor":30.0},{"not_picked":["Storm"],"picked":"Singing Bowl","floor":31.0},{"not_picked":["Creative AI"],"picked":"Singing Bowl","floor":33.0},{"not_picked":["Compile Driver"],"picked":"Singing Bowl","floor":35.0},{"not_picked":[],"picked":"Leap+1","floor":38.0},{"not_picked":[],"picked":"Beam Cell","floor":39.0},{"not_picked":[],"picked":"Consume+1","floor":41.0},{"not_picked":["Coolheaded"],"picked":"Singing Bowl","floor":46.0}],"player_experience":984822,"relics_obtained":[{"floor":9.0,"key":"Singing Bowl"},{"floor":11.0,"key":"Anchor"},{"floor":14.0,"key":"Bag of Marbles"},{"floor":23.0,"key":"Oddly Smooth Stone"},{"floor":26.0,"key":"Peace Pipe"},{"floor":27.0,"key":"Blood Vial"},{"floor":37.0,"key":"Kunai"},{"floor":41.0,"key":"Dodecahedron"},{"floor":43.0,"key":"Girya"},{"floor":45.0,"key":"Sundial"},{"floor":46.0,"key":"Lantern"}],"event_choices":[{"damage_healed":0.0,"max_hp_gain":0.0,"max_hp_loss":0.0,"gold_gain":75.0,"event_name":"World of Goop","player_choice":"Gather Gold","floor":4.0,"gold_loss":0.0,"damage_taken":11.0},{"damage_healed":0.0,"max_hp_gain":0.0,"max_hp_loss":0.0,"gold_gain":100.0,"event_name":"Golden Shrine","player_choice":"Pray","floor":7.0,"gold_loss":0.0,"damage_taken":0.0},{"damage_healed":26.0,"max_hp_gain":0.0,"max_hp_loss":0.0,"gold_gain":0.0,"event_name":"Winding Halls","player_choice":"Writhe","floor":48.0,"gold_loss":0.0,"damage_taken":0.0,"cards_obtained":["Writhe"]}],"is_beta":false,"boss_relics":[{"not_picked":["Runic Pyramid","White Beast Statue"],"picked":"Busted Crown"},{"not_picked":["Black Star","Lizard Tail"],"picked":"Astrolabe"}],"items_purged_floors":[],"is_endless":false,"potions_floor_spawned":[3,11,12,14,18,25,28,29,31,35,46],"ascension_level":8}