{"gold_per_floor":[13,13,13,24,35,70,70,70,70,70,87,87,99,173,173,274,274,289,188,188,20,39,39,71,89,168,168,184,184,164,194,194,292,292,308,183,183,130,156,156,166,16,16,16],"floor_reached":44,"playtime":2753,"items_purged":["Strike_G","Strike_G","Strike_G","Doubt"],"score":447,"play_id":"bc3bb500-6814-4bba-9262-f81ff17de961","local_time":"20180720093445","is_ascension_mode":false,"campfire_choices":[{"floor":7,"key":"DIG"},{"floor":10,"key":"DIG"},{"floor":12,"key":"DIG"},{"floor":15,"key":"REST"},{"floor":23,"key":"REST"},{"floor":27,"key":"REST"},{"floor":29,"key":"DIG"},{"data":"Storm of Steel","floor":32,"key":"SMITH"},{"floor":40,"key":"DIG"}],"neow_cost":"NO_GOLD","seed_source_timestamp":2048850918766998,"circlet_count":0,"master_deck":["Defend_G","Defend_G","Defend_G","Defend_G","Strike_G","Survivor","Neutralize","Prepared","Infinite Blades","Cloak And Dagger","Flying Knee","Cloak And Dagger","Storm of Steel+1","Accuracy+1","Slice","Backstab","Backstab","Cloak And Dagger+1","Cloak And Dagger","Doppelganger","Cloak And Dagger","Decay"],"relics":["Ring of the Snake","Shovel","The Specimen","Mercury Hourglass","Darkstone Periapt","Regal Pillow","Sundial","Paper Crane","WristBlade","Nilry\u0027s Codex","Pen Nib","Kunai","Oddly Smooth Stone","Red Mask","Cursed Key","Potion Belt","Blood Vial","Smiling Mask"],"potions_floor_usage":[11,13,16,31,33,33],"damage_taken":[{"damage":0,"enemies":"Jaw Worm","floor":1,"turns":6},{"damage":1,"enemies":"2 Louse","floor":4,"turns":3},{"damage":2,"enemies":"Small Slimes","floor":5,"turns":4},{"damage":36,"enemies":"Lagavulin","floor":6,"turns":14},{"damage":0,"enemies":"Blue Slaver","floor":11,"turns":4},{"damage":0,"enemies":"2 Fungi Beasts","floor":13,"turns":3},{"damage":54,"enemies":"Hexaghost","floor":16,"turns":14},{"damage":21,"enemies":"Spheric Guardian","floor":18,"turns":4},{"damage":7,"enemies":"Shell Parasite","floor":22,"turns":4},{"damage":23,"enemies":"Gremlin Leader","floor":24,"turns":5},{"damage":11,"enemies":"Snake Plant","floor":25,"turns":3},{"damage":0,"enemies":"Centurion and Healer","floor":28,"turns":3},{"damage":0,"floor":31,"turns":2},{"damage":53,"enemies":"Collector","floor":33,"turns":6},{"damage":1,"enemies":"3 Shapes","floor":35,"turns":3},{"damage":0,"enemies":"Orb Walker","floor":41,"turns":2},{"damage":105,"enemies":"Flame Bruiser 2 Orb","floor":44,"turns":2}],"seed_played":"205879439960661375","potions_obtained":[{"floor":1,"key":"Regen Potion"},{"floor":6,"key":"SkillPotion"},{"floor":11,"key":"Swift Potion"},{"floor":25,"key":"Fire Potion"},{"floor":28,"key":"GhostInAJar"},{"floor":30,"key":"AttackPotion"},{"floor":31,"key":"Regen Potion"},{"floor":35,"key":"Strength Potion"}],"is_trial":false,"path_per_floor":["M","?","?","M","M","E","R","$","T","R","M","R","M","T","R","B",null,"M","$","?","$","M","R","E","M","T","R","M","R","?","?","R","B",null,"M","$","?","$","T","R","M","$","T"],"character_chosen":"THE_SILENT","items_purchased":["Slice","Backstab","Cloak And Dagger"],"campfire_rested":3,"item_purchase_floors":[19,21,38],"current_hp_per_floor":[70,70,70,69,67,31,31,31,31,31,31,31,40,40,70,16,70,49,49,33,33,26,62,39,28,28,64,64,64,64,64,64,23,70,69,69,69,69,75,75,76,76,82,0],"gold":16,"neow_bonus":"ONE_RARE_RELIC","is_prod":false,"is_daily":false,"chose_seed":false,"campfire_upgraded":1,"win_rate":0,"timestamp":1532097285,"path_taken":["M","?","?","?","M","E","R","?","T","R","?","R","?","?","R","BOSS","M","$","?","$","M","R","E","M","T","R","M","R","?","?","R","BOSS","M","$","?","$","?","R","M","?","T","M"],"build_version":"2018-07-19v2","purchased_purges":4,"victory":false,"max_hp_per_floor":[70,70,70,70,70,70,70,70,70,70,70,70,70,70,70,70,70,70,70,70,70,70,70,70,70,70,70,70,70,70,70,70,70,70,70,70,70,70,76,76,76,76,82,82],"card_choices":[{"not_picked":["Outmaneuver","Eviscerate"],"picked":"Prepared","floor":1},{"not_picked":["Bane","Backflip"],"picked":"Infinite Blades","floor":4},{"not_picked":["Dodge and Roll","A Thousand Cuts"],"picked":"Cloak And Dagger","floor":5},{"not_picked":["Sucker Punch","Choke"],"picked":"Flying Knee","floor":6},{"not_picked":["PiercingWail","Leg Sweep","Outmaneuver"],"picked":"SKIP","floor":11},{"not_picked":["Quick Slash","Acrobatics"],"picked":"Cloak And Dagger","floor":13},{"not_picked":["Night Terror","Tools of the Trade"],"picked":"Storm of Steel","floor":16},{"not_picked":["Expertise","Deadly Poison"],"picked":"Accuracy+1","floor":18},{"not_picked":["Sucker Punch","Deadly Poison"],"picked":"Backstab","floor":22},{"not_picked":["Choke","Masterful Stab","Eviscerate"],"picked":"SKIP","floor":24},{"not_picked":["Underhanded Strike","Reflex"],"picked":"Cloak And Dagger+1","floor":25},{"not_picked":["Flechettes","Bane"],"picked":"Cloak And Dagger","floor":28},{"not_picked":["Die Die Die","A Thousand Cuts"],"picked":"Doppelganger","floor":33},{"not_picked":["Slice","Quick Slash","Flechettes"],"picked":"SKIP","floor":35},{"not_picked":["Eviscerate+1","Tactician+1","Footwork"],"picked":"SKIP","floor":41}],"player_experience":240405,"relics_obtained":[{"floor":6,"key":"The Specimen"},{"floor":7,"key":"Mercury Hourglass"},{"floor":9,"key":"Darkstone Periapt"},{"floor":10,"key":"Regal Pillow"},{"floor":12,"key":"Sundial"},{"floor":14,"key":"Paper Crane"},{"floor":20,"key":"Nilry\u0027s Codex"},{"floor":24,"key":"Pen Nib"},{"floor":26,"key":"Kunai"},{"floor":29,"key":"Oddly Smooth Stone"},{"floor":31,"key":"Red Mask"},{"floor":39,"key":"Potion Belt"},{"floor":40,"key":"Blood Vial"},{"floor":43,"key":"Smiling Mask"}],"event_choices":[{"event_name":"Liars Game","player_choice":"disagreed","floor":2,"damage_taken":0},{"event_name":"Living Wall","player_choice":"Forget","floor":3,"damage_taken":0},{"event_name":"Cursed Tome","player_choice":"Obtained Book","floor":20,"damage_taken":0},{"event_name":"The Woman in Blue","player_choice":"Bought 1 Potion","floor":30,"damage_taken":0},{"event_name":"Masked Bandits","player_choice":"Fought over 164 gold","floor":31,"damage_taken":0},{"event_name":"Falling","player_choice":"Removed Attack","floor":37,"damage_taken":0}],"is_beta":false,"boss_relics":[{"not_picked":["Orrery","Ring of the Serpent"],"picked":"WristBlade"},{"not_picked":["Runic Dome","Empty Cage"],"picked":"Cursed Key"}],"items_purged_floors":[19,21,36,42],"is_endless":false,"potions_floor_spawned":[1,6,11,25,28,31,35],"killed_by":"Flame Bruiser 2 Orb","ascension_level":0}