{"gold_per_floor":[166,181,199,209,159,185,185,199,268,283,311,80,80,80,80,183,183,195,214,214,214],"floor_reached":21,"playtime":1430,"items_purged":["Strike_G"],"score":239,"play_id":"9f5e3332-c939-483d-bb99-83f68619b015","local_time":"20190628131418","is_ascension_mode":true,"campfire_choices":[{"floor":7,"key":"RECALL"},{"floor":13,"key":"REST"},{"data":"Dramatic Entrance","floor":15,"key":"SMITH"}],"neow_cost":"NONE","seed_source_timestamp":1127541698426000,"circlet_count":0,"master_deck":["Defend_G+1","Defend_G","Defend_G","Defend_G","Defend_G","Strike_G","Strike_G","Strike_G","Survivor","Neutralize","Dagger Throw","Prepared","Poisoned Stab","Backstab","Calculated Gamble","Predator","Blade Dance","Dramatic Entrance+1","Footwork","Parasite","Glass Knife","Cloak And Dagger","Pain"],"relics":["Tiny House","Dodecahedron","Mercury Hourglass","Tingsha","White Beast Statue","WarpedTongs"],"potions_floor_usage":[6,6,11,16,16,18,21],"damage_taken":[{"damage":2,"enemies":"Cultist","floor":1,"turns":4},{"damage":2,"enemies":"Small Slimes","floor":2,"turns":4},{"damage":2,"enemies":"2 Louse","floor":3,"turns":2},{"damage":0,"enemies":"2 Fungi Beasts","floor":4,"turns":3},{"damage":19,"enemies":"Gremlin Nob","floor":6,"turns":5},{"damage":1,"enemies":"Red Slaver","floor":8,"turns":4},{"damage":0,"enemies":"Exordium Wildlife","floor":10,"turns":2},{"damage":17,"enemies":"3 Sentries","floor":11,"turns":6},{"damage":58,"enemies":"Hexaghost","floor":16,"turns":10},{"damage":7,"enemies":"2 Thieves","floor":18,"turns":3},{"damage":29,"enemies":"Shell Parasite","floor":19,"turns":4},{"damage":35,"enemies":"Centurion and Healer","floor":21,"turns":5}],"seed_played":"5859362665753207381","potions_obtained":[{"floor":0,"key":"Regen Potion"},{"floor":1,"key":"Weak Potion"},{"floor":4,"key":"Energy Potion"},{"floor":6,"key":"Explosive Potion"},{"floor":8,"key":"FearPotion"},{"floor":16,"key":"Fire Potion"},{"floor":18,"key":"FairyPotion"},{"floor":19,"key":"SpeedPotion"}],"is_trial":false,"path_per_floor":["M","M","M","M","?","E","R","M","T","M","E","$","R","?","R","B",null,"M","M","?","M"],"character_chosen":"THE_SILENT","items_purchased":["Dramatic Entrance","Footwork"],"campfire_rested":1,"item_purchase_floors":[12,12],"current_hp_per_floor":[73,71,69,69,69,61,61,60,60,60,43,43,65,75,75,17,61,54,25,25,0],"gold":214,"neow_bonus":"BOSS_RELIC","is_prod":false,"is_daily":false,"chose_seed":false,"campfire_upgraded":1,"win_rate":0,"timestamp":1561752858,"path_taken":["M","M","M","?","?","E","R","M","T","M","E","$","R","?","R","BOSS","M","M","?","?"],"build_version":"2019-01-23","purchased_purges":1,"victory":false,"max_hp_per_floor":[75,75,75,75,75,75,75,75,75,75,75,75,75,75,75,75,75,75,75,75,75],"card_choices":[{"not_picked":["Terror","Dodge and Roll"],"picked":"Dagger Throw","floor":0},{"not_picked":["Underhanded Strike","Reflex"],"picked":"Prepared","floor":1},{"not_picked":["Quick Slash","Dodge and Roll"],"picked":"Poisoned Stab","floor":2},{"not_picked":["Eviscerate","Catalyst","Concentrate"],"picked":"SKIP","floor":3},{"not_picked":["Blade Dance","Flying Knee"],"picked":"Backstab","floor":4},{"not_picked":["Outmaneuver","Choke"],"picked":"Calculated Gamble","floor":6},{"not_picked":["Bane","Bouncing Flask","Sucker Punch"],"picked":"SKIP","floor":8},{"not_picked":["Leg Sweep","Bouncing Flask"],"picked":"Predator","floor":10},{"not_picked":["Flechettes","Sucker Punch"],"picked":"Blade Dance","floor":11},{"not_picked":["Malaise","Night Terror"],"picked":"Glass Knife","floor":16},{"not_picked":["Bouncing Flask","Dagger Throw","Flying Knee+1"],"picked":"SKIP","floor":18},{"not_picked":["Footwork+1","Quick Slash+1"],"picked":"Cloak And Dagger","floor":19}],"player_experience":575664,"relics_obtained":[{"floor":6,"key":"Dodecahedron"},{"floor":9,"key":"Mercury Hourglass"},{"floor":11,"key":"Tingsha"}],"event_choices":[{"cards_removed":["Strike_G"],"damage_healed":0,"gold_gain":0,"player_choice":"Card Removal","damage_taken":0,"max_hp_gain":0,"max_hp_loss":0,"event_name":"The Cleric","floor":5,"gold_loss":50},{"damage_healed":18,"gold_gain":0,"player_choice":"Healed and dodged fight","damage_taken":0,"max_hp_gain":0,"max_hp_loss":0,"event_name":"Mushrooms","floor":14,"gold_loss":0,"cards_obtained":["Parasite"]},{"damage_healed":0,"gold_gain":0,"player_choice":"Rummage","damage_taken":0,"relics_obtained":["WarpedTongs"],"max_hp_gain":0,"max_hp_loss":0,"event_name":"Accursed Blacksmith","floor":20,"gold_loss":0,"cards_obtained":["Pain"]}],"is_beta":false,"boss_relics":[{"not_picked":["Runic Dome","HoveringKite"],"picked":"White Beast Statue"}],"items_purged_floors":[12],"is_endless":false,"potions_floor_spawned":[1,4,6,8,16,18,19],"killed_by":"Centurion and Healer","ascension_level":5}