{"gold_per_floor":[110,110,130,130,305,336,347,347,347,347,359,120,70,81,81,185,185,201,214,489,502,502,502,517,530,606,639,197,216,230,230,230,230],"floor_reached":33,"playtime":1792,"items_purged":["Doubt","Regret"],"score":249,"play_id":"3f58f994-5619-4a84-b499-12e6245ed115","local_time":"20190617092636","is_ascension_mode":false,"campfire_choices":[{"data":"Zap","floor":8,"key":"SMITH"},{"data":"Dualcast","floor":10,"key":"SMITH"},{"data":"Steam Power","floor":15,"key":"SMITH"},{"data":"Buffer","floor":23,"key":"SMITH"},{"floor":32,"key":"REST"}],"neow_cost":"NONE","seed_source_timestamp":3889768277890,"circlet_count":0,"master_deck":["Strike_B","Strike_B","Defend_B","Defend_B","Defend_B","Defend_B","Zap+1","Dualcast+1","Ball Lightning","Hologram","Ball Lightning","Ball Lightning","Doom and Gloom","Steam Power+1","Master of Strategy","Melter","Buffer+1","Hologram","Doom and Gloom","Capacitor+1","Shame","Loop","Cold Snap","Go for the Eyes+1","Darkness+1","Doom and Gloom"],"relics":["Cracked Core","Torii","Question Card","FossilizedHelix","Sozu","Kunai","Sundial","Red Mask","Runic Capacitor","Happy Flower"],"potions_floor_usage":[6,16,19],"damage_taken":[{"damage":6,"enemies":"2 Louse","floor":1,"turns":2},{"damage":2,"enemies":"Small Slimes","floor":3,"turns":3},{"damage":15,"enemies":"Gremlin Nob","floor":6,"turns":4},{"damage":1,"enemies":"Jaw Worm","floor":7,"turns":2},{"damage":0,"enemies":"2 Fungi Beasts","floor":11,"turns":2},{"damage":0,"enemies":"Looter","floor":14,"turns":3},{"damage":25,"enemies":"The Guardian","floor":16,"turns":7},{"damage":0,"enemies":"Spheric Guardian","floor":18,"turns":2},{"damage":0,"enemies":"3 Byrds","floor":19,"turns":3},{"damage":14,"enemies":"Snake Plant","floor":21,"turns":3},{"damage":19,"enemies":"Snecko","floor":24,"turns":6},{"damage":0,"enemies":"3 Cultists","floor":25,"turns":3},{"damage":19,"enemies":"Masked Bandits","floor":27,"turns":3},{"damage":0,"enemies":"Centurion and Healer","floor":29,"turns":4},{"damage":0,"enemies":"Snake Plant","floor":30,"turns":4},{"damage":74,"enemies":"Automaton","floor":33,"turns":6}],"seed_played":"-7411980151330133648","potions_obtained":[{"floor":3,"key":"PowerPotion"},{"floor":14,"key":"AttackPotion"},{"floor":16,"key":"Energy Potion"}],"is_trial":false,"path_per_floor":["M","?","M","?","?","E","M","R","T","R","M","$","?","M","R","B",null,"M","M","?","M","?","R","M","M","T","?","$","M","M","?","R","B"],"character_chosen":"DEFECT","items_purchased":["Master of Strategy","Runic Capacitor","Happy Flower"],"campfire_rested":1,"item_purchase_floors":[12,28,28],"current_hp_per_floor":[69,66,64,57,57,42,41,41,41,41,41,41,41,41,41,16,75,75,75,75,61,61,61,42,42,42,23,23,23,23,9,33,0],"gold":230,"neow_bonus":"THREE_CARDS","is_prod":false,"is_daily":false,"chose_seed":false,"campfire_upgraded":4,"win_rate":0,"timestamp":1560781596,"path_taken":["M","?","M","?","?","E","M","R","T","R","?","$","?","M","R","BOSS","M","M","?","?","?","R","M","M","T","?","$","M","M","?","R","BOSS"],"build_version":"2019-01-23","purchased_purges":2,"victory":false,"max_hp_per_floor":[75,75,75,75,75,75,75,75,75,75,75,75,75,75,75,75,75,75,75,75,75,75,75,75,75,75,75,75,75,75,80,80,80],"card_choices":[{"not_picked":["Coolheaded","Steam"],"picked":"Ball Lightning","floor":0},{"not_picked":["Undo","Steam"],"picked":"Hologram","floor":1},{"not_picked":["Rip and Tear","Rebound"],"picked":"Ball Lightning","floor":3},{"not_picked":["Turbo","Go for the Eyes"],"picked":"Ball Lightning","floor":6},{"not_picked":["Redo","Barrage","FTL"],"picked":"Doom and Gloom","floor":7},{"not_picked":["Static Discharge","Aggregate","Core Surge"],"picked":"Steam Power","floor":11},{"not_picked":["Undo","Rebound","Rip and Tear"],"picked":"Melter","floor":14},{"not_picked":["Fission","Hyperbeam","Multi-Cast"],"picked":"Buffer","floor":16},{"not_picked":["Rebound","Hello World","Heatsinks"],"picked":"Hologram","floor":18},{"not_picked":["Leap+1","Redo","Conserve Battery"],"picked":"Doom and Gloom","floor":19},{"not_picked":["Coolheaded","Stack","Barrage+1"],"picked":"Capacitor+1","floor":21},{"not_picked":["Leap","Streamline","Coolheaded"],"picked":"Loop","floor":24},{"not_picked":["Melter+1","Stack","Leap"],"picked":"Cold Snap","floor":25},{"not_picked":["Amplify","Lockon","Streamline"],"picked":"Go for the Eyes+1","floor":27},{"not_picked":["Leap","Storm","Steam"],"picked":"Darkness+1","floor":29},{"not_picked":["Double Energy","Steam","Streamline"],"picked":"Doom and Gloom","floor":30}],"player_experience":1462200,"relics_obtained":[{"floor":6,"key":"Question Card"},{"floor":9,"key":"FossilizedHelix"},{"floor":26,"key":"Sundial"},{"floor":27,"key":"Red Mask"}],"event_choices":[{"damage_healed":0,"gold_gain":0,"player_choice":"Success","damage_taken":3,"relics_obtained":["Torii"],"max_hp_gain":0,"max_hp_loss":0,"event_name":"Scrap Ooze","floor":2,"gold_loss":0},{"cards_removed":["Strike_B"],"damage_healed":0,"gold_gain":0,"player_choice":"Card Removal","damage_taken":7,"max_hp_gain":0,"max_hp_loss":0,"event_name":"Golden Wing","floor":4,"gold_loss":0},{"damage_healed":0,"gold_gain":175,"player_choice":"AGREE","damage_taken":0,"max_hp_gain":0,"max_hp_loss":0,"event_name":"Liars Game","floor":5,"gold_loss":0,"cards_obtained":["Doubt"]},{"cards_removed":["Strike_B"],"damage_healed":0,"gold_gain":0,"player_choice":"Card Removal","damage_taken":0,"max_hp_gain":0,"max_hp_loss":0,"event_name":"The Cleric","floor":13,"gold_loss":50},{"damage_healed":0,"gold_gain":275,"player_choice":"Desecrate","damage_taken":0,"max_hp_gain":0,"max_hp_loss":0,"event_name":"Golden Shrine","floor":20,"gold_loss":0,"cards_obtained":["Regret"]},{"damage_healed":0,"gold_gain":0,"player_choice":"Stole Relic","damage_taken":0,"relics_obtained":["Kunai"],"max_hp_gain":0,"max_hp_loss":0,"event_name":"Addict","floor":22,"gold_loss":0,"cards_obtained":["Shame"]},{"damage_healed":0,"gold_gain":0,"player_choice":"Fought Bandits","damage_taken":0,"max_hp_gain":0,"max_hp_loss":0,"event_name":"Masked Bandits","floor":27,"gold_loss":0},{"damage_healed":0,"gold_gain":0,"player_choice":"Shed Blood","damage_taken":19,"max_hp_gain":5,"max_hp_loss":0,"event_name":"Forgotten Altar","floor":31,"gold_loss":0}],"is_beta":false,"boss_relics":[{"not_picked":["Lizard Tail","White Beast Statue"],"picked":"Sozu"}],"items_purged_floors":[12,28],"is_endless":false,"potions_floor_spawned":[3,14,16,21,27,29,30],"killed_by":"Automaton","ascension_level":0}