{"gold_per_floor":[111,111,111,111,124,124,49,64,64,89,114,114,114,114,114,245,245,270,270,294,294],"floor_reached":21,"playtime":1101,"items_purged":["Defend_R"],"score":169,"play_id":"14317892-cda1-468f-b1a4-366a4ec6fb12","local_time":"20180710094539","is_ascension_mode":false,"campfire_choices":[{"data":"Perfected Strike","floor":6,"key":"SMITH"},{"data":"Pommel Strike","floor":13,"key":"SMITH"},{"data":"Cleave","floor":15,"key":"SMITH"}],"neow_cost":"TEN_PERCENT_HP_LOSS","seed_source_timestamp":1187183102078992,"circlet_count":0,"master_deck":["Strike_R","Strike_R","Strike_R","Defend_R","Bash","Cleave+1","Perfected Strike+1","Flex","Ghostly Armor","Pommel Strike+1","Flex","Demon Form","Inflame","Perfected Strike+1","Havoc+1","Pommel Strike+1"],"relics":["Burning Blood","Prayer Wheel","Golden Idol","Thread and Needle","Unceasing Top","Gambling Chip","Empty Cage"],"potions_floor_usage":[11,18,20],"damage_taken":[{"damage":6,"enemies":"2 Louse","floor":1,"turns":3},{"damage":6,"enemies":"Cultist","floor":5,"turns":3},{"damage":17,"enemies":"Small Slimes","floor":8,"turns":3},{"damage":2,"enemies":"Blue Slaver","floor":10,"turns":3},{"damage":0,"enemies":"Exordium Thugs","floor":11,"turns":5},{"damage":36,"enemies":"Hexaghost","floor":16,"turns":9},{"damage":40,"enemies":"3 Byrds","floor":18,"turns":5},{"damage":7,"enemies":"Spheric Guardian","floor":20,"turns":4},{"damage":58,"enemies":"Slaver and Parasite","floor":21,"turns":4}],"seed_played":"2020351228366767971","potions_obtained":[{"floor":8,"key":"SkillPotion"},{"floor":10,"key":"SpeedPotion"},{"floor":11,"key":"FairyPotion"},{"floor":16,"key":"Block Potion"},{"floor":20,"key":"Poison Potion"}],"is_trial":false,"path_per_floor":["M","?","?","?","M","R","$","M","T","M","M","?","R","T","R","B",null,"M","?","M"],"character_chosen":"IRONCLAD","items_purchased":[],"campfire_rested":0,"item_purchase_floors":[],"current_hp_per_floor":[72,72,72,54,54,54,54,43,43,47,53,50,50,50,50,20,72,38,38,37,0],"gold":294,"neow_bonus":"ONE_RARE_RELIC","is_prod":false,"is_daily":false,"chose_seed":false,"campfire_upgraded":3,"win_rate":0,"timestamp":1531233939,"path_taken":["M","?","?","?","?","R","$","?","T","M","M","?","R","?","R","BOSS","M","?","?","M"],"build_version":"2018-07-05","purchased_purges":1,"victory":false,"max_hp_per_floor":[72,72,72,72,72,72,72,72,72,72,72,72,72,72,72,72,72,72,72,72,72],"card_choices":[{"not_picked":["Armaments","Dual Wield"],"picked":"Cleave","floor":1},{"not_picked":["Clothesline","True Grit","Perfected Strike"],"picked":"SKIP","floor":1},{"not_picked":["Warcry","Seeing Red"],"picked":"Flex","floor":5},{"not_picked":["Hemokinesis","True Grit","Spot Weakness"],"picked":"SKIP","floor":5},{"not_picked":["Reckless Charge","Pummel"],"picked":"Ghostly Armor","floor":8},{"not_picked":["Armaments","True Grit","Dark Embrace"],"picked":"SKIP","floor":8},{"not_picked":["Thunderclap","True Grit","Clothesline"],"picked":"SKIP","floor":10},{"not_picked":["Sentinel","Feel No Pain","Warcry"],"picked":"SKIP","floor":10},{"not_picked":["Twin Strike","Sword Boomerang"],"picked":"Pommel Strike","floor":11},{"not_picked":["Hemokinesis","Sever Soul"],"picked":"Flex","floor":11},{"not_picked":["Fiend Fire","Dark Embrace"],"picked":"Demon Form","floor":16},{"not_picked":["Evolve","Ghostly Armor"],"picked":"Inflame","floor":18},{"not_picked":["Warcry","Reckless Charge"],"picked":"Perfected Strike+1","floor":18},{"not_picked":["Entrench","Thunderclap"],"picked":"Havoc+1","floor":20},{"not_picked":["Heavy Blade","Twin Strike"],"picked":"Pommel Strike+1","floor":20}],"player_experience":128809,"relics_obtained":[{"floor":9,"key":"Thread and Needle"},{"floor":14,"key":"Gambling Chip"}],"event_choices":[{"event_name":"Transmorgrifier","player_choice":"Transform","floor":2,"damage_taken":0},{"event_name":"Bonfire Elementals","player_choice":"BASIC","floor":3,"damage_taken":0},{"event_name":"Golden Idol","player_choice":"Take Damage","floor":4,"damage_taken":0},{"event_name":"Scrap Ooze","player_choice":"success","floor":12,"damage_taken":3},{"event_name":"Accursed Blacksmith","player_choice":"Ignore","floor":19,"damage_taken":0}],"boss_relics":[{"not_picked":["Calling Bell","Cursed Key"],"picked":"Empty Cage"}],"items_purged_floors":[7],"is_endless":false,"potions_floor_spawned":[8,10,11,16,20],"killed_by":"Slaver and Parasite","ascension_level":0}