{"gold_per_floor":[114,126,145,165,245,273,273,32,32,32,60,36,36,53,53,53,53],"floor_reached":17,"playtime":1230,"items_purged":[],"score":165,"play_id":"d550859e-853e-44c5-9579-10ee3f04dd35","local_time":"20190201141942","is_ascension_mode":false,"campfire_choices":[{"data":"Searing Blow","floor":7,"key":"SMITH"},{"floor":13,"key":"REST"},{"floor":15,"key":"REST"}],"neow_cost":"PERCENT_DAMAGE","seed_source_timestamp":1901261452465689,"circlet_count":0,"master_deck":["Strike_R","Strike_R","Strike_R","Strike_R","Defend_R","Defend_R","Defend_R","Defend_R","Bash","Immolate","Searing Blow+1","Anger","Twin Strike","Shrug It Off","Flame Barrier","Flame Barrier","Armaments","Iron Wave"],"relics":["Burning Blood","Strawberry","Membership Card","Question Card","Magic Flower"],"potions_floor_usage":[],"damage_taken":[{"damage":6,"enemies":"Jaw Worm","floor":1,"turns":3},{"damage":0,"enemies":"2 Louse","floor":2,"turns":1},{"damage":0,"enemies":"Cultist","floor":3,"turns":2},{"damage":10,"enemies":"Looter","floor":4,"turns":3},{"damage":35,"enemies":"3 Sentries","floor":6,"turns":7},{"damage":37,"enemies":"Lagavulin","floor":11,"turns":7},{"damage":0,"enemies":"Lots of Slimes","floor":14,"turns":1},{"damage":62,"enemies":"The Guardian","floor":16,"turns":13}],"seed_played":"5562928554327300072","potions_obtained":[{"floor":3,"key":"BloodPotion"},{"floor":4,"key":"LiquidBronze"},{"floor":11,"key":"Weak Potion"}],"is_trial":false,"path_per_floor":["M","M","M","M","?","E","R","$","T","?","E","$","R","M","R","B",null],"character_chosen":"IRONCLAD","items_purchased":["Membership Card","Flame Barrier","Iron Wave"],"campfire_rested":2,"item_purchase_floors":[8,8,12],"current_hp_per_floor":[56,62,68,64,64,42,42,42,42,42,11,11,37,46,72,19,19],"gold":53,"neow_bonus":"THREE_RARE_CARDS","is_prod":false,"is_daily":false,"chose_seed":false,"campfire_upgraded":1,"win_rate":0,"timestamp":1549052382,"path_taken":["M","M","M","M","?","E","R","$","T","?","E","$","R","?","R","BOSS"],"build_version":"2019-01-23","purchased_purges":0,"victory":false,"max_hp_per_floor":[80,80,80,80,80,87,87,87,87,87,87,87,87,87,87,87,87],"card_choices":[{"not_picked":["Feed","Impervious"],"picked":"Immolate","floor":0},{"not_picked":["Clothesline","Clash"],"picked":"Searing Blow","floor":1},{"not_picked":["Warcry","Seeing Red"],"picked":"Anger","floor":2},{"not_picked":["Armaments","Heavy Blade"],"picked":"Twin Strike","floor":3},{"not_picked":["Impervious","Searing Blow","Feel No Pain"],"picked":"SKIP","floor":4},{"not_picked":["Clothesline","Warcry"],"picked":"Shrug It Off","floor":6},{"not_picked":["Barricade","Twin Strike","Flex"],"picked":"Armaments","floor":11},{"not_picked":["Flex","Second Wind","Havoc","Warcry"],"picked":"SKIP","floor":14}],"player_experience":1109564,"relics_obtained":[{"floor":6,"key":"Strawberry"},{"floor":9,"key":"Question Card"},{"floor":11,"key":"Magic Flower"}],"event_choices":[{"damage_healed":0,"gold_gain":80,"player_choice":"Gained Gold","damage_taken":0,"max_hp_gain":0,"max_hp_loss":0,"event_name":"Golden Wing","floor":5,"gold_loss":0},{"damage_healed":0,"gold_gain":0,"cards_transformed":["Strike_R"],"player_choice":"Transformed","damage_taken":0,"max_hp_gain":0,"max_hp_loss":0,"event_name":"Transmorgrifier","floor":10,"gold_loss":0,"cards_obtained":["Flame Barrier"]}],"is_beta":false,"boss_relics":[],"items_purged_floors":[],"is_endless":false,"potions_floor_spawned":[3,4,11,14,16],"ascension_level":0}