{"gold_per_floor":[110,110,129,140,68,68,86,86,86,86,102,127,138,138,138,235,235,248,258,258,333,349,376,145,145],"floor_reached":25,"playtime":4848,"items_purged":[],"score":382,"play_id":"d0fb0a9b-fd3d-47aa-829e-cff8c3be694e","local_time":"20181109215822","is_ascension_mode":true,"campfire_choices":[{"data":"Biased Cognition","floor":6,"key":"SMITH"},{"data":"Zap","floor":8,"key":"SMITH"},{"data":"Dualcast","floor":10,"key":"SMITH"},{"floor":15,"key":"REST"}],"neow_cost":"NONE","seed_source_timestamp":0,"circlet_count":0,"master_deck":["Strike_B","Strike_B","Strike_B","Defend_B","Defend_B","Defend_B","Defend_B","Zap+1","Dualcast+1","Biased Cognition+1","Cold Snap","Doom and Gloom","Redo","Loop","Chill","Cold Snap","Redo","Ball Lightning","Multi-Cast","Steam Power","Glacier","Beam Cell","Cold Snap","Turbo","Go for the Eyes","FTL","Doom and Gloom","Auto Shields"],"special_seed":0,"relics":["Cracked Core","Dodecahedron","Girya","Mummified Hand","Orrery","Shuriken","Lantern"],"potions_floor_usage":[19,19],"damage_taken":[{"damage":8,"enemies":"Small Slimes","floor":1,"turns":2},{"damage":0,"enemies":"Cultist","floor":3,"turns":3},{"damage":0,"enemies":"Jaw Worm","floor":4,"turns":4},{"damage":2,"enemies":"3 Louse","floor":7,"turns":3},{"damage":12,"enemies":"Exordium Wildlife","floor":11,"turns":2},{"damage":9,"enemies":"Gremlin Nob","floor":12,"turns":3},{"damage":5,"enemies":"Red Slaver","floor":13,"turns":3},{"damage":0,"enemies":"Slime Boss","floor":16,"turns":4},{"damage":7,"enemies":"Shell Parasite","floor":18,"turns":6},{"damage":6,"enemies":"3 Byrds","floor":19,"turns":5},{"damage":22,"enemies":"Cultist and Chosen","floor":22,"turns":7},{"damage":30,"enemies":"Gremlin Leader","floor":23,"turns":8},{"damage":13,"enemies":"Snake Plant","floor":25,"turns":1}],"seed_played":"6242798586228523407","potions_obtained":[{"floor":4,"key":"Explosive Potion"},{"floor":7,"key":"FairyPotion"},{"floor":11,"key":"Regen Potion"},{"floor":16,"key":"SteroidPotion"}],"is_trial":false,"path_per_floor":["M","?","M","M","$","R","M","R","T","R","M","E","M","?","R","B",null,"M","M","?","?","M","E","$","M"],"character_chosen":"DEFECT","items_purchased":["Loop","Auto Shields","Lantern"],"campfire_rested":1,"item_purchase_floors":[5,24,24],"current_hp_per_floor":[60,60,60,60,60,60,58,58,58,58,46,37,32,20,42,42,67,60,54,54,47,25,7,7,0],"gold":145,"neow_bonus":"ONE_RANDOM_RARE_CARD","is_prod":false,"is_daily":false,"chose_seed":false,"campfire_upgraded":3,"win_rate":0,"timestamp":1541822302,"path_taken":["M","?","?","M","$","R","M","R","T","R","M","E","M","?","R","BOSS","M","M","?","?","?","E","$","M"],"build_version":"2018-11-08","purchased_purges":0,"victory":false,"max_hp_per_floor":[75,75,75,75,75,75,75,75,75,75,75,75,75,75,75,75,75,75,75,75,75,75,75,75,75],"card_choices":[{"not_picked":["Turbo","Force Field"],"picked":"Cold Snap","floor":1},{"not_picked":["Reinforced Body","Gash"],"picked":"Doom and Gloom","floor":3},{"not_picked":["Sunder","Compile Driver"],"picked":"Redo","floor":4},{"not_picked":["Hologram","Coolheaded"],"picked":"Chill","floor":7},{"not_picked":["Static Discharge","Sunder"],"picked":"Cold Snap","floor":11},{"not_picked":["Barrage","Sunder"],"picked":"Redo","floor":12},{"not_picked":["Stack","Barrage"],"picked":"Ball Lightning","floor":13},{"not_picked":["Hyperbeam","Meteor Strike"],"picked":"Multi-Cast","floor":16},{"not_picked":["Ball Lightning","Sweeping Beam"],"picked":"Steam Power","floor":17},{"not_picked":["Compile Driver","Redo"],"picked":"Glacier","floor":17},{"not_picked":["Redo","Reprogram"],"picked":"Beam Cell","floor":17},{"not_picked":["Coolheaded","Amplify"],"picked":"Cold Snap","floor":17},{"not_picked":["Conserve Battery","Go for the Eyes"],"picked":"Turbo","floor":17},{"not_picked":["Ball Lightning","Leap"],"picked":"Go for the Eyes","floor":18},{"not_picked":["Hello World+1","Storm","Redo"],"picked":"SKIP","floor":19},{"not_picked":["Stack","Streamline"],"picked":"FTL","floor":22},{"not_picked":["Hyperbeam","Gash"],"picked":"Doom and Gloom","floor":23}],"player_experience":973913,"relics_obtained":[{"floor":9,"key":"Dodecahedron"},{"floor":12,"key":"Girya"},{"floor":23,"key":"Shuriken"}],"event_choices":[{"cards_removed":["Strike_B"],"damage_healed":0,"gold_gain":0,"player_choice":"Purged","damage_taken":0,"max_hp_gain":0,"max_hp_loss":0,"event_name":"Purifier","floor":2,"gold_loss":0},{"damage_healed":0,"gold_gain":0,"player_choice":"Success","damage_taken":12,"relics_obtained":["Mummified Hand"],"max_hp_gain":0,"max_hp_loss":0,"event_name":"Scrap Ooze","floor":14,"gold_loss":0},{"damage_healed":0,"gold_gain":0,"player_choice":"Ignored","damage_taken":0,"max_hp_gain":0,"max_hp_loss":0,"event_name":"Vampires","floor":20,"gold_loss":0},{"damage_healed":0,"gold_gain":75,"player_choice":"Touch","damage_taken":7,"max_hp_gain":0,"max_hp_loss":0,"event_name":"FaceTrader","floor":21,"gold_loss":0}],"is_beta":false,"boss_relics":[{"not_picked":["Runic Pyramid","Snecko Eye"],"picked":"Orrery"}],"items_purged_floors":[],"is_endless":false,"potions_floor_spawned":[4,7,11,13,16],"killed_by":"Snake Plant","ascension_level":8}