{"gold_per_floor":[110,110,385,149,149,149,149,149,206,238,238,238,238,249,249,352,352,367,448,548,548,548],"floor_reached":22,"playtime":1006,"items_purged":["Regret"],"score":251,"play_id":"876f636b-9aa6-46d4-8d36-f478a6fb1332","local_time":"20181030133255","is_ascension_mode":true,"campfire_choices":[{"data":"Fusion","floor":6,"key":"SMITH"},{"data":"Zap","floor":8,"key":"SMITH"},{"data":"Meteor Strike","floor":13,"key":"SMITH"},{"data":"Dualcast","floor":15,"key":"SMITH"}],"neow_cost":"NONE","seed_source_timestamp":4155516320822952,"circlet_count":0,"master_deck":["Strike_B","Strike_B","Strike_B","Defend_B+1","Defend_B+1","Defend_B","Defend_B","Zap+1","Dualcast+1","Fusion+1","Meteor Strike+1","Compile Driver","BootSequence","Electrodynamics","Ball Lightning+1"],"relics":["Cracked Core","NeowsBlessing","Tiny Chest","Bronze Scales","Black Star","Kunai","Incense Burner","Molten Egg 2","Bag of Marbles"],"potions_floor_usage":[16,20,20,20],"damage_taken":[{"damage":0,"enemies":"Small Slimes","floor":1,"turns":1},{"damage":0,"enemies":"Gremlin Nob","floor":10,"turns":1},{"damage":0,"enemies":"Cultist","floor":14,"turns":1},{"damage":14,"enemies":"Slime Boss","floor":16,"turns":10},{"damage":9,"enemies":"Spheric Guardian","floor":18,"turns":4},{"damage":9,"enemies":"Colosseum Slavers","floor":20,"turns":2},{"damage":44,"enemies":"Colosseum Nobs","floor":20,"turns":3},{"damage":5,"enemies":"Shell Parasite","floor":22,"turns":4}],"seed_played":"531490908191015736","potions_obtained":[{"floor":1,"key":"Block Potion"},{"floor":7,"key":"Energy Potion"},{"floor":7,"key":"Energy Potion"},{"floor":18,"key":"Poison Potion"}],"is_trial":false,"path_per_floor":["M","?","?","$","?","R","?","R","T","E","?","$","R","M","R","B",null,"M","T","?","?"],"character_chosen":"DEFECT","items_purchased":["Meteor Strike"],"campfire_rested":0,"item_purchase_floors":[4],"current_hp_per_floor":[75,75,75,75,60,60,60,60,60,60,65,65,65,65,65,51,73,64,64,11,11,6],"gold":548,"neow_bonus":"THREE_ENEMY_KILL","is_prod":false,"is_daily":false,"chose_seed":false,"campfire_upgraded":4,"win_rate":0,"timestamp":1540924375,"path_taken":["M","?","?","$","?","R","?","R","T","E","?","$","R","M","R","BOSS","M","?","?","?","M"],"build_version":"2018-10-25v2","purchased_purges":1,"victory":false,"max_hp_per_floor":[75,75,75,75,75,75,75,75,75,75,80,80,80,80,80,80,80,80,80,80,80,80],"card_choices":[{"not_picked":["Rebound","Force Field"],"picked":"Fusion","floor":1},{"not_picked":["Stack","Hologram"],"picked":"Compile Driver","floor":10},{"not_picked":["Force Field","Steam"],"picked":"BootSequence","floor":14},{"not_picked":["Fission","Creative AI"],"picked":"Electrodynamics","floor":16},{"not_picked":["Doom and Gloom+1","Genetic Algorithm"],"picked":"Ball Lightning+1","floor":18},{"not_picked":["Coolheaded","Conserve Battery"],"picked":"Skim+1","floor":20}],"player_experience":898750,"relics_obtained":[{"floor":9,"key":"Tiny Chest"},{"floor":10,"key":"Bronze Scales"},{"floor":19,"key":"Kunai"},{"floor":20,"key":"Incense Burner"},{"floor":20,"key":"Molten Egg 2"}],"event_choices":[{"cards_removed":["Strike_B"],"damage_healed":0,"gold_gain":0,"player_choice":"Offered Basic","damage_taken":0,"max_hp_gain":0,"max_hp_loss":0,"event_name":"Bonfire Elementals","floor":2,"gold_loss":0},{"damage_healed":0,"gold_gain":275,"player_choice":"Desecrate","damage_taken":0,"max_hp_gain":0,"max_hp_loss":0,"event_name":"Golden Shrine","floor":3,"gold_loss":0,"cards_obtained":["Regret"]},{"damage_healed":0,"gold_gain":0,"player_choice":"Entered Light","damage_taken":15,"max_hp_gain":0,"max_hp_loss":0,"event_name":"Shining Light","floor":5,"gold_loss":0,"cards_upgraded":["Defend_B","Defend_B"]},{"damage_healed":0,"gold_gain":0,"player_choice":"Got Potions","damage_taken":0,"max_hp_gain":0,"max_hp_loss":0,"event_name":"The Lab","floor":7,"gold_loss":0},{"damage_healed":0,"gold_gain":0,"player_choice":"Donut","damage_taken":0,"max_hp_gain":5,"max_hp_loss":0,"event_name":"Big Fish","floor":11,"gold_loss":0},{"damage_healed":0,"gold_gain":0,"player_choice":"Fight","damage_taken":0,"max_hp_gain":0,"max_hp_loss":0,"event_name":"Colosseum","floor":20,"gold_loss":0},{"damage_healed":0,"gold_gain":0,"player_choice":"Fought Nobs","damage_taken":0,"max_hp_gain":0,"max_hp_loss":0,"event_name":"Colosseum","floor":20,"gold_loss":0},{"cards_removed":["Skim"],"damage_healed":0,"gold_gain":0,"player_choice":"Gave Card","damage_taken":0,"relics_obtained":["Bag of Marbles"],"max_hp_gain":0,"max_hp_loss":0,"event_name":"WeMeetAgain","floor":21,"gold_loss":0}],"is_beta":false,"boss_relics":[{"not_picked":["Calling Bell","White Beast Statue"],"picked":"Black Star"}],"items_purged_floors":[4],"is_endless":false,"potions_floor_spawned":[1,18,20],"killed_by":"Shell Parasite","ascension_level":5}