{"gold_per_floor":[119,119,131,145,145,145,179,179,179,179,194,229,248,264,264,365,415,432,446,274,324,243,272,272,288,288,288,322,322],"floor_reached":29,"playtime":1705,"items_purged":[],"score":298,"play_id":"d1c82f09-0923-44e0-adb0-2ebcebcedd5b","local_time":"20190314150522","is_ascension_mode":false,"campfire_choices":[{"data":"Redo","floor":6.0,"key":"SMITH"},{"data":"Redo","floor":8.0,"key":"SMITH"},{"data":"Ball Lightning","floor":10.0,"key":"SMITH"},{"data":"Redo","floor":15.0,"key":"SMITH"},{"data":"Zap","floor":24,"key":"SMITH"},{"data":"Skim","floor":27,"key":"SMITH"}],"neow_cost":"NONE","seed_source_timestamp":0,"circlet_count":0,"master_deck":["Strike_B","Strike_B+1","Strike_B","Strike_B","Defend_B","Defend_B","Defend_B","Defend_B","Zap+1","Dualcast","Redo+1","Redo+1","Ball Lightning+1","Leap","Redo+1","Tempest","Conserve Battery","Ball Lightning","Machine Learning","Redo","Fusion+1","Conserve Battery","Master of Strategy","Skim+1","Stack+1","Loop","Leap"],"special_seed":0,"relics":["Cracked Core","Symbiotic Virus","NlothsMask","Oddly Smooth Stone","Happy Flower","Tiny House","Question Card","Mercury Hourglass","Bronze Scales"],"potions_floor_usage":[23,29],"damage_taken":[{"damage":0.0,"enemies":"2 Louse","floor":1.0,"turns":2.0},{"damage":0.0,"enemies":"Cultist","floor":3.0,"turns":3.0},{"damage":3.0,"enemies":"Small Slimes","floor":4.0,"turns":2.0},{"damage":25.0,"enemies":"3 Sentries","floor":7.0,"turns":5.0},{"damage":4.0,"enemies":"Exordium Wildlife","floor":11.0,"turns":3.0},{"damage":14.0,"enemies":"Lagavulin","floor":12.0,"turns":4.0},{"damage":0.0,"enemies":"Looter","floor":13.0,"turns":2.0},{"damage":0.0,"enemies":"Large Slime","floor":14.0,"turns":3.0},{"damage":26.0,"enemies":"Slime Boss","floor":16.0,"turns":6.0},{"damage":4.0,"enemies":"2 Thieves","floor":18.0,"turns":4.0},{"damage":12.0,"enemies":"3 Byrds","floor":19.0,"turns":4.0},{"damage":27,"enemies":"Book of Stabbing","floor":23,"turns":4},{"damage":1,"enemies":"Shelled Parasite and Fungi","floor":25,"turns":4},{"damage":38,"enemies":"Slavers","floor":28,"turns":4},{"damage":0,"enemies":"Centurion and Healer","floor":29,"turns":1}],"seed_played":"5031789360388435608","potions_obtained":[{"floor":1.0,"key":"Ancient Potion"},{"floor":3.0,"key":"Swift Potion"},{"floor":13.0,"key":"FocusPotion"},{"floor":14.0,"key":"AttackPotion"},{"floor":17.0,"key":"AttackPotion"},{"floor":18.0,"key":"Ancient Potion"},{"floor":28,"key":"PowerPotion"}],"is_trial":false,"path_per_floor":["M","?","M","M","?","R","E","R","T","R","M","E","M","M","R","B",null,"M","M","$","?","$","E","R","M","T","R","E","M"],"character_chosen":"DEFECT","items_purchased":["Master of Strategy","Skim"],"campfire_rested":0,"item_purchase_floors":[20,22],"current_hp_per_floor":[82,75,75,72,72,72,47,47,47,47,43,29,29,29,29,3,87,83,71,71,71,71,44,44,43,43,43,5,5],"gold":322,"neow_bonus":"TEN_PERCENT_HP_BONUS","is_prod":false,"is_daily":false,"chose_seed":false,"campfire_upgraded":6,"win_rate":0,"timestamp":1552593922,"path_taken":["M","?","M","M","?","R","E","R","T","R","M","E","M","M","R","BOSS","M","M","$","?","$","E","R","M","T","R","E","?"],"build_version":"2019-01-23","purchased_purges":0,"victory":false,"max_hp_per_floor":[82,82,82,82,82,82,82,82,82,82,82,82,82,82,82,82,87,87,87,87,87,87,87,87,87,87,87,87,87],"card_choices":[{"not_picked":["Reinforced Body","Skim"],"picked":"Redo","floor":1.0},{"not_picked":["Skim","Scrape"],"picked":"Redo","floor":3.0},{"not_picked":["Beam Cell","Leap"],"picked":"Ball Lightning","floor":4.0},{"not_picked":["Recycle","Heatsinks"],"picked":"Leap","floor":7.0},{"not_picked":["Turbo","Reboot"],"picked":"Redo","floor":11.0},{"not_picked":["Streamline","Multi-Cast"],"picked":"Tempest","floor":12.0},{"not_picked":["Turbo","Streamline"],"picked":"Conserve Battery","floor":13.0},{"not_picked":["Compile Driver","Undo"],"picked":"Ball Lightning","floor":14.0},{"not_picked":["Thunder Strike","Biased Cognition"],"picked":"Machine Learning","floor":16.0},{"not_picked":["Stack","Hello World"],"picked":"Redo","floor":17.0},{"not_picked":["Sweeping Beam","Turbo"],"picked":"Fusion+1","floor":18.0},{"not_picked":["Genetic Algorithm+1","White Noise"],"picked":"Conserve Battery","floor":19.0},{"not_picked":["Turbo","Go for the Eyes"],"picked":"Stack+1","floor":23},{"not_picked":["Gash+1","Streamline+1","Rebound"],"picked":"Loop","floor":25},{"not_picked":["Ball Lightning+1","Barrage","Sweeping Beam"],"picked":"Leap","floor":28}],"player_experience":1174334,"relics_obtained":[{"floor":7.0,"key":"Oddly Smooth Stone"},{"floor":12.0,"key":"Happy Flower"},{"floor":23,"key":"Question Card"},{"floor":26,"key":"Mercury Hourglass"},{"floor":28,"key":"Bronze Scales"}],"event_choices":[{"damage_healed":0.0,"max_hp_gain":0.0,"max_hp_loss":0.0,"gold_gain":0.0,"event_name":"Scrap Ooze","player_choice":"Success","floor":2.0,"gold_loss":0.0,"damage_taken":7.0,"relics_obtained":["Symbiotic Virus"]},{"damage_healed":0.0,"max_hp_gain":0.0,"max_hp_loss":0.0,"gold_gain":0.0,"event_name":"FaceTrader","player_choice":"Trade","floor":5.0,"gold_loss":0.0,"damage_taken":0.0,"relics_obtained":["NlothsMask"]},{"damage_healed":0.0,"max_hp_gain":0.0,"max_hp_loss":0.0,"gold_gain":100.0,"event_name":"The Joust","player_choice":"Bet on Murderer","floor":21.0,"gold_loss":50.0,"damage_taken":0.0}],"is_beta":false,"boss_relics":[{"not_picked":["Philosopher\u0027s Stone","Coffee Dripper"],"picked":"Tiny House"}],"items_purged_floors":[],"is_endless":false,"potions_floor_spawned":[1,3,13,14,18,28],"killed_by":"Centurion and Healer","ascension_level":0}