{"gold_per_floor":[111,111,126,138,138,173,173,138,138,158,189,207,226,238,238,335,335,335,52,52,52,52],"floor_reached":22,"playtime":1930,"items_purged":["Underhanded Strike"],"score":332,"play_id":"03edfa09-6b52-4185-b388-a69b2bddbe39","local_time":"20190405192210","is_ascension_mode":true,"campfire_choices":[{"data":"Predator","floor":7.0,"key":"SMITH"},{"data":"Choke","floor":15.0,"key":"SMITH"}],"neow_cost":"NONE","seed_source_timestamp":0,"circlet_count":0,"master_deck":["AscendersBane","Defend_G","Defend_G","Defend_G","Defend_G","Defend_G","Strike_G","Strike_G","Strike_G","Strike_G","Survivor","Neutralize","Choke+1","Predator+1","Dash","Noxious Fumes","Cloak And Dagger","Flying Knee","Night Terror","Dagger Throw","Noxious Fumes","Venomology","Caltrops+1","Flying Knee+1","Sucker Punch"],"special_seed":0,"relics":["Velvet Choker","Pear","Darkstone Periapt","Omamori","Ectoplasm","Lee\u0027s Waffle","The Specimen","Bottled Lightning"],"potions_floor_usage":[20,20,20,22,22,22],"damage_taken":[{"damage":0.0,"enemies":"Small Slimes","floor":1.0,"turns":4.0},{"damage":0.0,"enemies":"Cultist","floor":3.0,"turns":3.0},{"damage":2.0,"enemies":"Jaw Worm","floor":4.0,"turns":4.0},{"damage":24.0,"enemies":"Lagavulin","floor":6.0,"turns":6.0},{"damage":4.0,"enemies":"Exordium Thugs","floor":10.0,"turns":4.0},{"damage":8.0,"enemies":"Gremlin Nob","floor":11.0,"turns":4.0},{"damage":0.0,"enemies":"Blue Slaver","floor":12.0,"turns":3.0},{"damage":1.0,"enemies":"2 Fungi Beasts","floor":13.0,"turns":2.0},{"damage":7.0,"enemies":"Red Slaver","floor":14.0,"turns":4.0},{"damage":23.0,"enemies":"Slime Boss","floor":16.0,"turns":8.0},{"damage":7.0,"enemies":"Chosen","floor":18.0,"turns":5.0},{"damage":3,"enemies":"Colosseum Slavers","floor":20,"turns":4},{"damage":59,"enemies":"Colosseum Nobs","floor":20,"turns":5},{"damage":25,"enemies":"Shell Parasite","floor":21,"turns":5},{"damage":7,"enemies":"3 Cultists","floor":22,"turns":3}],"seed_played":"-1897173580712139705","potions_obtained":[{"floor":1.0,"key":"SkillPotion"},{"floor":10.0,"key":"Block Potion"},{"floor":11.0,"key":"SneckoOil"},{"floor":13.0,"key":"Poison Potion"},{"floor":21,"key":"AttackPotion"}],"is_trial":false,"path_per_floor":["M","?","M","M","?","E","R","$","T","M","E","M","M","M","R","B",null,"M","$","?","M","M"],"character_chosen":"THE_SILENT","items_purchased":["Noxious Fumes","Lee\u0027s Waffle"],"campfire_rested":0,"item_purchase_floors":[8,19],"current_hp_per_floor":[63,63,63,61,66,52,52,52,52,48,40,40,39,32,32,9,66,59,92,30,5,10],"gold":52,"neow_bonus":"BOSS_RELIC","is_prod":false,"is_daily":false,"chose_seed":false,"campfire_upgraded":2,"win_rate":0,"timestamp":1554510130,"path_taken":["M","?","?","M","?","E","R","?","T","M","E","M","?","M","R","BOSS","M","$","?","M","M"],"build_version":"2019-01-23","purchased_purges":1,"victory":false,"max_hp_per_floor":[70,70,70,70,75,85,85,85,85,85,85,85,85,85,85,85,85,85,92,92,92,92],"card_choices":[{"not_picked":["Dagger Spray","PiercingWail"],"picked":"Choke","floor":1.0},{"not_picked":["Blade Dance","Outmaneuver"],"picked":"Underhanded Strike","floor":3.0},{"not_picked":["Tactician","Acrobatics"],"picked":"Predator","floor":4.0},{"not_picked":["Eviscerate","Catalyst"],"picked":"Dash","floor":6.0},{"not_picked":["All Out Attack","Acrobatics"],"picked":"Cloak And Dagger","floor":10.0},{"not_picked":["Acrobatics","Slice"],"picked":"Flying Knee","floor":11.0},{"not_picked":["Blade Dance","Terror"],"picked":"Night Terror","floor":12.0},{"not_picked":["Endless Agony","Cloak And Dagger"],"picked":"Dagger Throw","floor":13.0},{"not_picked":["Slice","Dodge and Roll"],"picked":"Noxious Fumes","floor":14.0},{"not_picked":["Grand Finale","Wraith Form v2"],"picked":"Venomology","floor":16.0},{"not_picked":["Deflect","Prepared"],"picked":"Caltrops+1","floor":18.0},{"not_picked":["Backstab","Acrobatics"],"picked":"Flying Knee+1","floor":20},{"not_picked":["Blade Dance","Outmaneuver"],"picked":"Sucker Punch","floor":21}],"player_experience":1319959,"relics_obtained":[{"floor":6.0,"key":"Pear"},{"floor":9.0,"key":"Darkstone Periapt"},{"floor":11.0,"key":"Omamori"},{"floor":20,"key":"The Specimen"},{"floor":20,"key":"Bottled Lightning"}],"event_choices":[{"cards_removed":["Strike_G"],"damage_healed":0.0,"max_hp_gain":0.0,"max_hp_loss":0.0,"gold_gain":0.0,"event_name":"Bonfire Elementals","player_choice":"Offered Basic","floor":2.0,"gold_loss":0.0,"damage_taken":0.0},{"damage_healed":0.0,"max_hp_gain":5.0,"max_hp_loss":0.0,"gold_gain":0.0,"event_name":"Big Fish","player_choice":"Donut","floor":5.0,"gold_loss":0.0,"damage_taken":0.0},{"damage_healed":0,"gold_gain":0,"player_choice":"Fight","damage_taken":0,"max_hp_gain":0,"max_hp_loss":0,"event_name":"Colosseum","floor":20,"gold_loss":0},{"damage_healed":0,"gold_gain":0,"player_choice":"Fought Nobs","damage_taken":0,"max_hp_gain":0,"max_hp_loss":0,"event_name":"Colosseum","floor":20,"gold_loss":0}],"is_beta":false,"boss_relics":[{"not_picked":["WristBlade","Empty Cage"],"picked":"Ectoplasm"}],"items_purged_floors":[19],"is_endless":false,"potions_floor_spawned":[1,10,11,13,21],"killed_by":"3 Cultists","ascension_level":11}