{"gold_per_floor":[116,132,132,40,40,40,55,55,55,5,24,37,71,87,87,183,183,200,200,200,213,115,140,151,168,168,168,181,181,181,199,199,199],"floor_reached":33,"playtime":1959,"items_purged":["Strike_R"],"score":282,"play_id":"1faaaffa-594c-4165-90cd-586dfc4080e0","local_time":"20180727115012","is_ascension_mode":true,"campfire_choices":[{"data":"Swift Strike","floor":6,"key":"SMITH"},{"data":"Searing Blow","floor":15,"key":"SMITH"},{"floor":27,"key":"REST"},{"data":"Perfected Strike","floor":30,"key":"SMITH"},{"data":"Fiend Fire","floor":32,"key":"SMITH"}],"neow_cost":"TEN_PERCENT_HP_LOSS","seed_source_timestamp":2662639818775144,"circlet_count":0,"master_deck":["Strike_R","Strike_R","Strike_R","Defend_R","Defend_R","Defend_R","Fiend Fire+1","Perfected Strike+1","Swift Strike+1","Armaments","Flex","Cleave","Battle Trance","Pommel Strike+1","Writhe","Wild Strike","Thunderclap+1","Armaments","Immolate","Shrug It Off+1","Pommel Strike","Thunderclap+1"],"relics":["Burning Blood","Gremlin Horn","Magic Flower","Black Star","Centennial Puzzle","Meat on the Bone","Dodecahedron","Red Skull"],"potions_floor_usage":[12,13,16,21,24,24,33],"damage_taken":[{"damage":0,"enemies":"2 Louse","floor":1,"turns":2},{"damage":0,"enemies":"Small Slimes","floor":2,"turns":2},{"damage":0,"enemies":"Cultist","floor":7,"turns":2},{"damage":7,"enemies":"2 Fungi Beasts","floor":11,"turns":3},{"damage":0,"enemies":"Large Slime","floor":12,"turns":2},{"damage":6,"enemies":"Gremlin Nob","floor":13,"turns":3},{"damage":12,"enemies":"Exordium Thugs","floor":14,"turns":3},{"damage":52,"enemies":"Slime Boss","floor":16,"turns":9},{"damage":0,"enemies":"Chosen","floor":18,"turns":4},{"damage":15,"enemies":"2 Thieves","floor":21,"turns":3},{"damage":40,"enemies":"Slavers","floor":23,"turns":5},{"damage":29,"enemies":"Snake Plant","floor":24,"turns":4},{"damage":14,"enemies":"Centurion and Healer","floor":25,"turns":4},{"damage":5,"enemies":"Sentry and Sphere","floor":28,"turns":3},{"damage":16,"enemies":"Snake Plant","floor":31,"turns":2},{"damage":73,"enemies":"Automaton","floor":33,"turns":8}],"seed_played":"1188594467660158569","potions_obtained":[{"floor":2,"key":"Dexterity Potion"},{"floor":7,"key":"SteroidPotion"},{"floor":11,"key":"AttackPotion"},{"floor":14,"key":"Explosive Potion"},{"floor":18,"key":"PowerPotion"},{"floor":23,"key":"Energy Potion"},{"floor":24,"key":"Explosive Potion"}],"is_trial":false,"path_per_floor":["M","M","?","$","?","R","M","$","T","?","M","M","E","M","R","B",null,"M","?","?","M","$","E","M","M","T","R","M","?","R","M","R"],"character_chosen":"IRONCLAD","items_purchased":["Swift Strike","Armaments"],"campfire_rested":1,"item_purchase_floors":[4,22],"current_hp_per_floor":[72,72,65,65,65,65,71,71,71,71,70,72,72,69,69,26,72,72,72,72,66,66,35,33,46,46,67,71,71,71,64,64,0],"gold":199,"neow_bonus":"THREE_RARE_CARDS","is_prod":false,"is_daily":false,"chose_seed":false,"campfire_upgraded":4,"win_rate":0,"timestamp":1532710212,"path_taken":["M","M","?","$","?","R","M","?","T","?","M","M","E","?","R","BOSS","M","?","?","M","$","E","?","M","T","R","?","?","R","M","R","BOSS"],"build_version":"2018-07-26","purchased_purges":1,"victory":false,"max_hp_per_floor":[72,72,72,72,72,72,72,72,72,72,72,72,72,72,72,72,72,72,72,72,72,72,72,72,72,72,72,72,72,72,72,72,72],"card_choices":[{"not_picked":["Double Tap","Impervious"],"picked":"Fiend Fire","floor":0},{"not_picked":["Clash","Shrug It Off"],"picked":"Perfected Strike","floor":1},{"not_picked":["Hemokinesis","Corruption"],"picked":"Searing Blow","floor":2},{"not_picked":["Hemokinesis","Uppercut"],"picked":"Armaments","floor":7},{"not_picked":["Warcry","Clothesline"],"picked":"Flex","floor":11},{"not_picked":["Blood for Blood","Bloodletting","Second Wind"],"picked":"SKIP","floor":12},{"not_picked":["Clothesline","Combust"],"picked":"Cleave","floor":13},{"not_picked":["Feel No Pain","Bloodletting"],"picked":"Battle Trance","floor":14},{"not_picked":["Dual Wield","Perfected Strike"],"picked":"Pommel Strike+1","floor":18},{"not_picked":["Heavy Blade","Sentinel+1"],"picked":"Thunderclap+1","floor":21},{"not_picked":["Thunderclap","Cleave"],"picked":"Immolate","floor":23},{"not_picked":["Havoc+1","Battle Trance+1"],"picked":"Shrug It Off+1","floor":24},{"not_picked":["Iron Wave","True Grit"],"picked":"Pommel Strike","floor":25},{"not_picked":["Shockwave","Clothesline"],"picked":"Thunderclap+1","floor":28},{"not_picked":["Anger+1","Entrench+1","Corruption+1"],"picked":"SKIP","floor":31}],"player_experience":354855,"relics_obtained":[{"floor":9,"key":"Gremlin Horn"},{"floor":13,"key":"Magic Flower"},{"floor":23,"key":"Meat on the Bone"},{"floor":23,"key":"Dodecahedron"},{"floor":26,"key":"Red Skull"}],"event_choices":[{"event_name":"Golden Wing","player_choice":"Card Removal","floor":3,"damage_taken":0},{"event_name":"Purifier","player_choice":"One Purge","floor":5,"damage_taken":0},{"event_name":"The Cleric","player_choice":"Card Removal","floor":10,"damage_taken":0},{"event_name":"The Mausoleum","player_choice":"Yes","floor":19,"damage_taken":0},{"event_name":"The Library","player_choice":"Read","floor":20,"damage_taken":0},{"event_name":"Purifier","player_choice":"One Purge","floor":29,"damage_taken":0}],"is_beta":false,"boss_relics":[{"not_picked":["Tiny House","Velvet Choker"],"picked":"Black Star"}],"items_purged_floors":[22],"is_endless":false,"potions_floor_spawned":[2,7,11,14,18,23,24],"killed_by":"Automaton","ascension_level":1}