{"gold_per_floor":[119,119,133,158,171,195,211,211,236,236,249,272,46,59,59,190,190,208,208,188,198,216,216,229,229,268,280,318,330,60,70,70,70],"floor_reached":33,"playtime":2694,"items_purged":["Night Terror"],"score":263,"play_id":"b070f6d0-5d0b-4392-8848-1f202728e6e5","local_time":"20190529153100","is_ascension_mode":false,"campfire_choices":[{"data":"Cloak And Dagger","floor":8.0,"key":"SMITH"},{"floor":15.0,"key":"REST"},{"data":"Dagger Spray","floor":23.0,"key":"SMITH"},{"data":"Dodge and Roll","floor":27.0,"key":"SMITH"},{"data":"Backflip","floor":29.0,"key":"SMITH"},{"floor":32.0,"key":"REST"}],"neow_cost":"NONE","seed_source_timestamp":159683866482084,"circlet_count":0,"master_deck":["Defend_G","Defend_G","Defend_G","Defend_G","Defend_G","Strike_G","Strike_G","Strike_G","Strike_G","Survivor","Neutralize","Cloak And Dagger+1","Dagger Spray+1","Deadly Poison","Backflip+1","Dodge and Roll+1","Bane","Outmaneuver","PiercingWail"],"special_seed":0,"relics":["Ring of the Snake","Bloody Idol","Dream Catcher","Vajra","Busted Crown","MawBank","Orichalcum","Bronze Scales","Letter Opener"],"potions_floor_usage":[33,33],"damage_taken":[{"damage":1.0,"enemies":"Jaw Worm","floor":1.0,"turns":7.0},{"damage":2.0,"enemies":"Cultist","floor":3.0,"turns":5.0},{"damage":0.0,"enemies":"Small Slimes","floor":4.0,"turns":5.0},{"damage":7.0,"enemies":"Red Slaver","floor":5.0,"turns":6.0},{"damage":9.0,"enemies":"Exordium Thugs","floor":6.0,"turns":6.0},{"damage":20.0,"enemies":"Exordium Wildlife","floor":7.0,"turns":7.0},{"damage":4.0,"enemies":"Red Slaver","floor":11.0,"turns":4.0},{"damage":1.0,"enemies":"Blue Slaver","floor":12.0,"turns":4.0},{"damage":0.0,"enemies":"Large Slime","floor":14.0,"turns":4.0},{"damage":18.0,"enemies":"The Guardian","floor":16.0,"turns":12.0},{"damage":9.0,"enemies":"Spheric Guardian","floor":18.0,"turns":5.0},{"damage":2.0,"enemies":"2 Thieves","floor":21.0,"turns":3.0},{"damage":4.0,"enemies":"Snecko","floor":22.0,"turns":6.0},{"damage":28.0,"enemies":"Sentry and Sphere","floor":24.0,"turns":7.0},{"damage":43.0,"enemies":"Book of Stabbing","floor":28.0,"turns":9.0},{"damage":14.0,"enemies":"Shelled Parasite and Fungi","floor":31.0,"turns":5.0},{"damage":56,"enemies":"Champ","floor":33,"turns":12}],"seed_played":"2378862255593196405","potions_obtained":[{"floor":1.0,"key":"Dexterity Potion"},{"floor":3.0,"key":"AttackPotion"},{"floor":6.0,"key":"Explosive Potion"},{"floor":7.0,"key":"SteroidPotion"},{"floor":12.0,"key":"Dexterity Potion"},{"floor":20.0,"key":"SteroidPotion"},{"floor":24.0,"key":"SmokeBomb"},{"floor":28.0,"key":"PowerPotion"},{"floor":31.0,"key":"Weak Potion"}],"is_trial":false,"path_per_floor":["M","?","M","M","M","M","M","R","T","?","M","M","$","M","R","B",null,"M","?","?","M","M","R","M","T","T","R","E","R","$","M","R","B"],"character_chosen":"THE_SILENT","items_purchased":["Vajra","Letter Opener","PiercingWail"],"campfire_rested":2,"item_purchase_floors":[13,30,30],"current_hp_per_floor":[76,71,69,69,62,53,33,33,33,33,29,28,28,28,49,31,71,62,62,62,70,71,71,48,48,58,63,30,35,40,31,52,0],"gold":70,"neow_bonus":"TEN_PERCENT_HP_BONUS","is_prod":false,"is_daily":false,"chose_seed":false,"campfire_upgraded":4,"win_rate":0,"timestamp":1559136660,"path_taken":["M","?","M","M","M","M","M","R","T","?","M","M","$","M","R","BOSS","M","?","?","M","M","R","?","?","T","R","E","R","?","M","R","BOSS"],"build_version":"2019-01-23","purchased_purges":1,"victory":false,"max_hp_per_floor":[77,71,71,71,71,71,71,71,71,71,71,71,71,71,71,71,71,71,71,71,71,71,71,71,71,71,71,71,71,71,71,71,71],"card_choices":[{"not_picked":["Calculated Gamble","Acrobatics","Finisher"],"picked":"SKIP","floor":1.0},{"not_picked":["Backflip","Well Laid Plans","Deadly Poison"],"picked":"SKIP","floor":3.0},{"not_picked":["Distraction","Underhanded Strike","Prepared"],"picked":"SKIP","floor":4.0},{"not_picked":["Noxious Fumes","Dagger Spray","Dodge and Roll"],"picked":"SKIP","floor":5.0},{"not_picked":["Acrobatics","Leg Sweep","Backflip"],"picked":"SKIP","floor":6.0},{"not_picked":["Dagger Throw","Distraction"],"picked":"Cloak And Dagger","floor":7.0},{"not_picked":["Deflect","Envenom"],"picked":"Dagger Spray","floor":11.0},{"not_picked":["Endless Agony","Underhanded Strike"],"picked":"Deadly Poison","floor":12.0},{"not_picked":["Finisher","Expertise"],"picked":"Backflip","floor":14.0},{"not_picked":["Dagger Throw","Riddle With Holes"],"picked":"Dodge and Roll","floor":15.0},{"not_picked":["Underhanded Strike"],"picked":"SKIP","floor":18.0},{"not_picked":[],"picked":"Bane","floor":21.0},{"not_picked":[],"picked":"Outmaneuver","floor":22.0},{"not_picked":["Prepared"],"picked":"SKIP","floor":24.0},{"not_picked":["Distraction"],"picked":"SKIP","floor":28.0},{"not_picked":["Catalyst+1"],"picked":"SKIP","floor":31.0}],"player_experience":355092,"relics_obtained":[{"floor":9.0,"key":"Dream Catcher"},{"floor":25.0,"key":"MawBank"},{"floor":26.0,"key":"Orichalcum"},{"floor":28.0,"key":"Bronze Scales"}],"event_choices":[{"damage_healed":0.0,"max_hp_gain":0.0,"max_hp_loss":6.0,"gold_gain":0.0,"event_name":"Golden Idol","player_choice":"Lose Max HP","floor":2.0,"gold_loss":0.0,"damage_taken":0.0,"relics_obtained":["Golden Idol"]},{"damage_healed":0.0,"max_hp_gain":0.0,"max_hp_loss":0.0,"gold_gain":0.0,"cards_transformed":["Strike_G"],"event_name":"Transmorgrifier","player_choice":"Transformed","floor":10.0,"gold_loss":0.0,"damage_taken":0.0,"cards_obtained":["Night Terror"]},{"damage_healed":0.0,"max_hp_gain":0.0,"max_hp_loss":0.0,"gold_gain":0.0,"event_name":"Forgotten Altar","player_choice":"Gave Idol","floor":19.0,"relics_lost":["Golden Idol"],"gold_loss":0.0,"damage_taken":0.0,"relics_obtained":["Bloody Idol"]},{"damage_healed":0.0,"max_hp_gain":0.0,"max_hp_loss":0.0,"gold_gain":0.0,"event_name":"The Woman in Blue","player_choice":"Bought 1 Potion","floor":20.0,"gold_loss":0.0,"damage_taken":0.0}],"is_beta":false,"boss_relics":[{"not_picked":["WristBlade","Empty Cage"],"picked":"Busted Crown"}],"items_purged_floors":[13],"is_endless":false,"potions_floor_spawned":[1,3,6,7,12,24,28,31],"killed_by":"Champ","ascension_level":0}