{"gold_per_floor":[116,127,138,157,107,137,152,152,152,152,163,163,163,181,181,281,281,292,217,235,255,255,255,286,304,304,403,403,403,403,413,413,413],"floor_reached":33,"playtime":2834,"items_purged":["Strike_G"],"score":269,"play_id":"4d97f0fe-919e-41e6-80d7-fafe8e1c539d","local_time":"20180715220205","is_ascension_mode":false,"campfire_choices":[{"floor":8,"key":"REST"},{"floor":10,"key":"REST"},{"floor":13,"key":"REST"},{"floor":15,"key":"REST"},{"floor":23,"key":"REST"},{"floor":28,"key":"REST"},{"data":"Noxious Fumes","floor":30,"key":"SMITH"},{"floor":32,"key":"REST"}],"neow_cost":"NONE","seed_source_timestamp":42894810193559,"circlet_count":0,"master_deck":["Defend_G","Defend_G","Defend_G","Defend_G","Defend_G","Strike_G","Strike_G","Strike_G","Survivor","Neutralize","Blade Dance","Deflect","Dagger Throw","Dagger Spray","Noxious Fumes+1","Dash","Blur","Decay","Poisoned Stab","Adrenaline","Deadly Poison","Acrobatics+1","Deadly Poison","Writhe","Predator","Dagger Throw","Sucker Punch"],"relics":["Ring of the Snake","Snake Skull","Blood Vial","Strawberry","Lizard Tail","Omamori","Letter Opener","Smiling Mask"],"potions_floor_usage":[6,6,7,24,24,33],"damage_taken":[{"damage":0,"enemies":"Cultist","floor":1,"turns":4},{"damage":3,"enemies":"Small Slimes","floor":2,"turns":3},{"damage":0,"enemies":"2 Louse","floor":3,"turns":4},{"damage":3,"enemies":"2 Fungi Beasts","floor":4,"turns":4},{"damage":40,"enemies":"Lagavulin","floor":6,"turns":15},{"damage":15,"enemies":"Exordium Thugs","floor":7,"turns":4},{"damage":0,"enemies":"Gremlin Gang","floor":11,"turns":4},{"damage":10,"enemies":"2 Fungi Beasts","floor":14,"turns":4},{"damage":65,"enemies":"The Guardian","floor":16,"turns":11},{"damage":13,"enemies":"3 Byrds","floor":18,"turns":5},{"damage":6,"enemies":"Spheric Guardian","floor":20,"turns":5},{"damage":17,"enemies":"Snecko","floor":21,"turns":5},{"damage":61,"enemies":"Slavers","floor":24,"turns":7},{"damage":27,"enemies":"Cultist and Chosen","floor":25,"turns":10},{"damage":26,"enemies":"Centurion and Healer","floor":31,"turns":5},{"damage":85,"enemies":"Champ","floor":33,"turns":12}],"seed_played":"7225999342931415828","potions_obtained":[{"floor":1,"key":"SkillPotion"},{"floor":2,"key":"Dexterity Potion"},{"floor":6,"key":"SkillPotion"},{"floor":16,"key":"SpeedPotion"},{"floor":21,"key":"EssenceOfSteel"},{"floor":25,"key":"PowerPotion"}],"is_trial":false,"path_per_floor":["M","M","M","M","?","E","M","R","T","R","M","?","R","M","R","B",null,"M","$","M","M","?","R","E","M","T","?","R","?","R","M","R"],"character_chosen":"THE_SILENT","items_purchased":[],"campfire_rested":7,"item_purchase_floors":[],"current_hp_per_floor":[70,67,67,64,64,24,11,32,39,62,64,64,77,67,77,12,77,64,64,60,45,45,68,9,24,24,24,47,72,72,48,71,0],"gold":413,"neow_bonus":"RANDOM_COMMON_RELIC","is_prod":false,"is_daily":false,"chose_seed":false,"campfire_upgraded":1,"win_rate":0.0,"timestamp":1531717325,"path_taken":["M","M","?","M","?","E","M","R","T","R","M","?","R","M","R","BOSS","M","$","M","M","?","R","E","?","T","?","R","?","R","M","R","BOSS"],"build_version":"2018-07-12","purchased_purges":1,"victory":false,"max_hp_per_floor":[70,70,70,70,70,70,70,70,77,77,77,77,77,77,77,77,77,77,77,77,77,77,77,77,77,77,77,77,77,77,77,77,77],"card_choices":[{"not_picked":["Bane","Acrobatics"],"picked":"Blade Dance","floor":1},{"not_picked":["Escape Plan","Sucker Punch"],"picked":"Deflect","floor":2},{"not_picked":["Footwork","Calculated Gamble"],"picked":"Dagger Throw","floor":3},{"not_picked":["Eviscerate","Slice"],"picked":"Dagger Spray","floor":4},{"not_picked":["Escape Plan","Well Laid Plans"],"picked":"Noxious Fumes","floor":6},{"not_picked":["Blade Dance","Underhanded Strike"],"picked":"Dash","floor":7},{"not_picked":["Dagger Spray","Bane"],"picked":"Blur","floor":11},{"not_picked":["Sucker Punch","Backflip"],"picked":"Poisoned Stab","floor":14},{"not_picked":["Tactician","Venomology"],"picked":"Adrenaline","floor":16},{"not_picked":["Deflect","Poisoned Stab"],"picked":"Deadly Poison","floor":18},{"not_picked":["Caltrops","Blur+1"],"picked":"Acrobatics+1","floor":20},{"not_picked":["Malaise","Calculated Gamble"],"picked":"Deadly Poison","floor":21},{"not_picked":["Expertise","Outmaneuver"],"picked":"Predator","floor":24},{"not_picked":["Footwork+1","Heel Hook"],"picked":"Dagger Throw","floor":25},{"not_picked":["Reflex","Distraction"],"picked":"Sucker Punch","floor":31}],"player_experience":33526,"relics_obtained":[{"floor":6,"key":"Blood Vial"},{"floor":9,"key":"Strawberry"},{"floor":24,"key":"Letter Opener"},{"floor":26,"key":"Smiling Mask"}],"event_choices":[{"event_name":"The Cleric","player_choice":"Card Removal","floor":5,"damage_taken":0},{"event_name":"Wheel of Change","player_choice":"Curse","floor":12,"damage_taken":0},{"event_name":"The Mausoleum","player_choice":"Yes","floor":22,"damage_taken":0},{"event_name":"Nest","player_choice":"Stole From Cult","floor":27,"damage_taken":0},{"event_name":"The Library","player_choice":"Heal","floor":29,"damage_taken":0}],"boss_relics":[{"not_picked":["Empty Cage","Ring of the Serpent"],"picked":"Lizard Tail"}],"items_purged_floors":[19],"is_endless":false,"potions_floor_spawned":[1,2,6,16,21,25],"killed_by":"Champ","ascension_level":0}