{"gold_per_floor":[112,62,81,91,110,110,141,151,151,151,151,180,194,223,223,327,327,345,345,86,97,97],"floor_reached":22,"playtime":1254,"items_purged":[],"score":380,"play_id":"d0fd3910-219c-4ca6-8edd-4183c875e555","local_time":"20180928150630","is_ascension_mode":true,"campfire_choices":[{"data":"Perfected Strike","floor":6,"key":"SMITH"},{"data":"Perfected Strike","floor":11,"key":"SMITH"},{"floor":15,"key":"REST"}],"neow_cost":"","seed_source_timestamp":1395907335224183,"circlet_count":0,"master_deck":["Defend_R","Defend_R","Defend_R","Defend_R","Bash","AscendersBane","Pommel Strike","Perfected Strike","Headbutt","Perfected Strike+1","Perfected Strike+1","Impatience","Fiend Fire","Shrug It Off","Thunderclap","Demon Form+1","Perfected Strike","Bite","Bite","Bite","Bite","Bite","Rage"],"relics":["Burning Blood","Question Card","Paper Frog","Mercury Hourglass","Frozen Egg 2","Busted Crown","Pantograph"],"potions_floor_usage":[7,16,21,21],"damage_taken":[{"damage":8,"enemies":"Small Slimes","floor":1,"turns":3},{"damage":0,"enemies":"2 Louse","floor":3,"turns":3},{"damage":0,"enemies":"Cultist","floor":4,"turns":2},{"damage":0,"enemies":"Large Slime","floor":5,"turns":5},{"damage":40,"enemies":"3 Sentries","floor":7,"turns":8},{"damage":9,"enemies":"Red Slaver","floor":8,"turns":2},{"damage":18,"enemies":"Gremlin Nob","floor":12,"turns":3},{"damage":3,"enemies":"Blue Slaver","floor":13,"turns":2},{"damage":10,"enemies":"3 Sentries","floor":14,"turns":4},{"damage":60,"enemies":"The Guardian","floor":16,"turns":11},{"damage":23,"enemies":"Shell Parasite","floor":18,"turns":3},{"damage":11,"enemies":"2 Thieves","floor":21,"turns":2},{"damage":12,"enemies":"3 Cultists","floor":22,"turns":3}],"seed_played":"-4912675059614384143","potions_obtained":[{"floor":3,"key":"BloodPotion"},{"floor":7,"key":"LiquidBronze"},{"floor":12,"key":"Dexterity Potion"},{"floor":13,"key":"Explosive Potion"},{"floor":18,"key":"AttackPotion"}],"is_trial":false,"path_per_floor":["M","?","M","M","M","R","E","M","T","?","R","E","M","E","R","B",null,"M","?","$","M"],"character_chosen":"IRONCLAD","items_purchased":["Pantograph"],"campfire_rested":1,"item_purchase_floors":[20],"current_hp_per_floor":[70,70,76,80,80,80,54,51,51,51,51,39,42,38,62,8,62,45,45,45,40,36],"gold":97,"neow_bonus":"","is_prod":false,"is_daily":false,"chose_seed":false,"campfire_upgraded":2,"win_rate":0,"timestamp":1538165190,"path_taken":["M","?","M","M","M","R","E","M","T","?","R","E","?","E","R","BOSS","M","?","?","M","M"],"build_version":"2018-09-27","purchased_purges":0,"victory":false,"max_hp_per_floor":[80,80,80,80,80,80,80,80,80,80,80,80,80,80,80,80,80,80,56,56,56,56],"card_choices":[{"not_picked":["Clash","Wild Strike"],"picked":"Pommel Strike","floor":1},{"not_picked":["Pommel Strike","True Grit"],"picked":"Perfected Strike","floor":3},{"not_picked":["Cleave","Clash"],"picked":"Headbutt","floor":4},{"not_picked":["Limit Break","True Grit"],"picked":"Perfected Strike","floor":5},{"not_picked":["Sword Boomerang","Thunderclap"],"picked":"Perfected Strike","floor":7},{"not_picked":["Seeing Red","Warcry","Rupture","Havoc"],"picked":"SKIP","floor":8},{"not_picked":["Infernal Blade","Rupture","Barricade"],"picked":"Fiend Fire","floor":12},{"not_picked":["Heavy Blade","Sword Boomerang","Havoc"],"picked":"Shrug It Off","floor":13},{"not_picked":["Dropkick","Feel No Pain","Searing Blow"],"picked":"Thunderclap","floor":14},{"not_picked":["Offering","Brutality+1","Reaper"],"picked":"Demon Form+1","floor":16},{"not_picked":["Havoc"],"picked":"Perfected Strike","floor":18},{"not_picked":["Metallicize+1"],"picked":"Rage","floor":21}],"player_experience":663740,"relics_obtained":[{"floor":7,"key":"Question Card"},{"floor":9,"key":"Paper Frog"},{"floor":12,"key":"Mercury Hourglass"},{"floor":14,"key":"Frozen Egg 2"}],"event_choices":[{"event_name":"The Cleric","player_choice":"Card Removal","floor":2,"damage_taken":0},{"event_name":"Match and Keep!","player_choice":"1 cards matched","floor":10,"damage_taken":0},{"event_name":"Vampires","player_choice":"Became a vampire","floor":19,"damage_taken":0}],"is_beta":false,"boss_relics":[{"not_picked":["Velvet Choker","White Beast Statue"],"picked":"Busted Crown"}],"items_purged_floors":[],"is_endless":false,"potions_floor_spawned":[3,7,12,13,14,18],"killed_by":"3 Cultists","ascension_level":12}