{"gold_per_floor":[119,119,119,135,162,162,189,189,189,223,223,7,7,26,26,103,103,103,53,53,53,53,53,53,53,53,53,53,53,53,53,53,53],"floor_reached":33,"playtime":1440,"items_purged":["Doubt","Strike_R"],"score":664,"play_id":"05b59639-4750-4c8f-ae87-1c7ce38f1758","local_time":"20190701225955","is_ascension_mode":true,"campfire_choices":[{"data":"Bludgeon","floor":6.0,"key":"SMITH"},{"data":"Bash","floor":8.0,"key":"SMITH"},{"floor":13.0,"key":"REST"},{"data":"Shrug It Off","floor":15.0,"key":"SMITH"},{"floor":24,"key":"REST"},{"data":"Battle Trance","floor":28,"key":"SMITH"},{"data":"Defend_R","floor":30,"key":"SMITH"},{"data":"Shockwave","floor":32,"key":"SMITH"}],"neow_cost":"CURSE","seed_source_timestamp":0,"circlet_count":0,"master_deck":["AscendersBane","Strike_R","Strike_R","Strike_R","Strike_R","Defend_R+1","Defend_R","Defend_R","Defend_R","Bash+1","Bludgeon+1","Headbutt","Immolate+1","Bludgeon+1","Shrug It Off+1","Offering","Warcry+1","Writhe","Feed+1","Battle Trance+1","Shockwave+1","Shockwave+1"],"special_seed":0,"relics":["Burning Blood","Smiling Mask","Molten Egg 2","Darkstone Periapt","Centennial Puzzle","Ectoplasm","Regal Pillow","Meat on the Bone","Mango","Mercury Hourglass","Pantograph"],"potions_floor_usage":[23,25,29],"damage_taken":[{"damage":18.0,"enemies":"Small Slimes","floor":1.0,"turns":5.0},{"damage":6.0,"enemies":"Cultist","floor":4.0,"turns":3.0},{"damage":52.0,"enemies":"Lagavulin","floor":7.0,"turns":8.0},{"damage":6.0,"enemies":"Gremlin Nob","floor":10.0,"turns":3.0},{"damage":2.0,"enemies":"Jaw Worm","floor":14.0,"turns":2.0},{"damage":31.0,"enemies":"Slime Boss","floor":16.0,"turns":8.0},{"damage":7,"enemies":"3 Byrds","floor":18,"turns":3},{"damage":21,"enemies":"Shell Parasite","floor":20,"turns":3},{"damage":26,"enemies":"Slavers","floor":23,"turns":2},{"damage":15,"enemies":"Gremlin Leader","floor":25,"turns":2},{"damage":43,"enemies":"Book of Stabbing","floor":29,"turns":4},{"damage":17,"enemies":"Centurion and Healer","floor":31,"turns":4},{"damage":94,"enemies":"Champ","floor":33,"turns":7}],"seed_played":"-1234977535895687254","potions_obtained":[{"floor":1.0,"key":"Explosive Potion"},{"floor":3.0,"key":"Regen Potion"},{"floor":10.0,"key":"Weak Potion"},{"floor":23,"key":"FearPotion"},{"floor":25,"key":"SkillPotion"},{"floor":31,"key":"LiquidBronze"}],"is_trial":false,"path_per_floor":["M","?","?","M","T","R","E","R","T","E","?","$","R","M","R","B",null,"M","$","M","?","?","E","R","E","T","?","R","E","R","M","R","B"],"character_chosen":"IRONCLAD","items_purchased":["Centennial Puzzle"],"campfire_rested":2,"item_purchase_floors":[12],"current_hp_per_floor":[56,61,61,61,61,61,30,30,30,30,30,30,54,58,58,33,68,67,67,52,58,33,13,55,76,76,76,76,51,51,56,56,0],"gold":53,"neow_bonus":"THREE_RARE_CARDS","is_prod":false,"is_daily":false,"chose_seed":false,"campfire_upgraded":6,"win_rate":0,"timestamp":1562014795,"path_taken":["M","?","?","?","?","R","E","R","T","E","?","$","R","M","R","BOSS","M","$","?","?","?","E","R","E","T","?","R","E","R","M","R","BOSS"],"build_version":"2019-07-01","purchased_purges":2,"victory":false,"max_hp_per_floor":[75,80,80,80,80,80,80,80,80,80,80,80,80,80,80,80,80,80,80,80,86,91,91,91,109,109,109,109,109,109,113,113,113],"card_choices":[{"not_picked":["Brutality","Barricade"],"picked":"Bludgeon","floor":0.0},{"not_picked":["Seeing Red","Sentinel","Iron Wave"],"picked":"SKIP","floor":1.0},{"not_picked":["Dropkick","Cleave"],"picked":"Headbutt","floor":4.0},{"not_picked":["Twin Strike","Rampage"],"picked":"Immolate","floor":7.0},{"not_picked":["Dropkick+1","Twin Strike+1","Perfected Strike+1"],"picked":"SKIP","floor":10.0},{"not_picked":["Dropkick+1","Twin Strike+1","Perfected Strike+1"],"picked":"SKIP","floor":10.0},{"not_picked":["Havoc","Pommel Strike+1"],"picked":"Shrug It Off","floor":14.0},{"not_picked":["Double Tap","Berserk"],"picked":"Offering","floor":16.0},{"not_picked":["Flex","Thunderclap+1","Clothesline+1"],"picked":"SKIP","floor":18},{"not_picked":["Infernal Blade","Searing Blow+1"],"picked":"Warcry+1","floor":20},{"not_picked":["Pummel+1","Warcry"],"picked":"Feed+1","floor":23},{"not_picked":["Evolve","Sentinel"],"picked":"Battle Trance","floor":25},{"not_picked":["Seeing Red","Heavy Blade+1"],"picked":"Shockwave+1","floor":29},{"not_picked":["Heavy Blade+1","Dual Wield"],"picked":"Shockwave","floor":31}],"player_experience":1435343,"relics_obtained":[{"floor":5.0,"key":"Smiling Mask"},{"floor":7.0,"key":"Molten Egg 2"},{"floor":10.0,"key":"Darkstone Periapt"},{"floor":23,"key":"Meat on the Bone"},{"floor":25,"key":"Mango"},{"floor":26,"key":"Mercury Hourglass"},{"floor":29,"key":"Pantograph"}],"event_choices":[{"damage_healed":0.0,"max_hp_gain":5.0,"max_hp_loss":0.0,"gold_gain":0.0,"event_name":"Big Fish","player_choice":"Donut","floor":2.0,"gold_loss":0.0,"damage_taken":0.0},{"damage_healed":0.0,"max_hp_gain":0.0,"max_hp_loss":0.0,"gold_gain":0.0,"event_name":"Lab","player_choice":"Got Potions","floor":3.0,"gold_loss":0.0,"damage_taken":0.0},{"damage_healed":0.0,"max_hp_gain":0.0,"max_hp_loss":0.0,"gold_gain":0.0,"event_name":"Match and Keep!","player_choice":"1 cards matched","floor":11.0,"gold_loss":0.0,"damage_taken":0.0,"cards_obtained":["Bludgeon"]},{"damage_healed":0,"gold_gain":0,"player_choice":"Opened","damage_taken":0,"relics_obtained":["Regal Pillow"],"max_hp_gain":0,"max_hp_loss":0,"event_name":"The Mausoleum","floor":21,"gold_loss":0,"cards_obtained":["Writhe"]},{"damage_healed":0,"gold_gain":0,"player_choice":"Shed Blood","damage_taken":30,"max_hp_gain":5,"max_hp_loss":0,"event_name":"Forgotten Altar","floor":22,"gold_loss":0},{"damage_healed":0,"gold_gain":0,"player_choice":"Ignored","damage_taken":0,"max_hp_gain":0,"max_hp_loss":0,"event_name":"Ghosts","floor":27,"gold_loss":0}],"is_beta":false,"boss_relics":[{"not_picked":["Black Blood","Eternal Feather"],"picked":"Ectoplasm"}],"items_purged_floors":[12,19],"is_endless":false,"potions_floor_spawned":[1,10,23,25,31],"killed_by":"Champ","ascension_level":20}