{"gold_per_floor":[112,123,198,211,229,229,256,256,279,229,256,256,25,37,37,134],"floor_reached":16,"playtime":1113,"items_purged":["Regret"],"score":185,"play_id":"8866903c-c344-4d94-8fd1-8e277553f019","local_time":"20181128131415","is_ascension_mode":false,"campfire_choices":[{"data":"Rampage","floor":6,"key":"SMITH"},{"data":"Armaments","floor":8,"key":"SMITH"},{"data":"Pummel","floor":15,"key":"SMITH"}],"neow_cost":"NONE","seed_source_timestamp":707836872971572,"circlet_count":0,"master_deck":["Strike_R+1","Strike_R","Strike_R","Strike_R","Strike_R","Defend_R","Defend_R","Defend_R","Defend_R","Bash+1","Wild Strike","Rampage+1","Shrug It Off","Armaments+1","Pummel+1"],"relics":["Burning Blood","Potion Belt","Whetstone","Strawberry","Ancient Tea Set","Vajra"],"potions_floor_usage":[7,7],"damage_taken":[{"damage":0,"enemies":"2 Louse","floor":1,"turns":3},{"damage":6,"enemies":"Jaw Worm","floor":2,"turns":3},{"damage":1,"enemies":"Cultist","floor":4,"turns":3},{"damage":11,"enemies":"Red Slaver","floor":5,"turns":3},{"damage":24,"enemies":"Lagavulin","floor":7,"turns":8},{"damage":17,"enemies":"3 Sentries","floor":11,"turns":9},{"damage":0,"enemies":"Looter","floor":14,"turns":4},{"damage":9,"enemies":"Slime Boss","floor":16,"turns":10}],"seed_played":"8891325055890029377","potions_obtained":[{"floor":2,"key":"Energy Potion"},{"floor":5,"key":"Block Potion"},{"floor":11,"key":"Swift Potion"},{"floor":14,"key":"FearPotion"}],"is_trial":false,"path_per_floor":["M","M","?","M","M","R","E","R","T","?","E","?","$","M","R","B"],"character_chosen":"IRONCLAD","items_purchased":["Vajra"],"campfire_rested":0,"item_purchase_floors":[13],"current_hp_per_floor":[88,88,77,82,77,77,59,59,59,59,55,55,55,61,61,58],"gold":134,"neow_bonus":"TEN_PERCENT_HP_BONUS","is_prod":false,"is_daily":false,"chose_seed":false,"campfire_upgraded":3,"win_rate":0,"timestamp":1543432455,"path_taken":["M","M","?","M","M","R","E","R","T","?","E","?","$","M","R","BOSS"],"build_version":"2018-11-15","purchased_purges":1,"victory":false,"max_hp_per_floor":[88,88,88,88,88,88,88,88,88,88,95,95,95,95,95,95],"card_choices":[{"not_picked":["Warcry","Cleave"],"picked":"Twin Strike","floor":1},{"not_picked":["Combust","Clash"],"picked":"Wild Strike","floor":2},{"not_picked":["Corruption","Blood for Blood"],"picked":"Rampage","floor":4},{"not_picked":["Thunderclap","Body Slam"],"picked":"Shrug It Off","floor":5},{"not_picked":["Flex","Clash"],"picked":"Armaments","floor":7},{"not_picked":["Clash","Feel No Pain","Heavy Blade"],"picked":"SKIP","floor":11},{"not_picked":["Evolve","Entrench"],"picked":"Pummel","floor":14}],"player_experience":1070827,"relics_obtained":[{"floor":7,"key":"Potion Belt"},{"floor":9,"key":"Whetstone"},{"floor":11,"key":"Strawberry"}],"event_choices":[{"damage_healed":0,"gold_gain":75,"player_choice":"Gather Gold","damage_taken":11,"max_hp_gain":0,"max_hp_loss":0,"event_name":"World of Goop","floor":3,"gold_loss":0},{"cards_removed":["Twin Strike"],"damage_healed":0,"gold_gain":0,"player_choice":"Card Removal","damage_taken":0,"max_hp_gain":0,"max_hp_loss":0,"event_name":"The Cleric","floor":10,"gold_loss":50},{"damage_healed":0,"gold_gain":0,"player_choice":"Box","damage_taken":0,"relics_obtained":["Ancient Tea Set"],"max_hp_gain":0,"max_hp_loss":0,"event_name":"Big Fish","floor":12,"gold_loss":0,"cards_obtained":["Regret"]}],"is_beta":false,"boss_relics":[],"items_purged_floors":[13],"is_endless":false,"potions_floor_spawned":[2,5,11,14],"killed_by":"Slime Boss","ascension_level":0}