{"gold_per_floor":[14,14,14,14,32,65,65,97,97,115,115,140,140,155,155,227,227,245,255,265,284,284,284,302,332,357,383,146,146,146,165,165,241,241,254,271,271,281,295,295,309,321,367,367],"floor_reached":44,"playtime":3699,"items_purged":[],"score":870,"play_id":"5290126d-dec6-40a2-a6b0-752e090d1b3d","local_time":"20190326183013","is_ascension_mode":true,"campfire_choices":[{"data":"1","floor":7.0,"key":"LIFT"},{"data":"2","floor":11.0,"key":"LIFT"},{"data":"3","floor":15.0,"key":"LIFT"},{"data":"Dualcast","floor":23.0,"key":"SMITH"},{"data":"Sunder","floor":29.0,"key":"SMITH"},{"data":"Compile Driver","floor":30.0,"key":"SMITH"},{"data":"FTL","floor":32.0,"key":"SMITH"},{"floor":40,"key":"REST"}],"neow_cost":"NO_GOLD","seed_source_timestamp":0,"circlet_count":0,"master_deck":["AscendersBane","Strike_B","Strike_B","Strike_B+1","Strike_B","Defend_B","Defend_B","Defend_B","Defend_B","Zap+1","Dualcast+1","Ball Lightning","Go for the Eyes","Chill","Auto Shields","FTL+1","Echo Form","Glacier","Reboot","Compile Driver+1","Compile Driver+1","Gash","Sunder+1","Compile Driver+1","Static Discharge","Blizzard","Doom and Gloom","Electrodynamics","Storm","Redo+1","Electrodynamics","Compile Driver+1","Scrape","Rebound+1"],"special_seed":0,"relics":["Cracked Core","Girya","Happy Flower","Strawberry","Meat on the Bone","WingedGreaves","Dead Branch","Nunchaku","Eternal Feather","Pear","Whetstone","Turnip","Lee\u0027s Waffle","Inserter","Art of War"],"potions_floor_usage":[42,42],"damage_taken":[{"damage":7.0,"enemies":"Jaw Worm","floor":1.0,"turns":3.0},{"damage":6.0,"enemies":"2 Louse","floor":5.0,"turns":2.0},{"damage":25.0,"enemies":"Lagavulin","floor":6.0,"turns":5.0},{"damage":3.0,"enemies":"3 Sentries","floor":8.0,"turns":7.0},{"damage":0.0,"enemies":"Cultist","floor":10.0,"turns":3.0},{"damage":9.0,"enemies":"Gremlin Nob","floor":12.0,"turns":3.0},{"damage":17.0,"enemies":"Exordium Thugs","floor":14.0,"turns":3.0},{"damage":22.0,"enemies":"Hexaghost","floor":16.0,"turns":9.0},{"damage":1.0,"enemies":"Chosen","floor":18.0,"turns":4.0},{"damage":1.0,"enemies":"3 Byrds","floor":19.0,"turns":4.0},{"damage":16.0,"enemies":"Snake Plant","floor":20.0,"turns":5.0},{"damage":31.0,"enemies":"Shelled Parasite and Fungi","floor":21.0,"turns":6.0},{"damage":3.0,"enemies":"3 Cultists","floor":24.0,"turns":5.0},{"damage":0.0,"enemies":"Gremlin Leader","floor":25.0,"turns":3.0},{"damage":28.0,"enemies":"Slavers","floor":27.0,"turns":4.0},{"damage":8.0,"enemies":"Snecko","floor":31.0,"turns":3.0},{"damage":69.0,"enemies":"Automaton","floor":33.0,"turns":7.0},{"damage":43.0,"enemies":"3 Darklings","floor":35.0,"turns":3.0},{"damage":16.0,"enemies":"Orb Walker","floor":36.0,"turns":2.0},{"damage":5.0,"enemies":"3 Darklings","floor":38.0,"turns":4.0},{"damage":38,"enemies":"Transient","floor":39,"turns":5},{"damage":33,"enemies":"Maw","floor":41,"turns":7},{"damage":53,"enemies":"Spire Growth","floor":42,"turns":4},{"damage":35,"enemies":"Jaw Worm Horde","floor":44,"turns":2}],"seed_played":"1387207709990889024","potions_obtained":[{"floor":1.0,"key":"Weak Potion"},{"floor":8.0,"key":"Swift Potion"},{"floor":21.0,"key":"SkillPotion"},{"floor":24.0,"key":"Energy Potion"},{"floor":25.0,"key":"EssenceOfSteel"},{"floor":35.0,"key":"FocusPotion"},{"floor":36.0,"key":"Regen Potion"}],"is_trial":false,"path_per_floor":["M","?","?","T","M","E","R","E","T","M","R","E","T","M","R","B",null,"M","M","M","M","?","R","M","E","T","E","$","R","R","M","R","B",null,"M","M","?","M","M","R","M","M","T","M"],"character_chosen":"DEFECT","items_purchased":["Lee\u0027s Waffle","Blizzard"],"campfire_rested":1,"item_purchase_floors":[28,28],"current_hp_per_floor":[61,61,61,61,55,37,37,34,34,46,46,49,49,44,44,34,70,69,68,52,33,33,45,42,52,52,36,99,99,99,91,99,42,85,54,50,50,57,31,78,57,25,25,0],"gold":367,"neow_bonus":"ONE_RARE_RELIC","is_prod":false,"is_daily":false,"chose_seed":false,"campfire_upgraded":4,"win_rate":0,"timestamp":1553643013,"path_taken":["M","?","?","?","M","E","R","E","T","?","R","E","?","M","R","BOSS","M","M","M","M","?","R","M","E","T","E","$","R","R","M","R","BOSS","M","M","?","M","M","R","M","M","T","M"],"build_version":"2019-01-23","purchased_purges":0,"victory":false,"max_hp_per_floor":[75,75,75,75,75,82,82,82,82,82,82,82,82,82,82,82,82,82,82,82,82,82,82,82,92,92,92,99,99,99,99,99,99,99,99,99,99,99,99,99,99,99,99,99],"card_choices":[{"not_picked":["Self Repair","Turbo"],"picked":"Ball Lightning","floor":1.0},{"not_picked":["Steam","Stack"],"picked":"Go for the Eyes","floor":5.0},{"not_picked":["Aggregate","Reinforced Body"],"picked":"Chill","floor":6.0},{"not_picked":["Redo","Aggregate"],"picked":"Auto Shields","floor":8.0},{"not_picked":["Barrage","Steam"],"picked":"FTL","floor":10.0},{"not_picked":["Force Field","Coolheaded"],"picked":"Echo Form","floor":12.0},{"not_picked":["Tempest","Chill"],"picked":"Glacier","floor":14.0},{"not_picked":["Echo Form","All For One"],"picked":"Reboot","floor":16.0},{"not_picked":["Heatsinks","Beam Cell"],"picked":"Compile Driver+1","floor":18.0},{"not_picked":["Lockon","Leap"],"picked":"Compile Driver","floor":19.0},{"not_picked":["Stack","Cold Snap"],"picked":"Gash","floor":20.0},{"not_picked":["Recycle","Redo","Reinforced Body"],"picked":"SKIP","floor":21.0},{"not_picked":["Steam Power","Self Repair"],"picked":"Sunder","floor":24.0},{"not_picked":["Reprogram","Chaos"],"picked":"Compile Driver","floor":25.0},{"not_picked":["Redo","Stack"],"picked":"Static Discharge","floor":27.0},{"not_picked":["Reboot","Sweeping Beam+1"],"picked":"Doom and Gloom","floor":31.0},{"not_picked":["Creative AI","Reboot"],"picked":"Electrodynamics","floor":33.0},{"not_picked":["Heatsinks","Barrage"],"picked":"Storm","floor":35.0},{"not_picked":["Stack+1","Steam+1"],"picked":"Redo+1","floor":36.0},{"not_picked":["Barrage","Storm"],"picked":"Electrodynamics","floor":38.0},{"not_picked":["Stack","Beam Cell"],"picked":"Compile Driver+1","floor":39},{"not_picked":["Steam","Stack"],"picked":"Scrape","floor":41},{"not_picked":["Stack","Hello World"],"picked":"Rebound+1","floor":42}],"player_experience":1289598,"relics_obtained":[{"floor":4.0,"key":"Happy Flower"},{"floor":6.0,"key":"Strawberry"},{"floor":8.0,"key":"Meat on the Bone"},{"floor":9.0,"key":"WingedGreaves"},{"floor":12.0,"key":"Dead Branch"},{"floor":13.0,"key":"Nunchaku"},{"floor":25.0,"key":"Pear"},{"floor":26.0,"key":"Whetstone"},{"floor":27.0,"key":"Turnip"},{"floor":43,"key":"Art of War"}],"event_choices":[{"damage_healed":0.0,"max_hp_gain":0.0,"max_hp_loss":0.0,"gold_gain":0.0,"event_name":"Living Wall","player_choice":"Grow","floor":2.0,"gold_loss":0.0,"damage_taken":0.0,"cards_upgraded":["Zap"]},{"damage_healed":0.0,"max_hp_gain":0.0,"max_hp_loss":0.0,"gold_gain":0.0,"event_name":"The Cleric","player_choice":"Leave","floor":3.0,"gold_loss":0.0,"damage_taken":0.0},{"damage_healed":0.0,"max_hp_gain":0.0,"max_hp_loss":0.0,"gold_gain":0.0,"event_name":"Ghosts","player_choice":"Ignored","floor":22.0,"gold_loss":0.0,"damage_taken":0.0},{"damage_healed":0.0,"max_hp_gain":0.0,"max_hp_loss":0.0,"gold_gain":0.0,"event_name":"Tomb of Lord Red Mask","player_choice":"Ignored","floor":37.0,"gold_loss":0.0,"damage_taken":0.0}],"is_beta":false,"boss_relics":[{"not_picked":["Tiny House","Empty Cage"],"picked":"Eternal Feather"},{"not_picked":["Pandora\u0027s Box","Runic Dome"],"picked":"Inserter"}],"items_purged_floors":[],"is_endless":false,"potions_floor_spawned":[1,8,21,24,25,35,36,41],"killed_by":"Jaw Worm Horde","ascension_level":13}