{"gold_per_floor":[118,118,118,130,80,80,95,19,19,46,46,46,57,57,57,158,158,175,175,193,193],"floor_reached":21,"playtime":1531,"items_purged":[],"score":177,"play_id":"9ca00d41-cbfa-4143-9548-06c29a1a32c4","local_time":"20180724105321","is_ascension_mode":false,"campfire_choices":[{"floor":6,"key":"REST"},{"data":"Accuracy","floor":12,"key":"SMITH"},{"floor":15,"key":"REST"}],"neow_cost":"NONE","seed_source_timestamp":2400406802258580,"circlet_count":0,"master_deck":["Defend_G","Defend_G","Defend_G","Defend_G","Defend_G","Strike_G","Strike_G+1","Survivor","Neutralize","Blade Dance+1","Outmaneuver","Accuracy+1","Choke+1","Dagger Spray+1","Grand Finale+1","Dagger Throw+1","Dagger Spray+1"],"relics":["Ring of the Snake","Art of War","Molten Egg 2","Vajra","HoveringKite"],"potions_floor_usage":[10,10,13,16],"damage_taken":[{"damage":0,"enemies":"Jaw Worm","floor":1,"turns":5},{"damage":0,"enemies":"Small Slimes","floor":4,"turns":2},{"damage":0,"enemies":"2 Louse","floor":7,"turns":3},{"damage":25,"enemies":"Lagavulin","floor":10,"turns":9},{"damage":2,"enemies":"Exordium Thugs","floor":13,"turns":4},{"damage":34,"enemies":"The Guardian","floor":16,"turns":8},{"damage":0,"enemies":"3 Byrds","floor":18,"turns":5},{"damage":14,"enemies":"Spheric Guardian","floor":20,"turns":4},{"damage":10,"enemies":"Chosen and Byrds","floor":21,"turns":4}],"seed_played":"-7235568027327607740","potions_obtained":[{"floor":1,"key":"EntropicBrew"},{"floor":11,"key":"SteroidPotion"},{"floor":11,"key":"AttackPotion"},{"floor":20,"key":"Ancient Potion"}],"is_trial":false,"path_per_floor":["M","?","?","M","?","R","M","$","T","E","?","R","M","$","R","B",null,"M","?","M"],"character_chosen":"THE_SILENT","items_purchased":["Accuracy"],"campfire_rested":2,"item_purchase_floors":[8],"current_hp_per_floor":[70,56,49,49,49,70,70,70,70,57,57,57,55,55,70,36,70,70,70,56,46],"gold":193,"neow_bonus":"RANDOM_COMMON_RELIC","is_prod":false,"is_daily":false,"chose_seed":false,"campfire_upgraded":1,"win_rate":0,"timestamp":1532447601,"path_taken":["M","?","?","?","?","R","M","$","T","E","?","R","M","$","R","BOSS","M","?","?","M"],"build_version":"2018-07-19v2","purchased_purges":0,"victory":false,"max_hp_per_floor":[70,70,70,70,70,70,70,70,70,70,70,70,70,70,70,70,70,70,70,70,70],"card_choices":[{"not_picked":["Dagger Spray","Backflip"],"picked":"Blade Dance","floor":1},{"not_picked":["Flying Knee","Prepared"],"picked":"Outmaneuver","floor":4},{"not_picked":["Dodge and Roll","Predator","Underhanded Strike"],"picked":"SKIP","floor":7},{"not_picked":["Poisoned Stab+1","Sucker Punch+1"],"picked":"Choke+1","floor":10},{"not_picked":["PiercingWail","Flying Knee+1"],"picked":"Dagger Spray+1","floor":13},{"not_picked":["Night Terror","Wraith Form v2"],"picked":"Grand Finale+1","floor":16},{"not_picked":["Flying Knee+1","Poisoned Stab+1"],"picked":"Dagger Throw+1","floor":18},{"not_picked":["Escape Plan+1","Bane+1"],"picked":"Dagger Spray+1","floor":20}],"player_experience":303459,"relics_obtained":[{"floor":9,"key":"Molten Egg 2"},{"floor":10,"key":"Vajra"}],"event_choices":[{"event_name":"Shining Light","player_choice":"Entered Light","floor":2,"damage_taken":0},{"event_name":"Golden Wing","player_choice":"Card Removal","floor":3,"damage_taken":0},{"event_name":"The Cleric","player_choice":"Card Removal","floor":5,"damage_taken":0},{"event_name":"The Lab","player_choice":"Got Potions","floor":11,"damage_taken":0},{"event_name":"Purifier","player_choice":"One Purge","floor":19,"damage_taken":0}],"is_beta":false,"boss_relics":[{"not_picked":["Philosopher\u0027s Stone","Runic Pyramid"],"picked":"HoveringKite"}],"items_purged_floors":[],"is_endless":false,"potions_floor_spawned":[1,20],"killed_by":"Chosen and Byrds","ascension_level":0}