{"gold_per_floor":[111,129,141,153,173,173,192,192,192,192,203,236,250,2,2,76,76,96,96,109,109,34,34,6,39,39,57,57,69,100,110,110,185,185,200,217,217,217,217,217,236,268,268,285,315,331,351,370,370,370,370,370,370,16,42,42],"floor_reached":56,"playtime":3851,"items_purged":["Strike_G","Strike_G"],"score":2010,"play_id":"55322aaa-ec0b-4f70-bbda-26b33edc2529","local_time":"20190703002119","is_ascension_mode":true,"campfire_choices":[{"data":"Crippling Poison","floor":6.0,"key":"SMITH"},{"data":"Catalyst","floor":8.0,"key":"SMITH"},{"floor":10.0,"key":"REST"},{"floor":15.0,"key":"REST"},{"data":"Wraith Form v2","floor":23.0,"key":"SMITH"},{"data":"Malaise","floor":28.0,"key":"SMITH"},{"floor":32.0,"key":"REST"},{"data":"Well Laid Plans","floor":40,"key":"SMITH"},{"floor":49,"key":"RECALL"},{"floor":53,"key":"REST"}],"neow_cost":"NONE","seed_source_timestamp":38503389436648,"circlet_count":0,"master_deck":["AscendersBane","Defend_G","Defend_G","Defend_G","Defend_G","Defend_G","Survivor","Neutralize","Catalyst+1","Noxious Fumes","Crippling Poison+1","Dash","PiercingWail","Backflip","Wraith Form v2+1","Burst","Leg Sweep+1","Well Laid Plans+1","Deadly Poison","Malaise+1","PiercingWail","After Image+1","Endless Agony+1","Venomology+1","Dagger Throw+1","Backflip","Prepared+1","Prepared+1","Footwork+1","Deflect"],"special_seed":0,"relics":["Ring of the Snake","Oddly Smooth Stone","Happy Flower","Paper Crane","Sozu","Smiling Mask","Mercury Hourglass","Frozen Egg 2","Astrolabe","Potion Belt","Snake Skull","Bottled Lightning","Letter Opener"],"potions_floor_usage":[],"damage_taken":[{"damage":8.0,"enemies":"Cultist","floor":1.0,"turns":7.0},{"damage":8.0,"enemies":"Jaw Worm","floor":2.0,"turns":8.0},{"damage":2.0,"enemies":"2 Louse","floor":3.0,"turns":4.0},{"damage":15.0,"enemies":"Exordium Thugs","floor":4.0,"turns":6.0},{"damage":1.0,"enemies":"2 Fungi Beasts","floor":5.0,"turns":5.0},{"damage":2.0,"enemies":"Looter","floor":7.0,"turns":4.0},{"damage":0.0,"enemies":"Blue Slaver","floor":11.0,"turns":4.0},{"damage":26.0,"enemies":"Gremlin Nob","floor":12.0,"turns":4.0},{"damage":0.0,"enemies":"Exordium Thugs","floor":13.0,"turns":4.0},{"damage":34.0,"enemies":"Slime Boss","floor":16.0,"turns":14.0},{"damage":0.0,"enemies":"Shell Parasite","floor":18.0,"turns":3.0},{"damage":0.0,"enemies":"2 Thieves","floor":20.0,"turns":3.0},{"damage":10.0,"enemies":"Slavers","floor":25.0,"turns":5.0},{"damage":3.0,"enemies":"3 Cultists","floor":27.0,"turns":4.0},{"damage":0.0,"enemies":"Sentry and Sphere","floor":29.0,"turns":3.0},{"damage":6.0,"enemies":"Gremlin Leader","floor":30.0,"turns":6.0},{"damage":16.0,"enemies":"Snecko","floor":31.0,"turns":4.0},{"damage":14.0,"enemies":"Collector","floor":33.0,"turns":6.0},{"damage":0,"enemies":"3 Darklings","floor":35,"turns":6},{"damage":6,"enemies":"Orb Walker","floor":36,"turns":5},{"damage":4,"enemies":"Writhing Mass","floor":41,"turns":8},{"damage":0,"enemies":"Nemesis","floor":42,"turns":7},{"damage":0,"enemies":"4 Shapes","floor":44,"turns":4},{"damage":0,"enemies":"Giant Head","floor":45,"turns":9},{"damage":8,"enemies":"Jaw Worm Horde","floor":46,"turns":4},{"damage":0,"enemies":"Writhing Mass","floor":47,"turns":8},{"damage":4,"enemies":"Sphere and 2 Shapes","floor":48,"turns":7},{"damage":11,"enemies":"Donu and Deca","floor":50,"turns":11},{"damage":18,"enemies":"Time Eater","floor":51,"turns":7},{"damage":26,"enemies":"Shield and Spear","floor":55,"turns":11},{"damage":38,"enemies":"The Heart","floor":56,"turns":5}],"seed_played":"133885642461817788","potions_obtained":[{"floor":1.0,"key":"Dexterity Potion"},{"floor":5.0,"key":"LiquidBronze"}],"is_trial":false,"path_per_floor":["M","M","M","M","M","R","M","R","T","R","M","E","M","$","R","B",null,"M","?","M","?","$","R","$","E","T","M","R","M","E","M","R","B",null,"M","M","?","?","?","R","M","E","T","M","E","M","M","M","R","B","B",null,"R","$","E","B"],"character_chosen":"THE_SILENT","items_purchased":["Wraith Form v2","Well Laid Plans","Deadly Poison","Footwork+1","Bottled Lightning"],"campfire_rested":4,"item_purchase_floors":[14,22,24,54,54],"current_hp_per_floor":[51,43,41,26,25,25,23,23,23,42,42,16,16,16,35,1,50,50,50,50,50,50,50,50,40,40,37,37,37,31,15,34,20,55,55,49,49,49,49,49,45,45,45,45,45,37,37,33,33,22,4,48,63,63,37,0],"gold":42,"neow_bonus":"RANDOM_COMMON_RELIC","is_prod":false,"is_daily":false,"chose_seed":false,"campfire_upgraded":5,"win_rate":0,"timestamp":1562106079,"path_taken":["M","?","M","M","?","R","M","R","T","R","M","E","?","$","R","BOSS","M","?","M","?","$","R","$","E","T","M","R","?","E","M","R","BOSS","M","M","?","?","?","R","M","E","T","M","E","M","M","M","R","BOSS","BOSS","R","$","E","BOSS"],"build_version":"2019-07-01","purchased_purges":2,"victory":false,"max_hp_per_floor":[66,66,66,66,66,66,66,66,66,66,66,66,66,66,66,66,66,66,66,66,66,66,66,66,66,66,66,66,66,66,66,66,66,66,66,66,66,66,63,63,63,63,63,63,63,63,63,63,63,63,63,63,63,63,63,63],"card_choices":[{"not_picked":["Setup","Underhanded Strike"],"picked":"Catalyst","floor":1.0},{"not_picked":["Expertise","Concentrate"],"picked":"Noxious Fumes","floor":2.0},{"not_picked":["Poisoned Stab","PiercingWail"],"picked":"Crippling Poison","floor":3.0},{"not_picked":["Caltrops","Underhanded Strike","Setup"],"picked":"SKIP","floor":4.0},{"not_picked":["Dodge and Roll","Outmaneuver"],"picked":"Dash","floor":5.0},{"not_picked":["Blur","Prepared"],"picked":"PiercingWail","floor":7.0},{"not_picked":["Distraction","Predator"],"picked":"Backflip","floor":11.0},{"not_picked":["Prepared","Predator","Riddle With Holes"],"picked":"SKIP","floor":12.0},{"not_picked":["Dagger Throw","Poisoned Stab","Terror"],"picked":"SKIP","floor":13.0},{"not_picked":["Venomology","Bullet Time"],"picked":"Burst","floor":16.0},{"not_picked":["Flying Knee","Cloak And Dagger"],"picked":"Leg Sweep+1","floor":18.0},{"not_picked":["Expertise","Setup","Finisher"],"picked":"SKIP","floor":20.0},{"not_picked":["Outmaneuver+1","Deadly Poison"],"picked":"Malaise","floor":25.0},{"not_picked":["Underhanded Strike","Bouncing Flask","Deflect"],"picked":"SKIP","floor":27.0},{"not_picked":["Distraction","Backflip"],"picked":"PiercingWail","floor":29.0},{"not_picked":["Deadly Poison","Masterful Stab","Underhanded Strike"],"picked":"SKIP","floor":30.0},{"not_picked":["Caltrops+1","Blade Dance","Quick Slash+1"],"picked":"SKIP","floor":31.0},{"not_picked":["Envenom+1","Bullet Time"],"picked":"After Image+1","floor":33.0},{"not_picked":["Skewer","Bane","Slice+1"],"picked":"SKIP","floor":35},{"not_picked":["Dash+1","Poisoned Stab","Setup"],"picked":"SKIP","floor":36},{"not_picked":["Dagger Spray","Bane"],"picked":"Backflip","floor":41},{"not_picked":["Dash","Quick Slash","Cloak And Dagger"],"picked":"SKIP","floor":42},{"not_picked":["Underhanded Strike+1","Cloak And Dagger","Flechettes"],"picked":"SKIP","floor":44},{"not_picked":["Underhanded Strike","Dagger Throw+1","Glass Knife"],"picked":"SKIP","floor":45},{"not_picked":["Sucker Punch+1","Predator","Masterful Stab"],"picked":"SKIP","floor":46},{"not_picked":["Riddle With Holes","Escape Plan"],"picked":"Prepared+1","floor":47},{"not_picked":["Dagger Spray","Infinite Blades+1"],"picked":"Prepared+1","floor":48},{"not_picked":["Backstab","Dagger Throw"],"picked":"Deflect","floor":55}],"player_experience":1454154,"relics_obtained":[{"floor":9.0,"key":"Happy Flower"},{"floor":12.0,"key":"Paper Crane"},{"floor":25.0,"key":"Smiling Mask"},{"floor":26.0,"key":"Mercury Hourglass"},{"floor":30.0,"key":"Frozen Egg 2"},{"floor":42,"key":"Potion Belt"},{"floor":45,"key":"Snake Skull"},{"floor":55,"key":"Letter Opener"}],"event_choices":[{"damage_healed":0.0,"max_hp_gain":0.0,"max_hp_loss":0.0,"gold_gain":0.0,"event_name":"The Mausoleum","player_choice":"Ignored","floor":19.0,"gold_loss":0.0,"damage_taken":0.0},{"damage_healed":0.0,"max_hp_gain":0.0,"max_hp_loss":0.0,"gold_gain":0.0,"event_name":"Lab","player_choice":"Got Potions","floor":21.0,"gold_loss":0.0,"damage_taken":0.0},{"damage_healed":0,"gold_gain":0,"player_choice":"Ignored","damage_taken":0,"max_hp_gain":0,"max_hp_loss":0,"event_name":"Tomb of Lord Red Mask","floor":37,"gold_loss":0},{"damage_healed":0,"gold_gain":0,"player_choice":"Ignored","damage_taken":0,"max_hp_gain":0,"max_hp_loss":0,"event_name":"Mysterious Sphere","floor":38,"gold_loss":0},{"damage_healed":0,"gold_gain":0,"player_choice":"Max HP","damage_taken":0,"max_hp_gain":0,"max_hp_loss":3,"event_name":"Winding Halls","floor":39,"gold_loss":0}],"is_beta":false,"boss_relics":[{"not_picked":["Philosopher\u0027s Stone","Runic Dome"],"picked":"Sozu"},{"not_picked":["Lizard Tail","Velvet Choker"],"picked":"Astrolabe"}],"items_purged_floors":[14,54],"is_endless":false,"potions_floor_spawned":[1,5,11,12,20,25,27,33,36,44,45,46,48],"killed_by":"The Heart","ascension_level":20}