{"gold_per_floor":[110,285,285,285,134,159,159,172,172,198,198,208,223,286,286,387,387,407,424,339,369,248,280,280,290,290,323,323,333,350,94,94,193,193,203,78,146,160,85,112,112,128,128,174,190,190,190,210,210,210,210,210,20,46,46],"floor_reached":55,"playtime":3834,"items_purged":["Pain","Doubt","Parasite","Strike_R"],"score":908,"play_id":"1faeccb5-221a-43c4-ba73-c510e48bb823","local_time":"20181206080150","is_ascension_mode":false,"campfire_choices":[{"data":"Anger","floor":7.0,"key":"SMITH"},{"data":"Thunderclap","floor":11.0,"key":"SMITH"},{"data":"Bash","floor":15.0,"key":"SMITH"},{"floor":24.0,"key":"RECALL"},{"data":"Defend_R","floor":28.0,"key":"SMITH"},{"data":"Defend_R","floor":32.0,"key":"SMITH"},{"floor":41.0,"key":"DIG"},{"data":"1","floor":46.0,"key":"LIFT"},{"data":"2","floor":47.0,"key":"LIFT"},{"data":"3","floor":49.0,"key":"LIFT"},{"floor":52.0,"key":"DIG"}],"neow_cost":"NONE","seed_source_timestamp":0,"circlet_count":0,"master_deck":["Strike_R","Strike_R","Strike_R","Strike_R","Defend_R","Defend_R","Defend_R+1","Defend_R+1","Bash+1","Anger+1","Thunderclap+1","Immolate+1","Uppercut+1","Shrug It Off+1","Impervious+1","Exhume+1","Shrug It Off+1","Power Through+1","Body Slam+1","Dropkick+1","Twin Strike+1","Sentinel+1","Thunderclap+1","Flex+1","Dropkick+1","Impervious+1","Entrench+1","Dropkick+1","Decay","Cleave+1","Flex+1","Immolate+1","Parasite","Iron Wave+1","Cleave+1","Iron Wave+1","Dropkick+1","Spot Weakness+1"],"special_seed":0,"relics":["Burning Blood","NeowsBlessing","Happy Flower","Toxic Egg 2","Molten Egg 2","Pantograph","Tiny Chest","Calling Bell","Smiling Mask","Matryoshka","Thread and Needle","Bronze Scales","Red Mask","Centennial Puzzle","Anchor","Mango","Ginger","DollysMirror","Cursed Key","Orichalcum","Shovel","Girya","Mercury Hourglass","WingedGreaves","Darkstone Periapt","PreservedInsect","Regal Pillow"],"potions_floor_usage":[55,55,55],"damage_taken":[{"damage":0.0,"enemies":"Jaw Worm","floor":1.0,"turns":1.0},{"damage":0.0,"enemies":"3 Sentries","floor":6.0,"turns":1.0},{"damage":0.0,"enemies":"Small Slimes","floor":8.0,"turns":1.0},{"damage":39.0,"enemies":"Lagavulin","floor":10.0,"turns":6.0},{"damage":2.0,"enemies":"2 Louse","floor":12.0,"turns":2.0},{"damage":10.0,"enemies":"Looter","floor":13.0,"turns":2.0},{"damage":13.0,"enemies":"Gremlin Nob","floor":14.0,"turns":4.0},{"damage":26.0,"enemies":"The Guardian","floor":16.0,"turns":11.0},{"damage":2.0,"enemies":"3 Byrds","floor":18.0,"turns":4.0},{"damage":13.0,"enemies":"Chosen","floor":19.0,"turns":5.0},{"damage":0.0,"enemies":"Masked Bandits","floor":21.0,"turns":2.0},{"damage":8.0,"enemies":"Book of Stabbing","floor":23.0,"turns":6.0},{"damage":2.0,"enemies":"Snake Plant","floor":25.0,"turns":3.0},{"damage":10.0,"enemies":"Slavers","floor":27.0,"turns":4.0},{"damage":4.0,"enemies":"Centurion and Healer","floor":29.0,"turns":5.0},{"damage":3.0,"enemies":"Shelled Parasite and Fungi","floor":30.0,"turns":4.0},{"damage":13.0,"enemies":"Collector","floor":33.0,"turns":8.0},{"damage":10.0,"enemies":"3 Darklings","floor":35.0,"turns":3.0},{"damage":0.0,"enemies":"Orb Walker","floor":38.0,"turns":2.0},{"damage":5.0,"enemies":"Giant Head","floor":40.0,"turns":9.0},{"damage":0.0,"enemies":"Maw","floor":42.0,"turns":7.0},{"damage":0.0,"enemies":"2 Orb Walkers","floor":44.0,"turns":3.0},{"damage":0.0,"enemies":"4 Shapes","floor":45.0,"turns":1.0},{"damage":6.0,"enemies":"Writhing Mass","floor":48.0,"turns":5.0},{"damage":73.0,"enemies":"Awakened One","floor":50.0,"turns":10.0},{"damage":3.0,"enemies":"Shield and Spear","floor":54.0,"turns":3.0},{"damage":97,"enemies":"The Heart","floor":55,"turns":8}],"seed_played":"-7775353525616712307","potions_obtained":[{"floor":8.0,"key":"Ancient Potion"},{"floor":12.0,"key":"SmokeBomb"},{"floor":16.0,"key":"Energy Potion"},{"floor":21.0,"key":"Weak Potion"},{"floor":23.0,"key":"Explosive Potion"},{"floor":25.0,"key":"Poison Potion"},{"floor":27.0,"key":"Weak Potion"},{"floor":30.0,"key":"AttackPotion"},{"floor":38.0,"key":"Strength Potion"},{"floor":40.0,"key":"Explosive Potion"},{"floor":44.0,"key":"Weak Potion"}],"is_trial":false,"path_per_floor":["M","?","?","?","$","E","R","M","T","E","R","M","M","E","R","B",null,"M","M","?","?","$","E","R","M","T","E","R","M","M","$","R","B",null,"M","$","T","M","$","E","R","M","T","?","M","R","R","M","R","B",null,"R","$","E","B"],"character_chosen":"IRONCLAD","items_purchased":["Happy Flower","Dropkick+1","DollysMirror","Dropkick+1","Flex+1","PreservedInsect","Dropkick+1"],"campfire_rested":0,"item_purchase_floors":[5,22,31,36,39,53,53],"current_hp_per_floor":[80,80,85,78,78,84,84,85,85,52,52,56,52,45,45,50,85,85,78,78,84,84,82,82,85,99,95,95,97,99,99,99,92,99,95,95,95,96,96,96,96,96,96,96,96,96,96,96,96,29,96,96,96,96,0],"gold":46,"neow_bonus":"THREE_ENEMY_KILL","is_prod":false,"is_daily":false,"chose_seed":false,"campfire_upgraded":5,"win_rate":0,"timestamp":1544104910,"path_taken":["M","?","?","?","?","E","R","M","T","E","R","M","M","E","R","BOSS","M","M","?","?","$","E","R","M","T","E","R","?","M","$","R","BOSS","M","$","?","M","$","E","R","M","T","?","M","R","R","M","R","BOSS","R","$","E","BOSS"],"build_version":"2018-11-15","purchased_purges":4,"victory":false,"max_hp_per_floor":[80,80,85,85,85,85,85,85,85,85,85,85,85,85,85,85,85,85,85,85,85,85,85,85,85,99,99,99,99,99,99,99,99,99,99,96,96,96,96,96,96,96,96,96,96,96,96,96,96,96,96,96,96,96,96],"card_choices":[{"not_picked":["True Grit","Clothesline"],"picked":"Anger","floor":1.0},{"not_picked":["Warcry","Havoc","Combust"],"picked":"SKIP","floor":6.0},{"not_picked":["Warcry+1","Headbutt"],"picked":"Thunderclap","floor":8.0},{"not_picked":["Ghostly Armor+1","Spot Weakness+1"],"picked":"Immolate+1","floor":10.0},{"not_picked":["Corruption","Headbutt+1"],"picked":"Uppercut+1","floor":12.0},{"not_picked":["Cleave+1","True Grit+1"],"picked":"Shrug It Off+1","floor":13.0},{"not_picked":["Twin Strike+1","Entrench+1"],"picked":"Impervious+1","floor":14.0},{"not_picked":["Bludgeon+1","Brutality"],"picked":"Exhume+1","floor":16.0},{"not_picked":["Intimidate+1","Heavy Blade+1"],"picked":"Shrug It Off+1","floor":18.0},{"not_picked":["Heavy Blade+1","Seeing Red+1"],"picked":"Power Through+1","floor":19.0},{"not_picked":["Pommel Strike+1","Twin Strike+1"],"picked":"Body Slam+1","floor":21.0},{"not_picked":["Combust","Havoc+1"],"picked":"Twin Strike+1","floor":23.0},{"not_picked":["Corruption+1","Heavy Blade+1"],"picked":"Sentinel+1","floor":25.0},{"not_picked":["Headbutt+1","Havoc+1"],"picked":"Thunderclap+1","floor":27.0},{"not_picked":["Searing Blow+1","Havoc+1"],"picked":"Flex+1","floor":29.0},{"not_picked":["Twin Strike+1","Pommel Strike+1"],"picked":"Dropkick+1","floor":30.0},{"not_picked":["Bloodletting+1","Feel No Pain"],"picked":"Entrench+1","floor":35.0},{"not_picked":["Disarm+1","Warcry+1"],"picked":"Cleave+1","floor":38.0},{"not_picked":["Blood for Blood+1","Corruption+1"],"picked":"Immolate+1","floor":40.0},{"not_picked":["Heavy Blade+1","Clothesline+1","Fire Breathing"],"picked":"SKIP","floor":42.0},{"not_picked":["Twin Strike+1","Warcry+1"],"picked":"Iron Wave+1","floor":44.0},{"not_picked":["Blood for Blood+1","Perfected Strike+1"],"picked":"Cleave+1","floor":45.0},{"not_picked":["Clash+1","Fire Breathing+1"],"picked":"Iron Wave+1","floor":48.0},{"not_picked":["Hemokinesis+1","Uppercut+1"],"picked":"Spot Weakness+1","floor":54.0}],"player_experience":1082677,"relics_obtained":[{"floor":6.0,"key":"Toxic Egg 2"},{"floor":9.0,"key":"Molten Egg 2"},{"floor":10.0,"key":"Pantograph"},{"floor":14.0,"key":"Tiny Chest"},{"floor":17.0,"key":"Smiling Mask"},{"floor":17.0,"key":"Matryoshka"},{"floor":17.0,"key":"Thread and Needle"},{"floor":21.0,"key":"Red Mask"},{"floor":23.0,"key":"Centennial Puzzle"},{"floor":26.0,"key":"Anchor"},{"floor":26.0,"key":"Mango"},{"floor":27.0,"key":"Ginger"},{"floor":37.0,"key":"Orichalcum"},{"floor":40.0,"key":"Shovel"},{"floor":41.0,"key":"Girya"},{"floor":43.0,"key":"Mercury Hourglass"},{"floor":44.0,"key":"WingedGreaves"},{"floor":52.0,"key":"Darkstone Periapt"},{"floor":54.0,"key":"Regal Pillow"}],"event_choices":[{"damage_healed":0.0,"max_hp_gain":0.0,"max_hp_loss":0.0,"gold_gain":175.0,"event_name":"Liars Game","player_choice":"AGREE","floor":2.0,"gold_loss":0.0,"damage_taken":0.0,"cards_obtained":["Doubt"]},{"damage_healed":0.0,"max_hp_gain":5.0,"max_hp_loss":0.0,"gold_gain":0.0,"event_name":"Big Fish","player_choice":"Donut","floor":3.0,"gold_loss":0.0,"damage_taken":0.0},{"cards_removed":["Doubt"],"damage_healed":0.0,"max_hp_gain":0.0,"max_hp_loss":0.0,"gold_gain":0.0,"event_name":"Golden Wing","player_choice":"Card Removal","floor":4.0,"gold_loss":0.0,"damage_taken":7.0},{"damage_healed":0.0,"max_hp_gain":0.0,"max_hp_loss":0.0,"gold_gain":0.0,"event_name":"Addict","player_choice":"Obtained Relic","floor":20.0,"gold_loss":85.0,"damage_taken":0.0,"relics_obtained":["Bronze Scales"]},{"damage_healed":0.0,"max_hp_gain":0.0,"max_hp_loss":0.0,"gold_gain":0.0,"event_name":"Masked Bandits","player_choice":"Fought Bandits","floor":21.0,"gold_loss":0.0,"damage_taken":0.0},{"damage_healed":0.0,"max_hp_gain":0.0,"max_hp_loss":0.0,"gold_gain":0.0,"event_name":"Mysterious Sphere","player_choice":"Fight","floor":44.0,"gold_loss":0.0,"damage_taken":0.0}],"is_beta":false,"boss_relics":[{"not_picked":["Fusion Hammer","Snecko Eye"],"picked":"Calling Bell"},{"not_picked":["Runic Dome","Tiny House"],"picked":"Cursed Key"}],"items_purged_floors":[22,31,36,39],"is_endless":false,"potions_floor_spawned":[8,12,16,21,23,25,27,30,38,40,44,45],"killed_by":"The Heart","ascension_level":0}