{"gold_per_floor":[115,129,129,129,54,80,91,118,118,118,130,163,13,43,43,144,144,162,174,30,46,46,76,76],"floor_reached":24,"playtime":2107,"items_purged":[],"score":412,"play_id":"9a389719-b4c2-4287-94aa-d93fa9ceabc9","local_time":"20181109155402","is_ascension_mode":true,"campfire_choices":[{"data":"Zap","floor":10,"key":"SMITH"},{"floor":15,"key":"REST"}],"neow_cost":"NONE","seed_source_timestamp":289273438961796,"circlet_count":0,"master_deck":["Strike_B","Strike_B+1","Strike_B","Strike_B","Defend_B","Defend_B","Defend_B","Defend_B","Zap+1","Dualcast","Compile Driver+1","Cold Snap","Darkness","Genetic Algorithm","Cold Snap","Go for the Eyes","Defragment","Steam","Seek","Sweeping Beam","All For One","Ball Lightning+1","Beam Cell+1","Rainbow","Go for the Eyes","Sweeping Beam+1"],"relics":["Cracked Core","NeowsBlessing","PreservedInsect","Ornamental Fan","Gremlin Horn","Regal Pillow","Bag of Preparation","Eternal Feather","Molten Egg 2"],"potions_floor_usage":[7,8,12,23,23],"damage_taken":[{"damage":0,"enemies":"Jaw Worm","floor":1,"turns":1},{"damage":0,"enemies":"2 Louse","floor":2,"turns":1},{"damage":0,"enemies":"Lagavulin","floor":6,"turns":1},{"damage":2,"enemies":"Small Slimes","floor":7,"turns":2},{"damage":24,"enemies":"3 Sentries","floor":8,"turns":4},{"damage":8,"enemies":"Looter","floor":11,"turns":3},{"damage":0,"enemies":"Gremlin Nob","floor":12,"turns":2},{"damage":1,"enemies":"Lagavulin","floor":14,"turns":5},{"damage":46,"enemies":"Hexaghost","floor":16,"turns":10},{"damage":17,"enemies":"3 Byrds","floor":18,"turns":4},{"damage":0,"enemies":"Chosen","floor":19,"turns":4},{"damage":3,"enemies":"Centurion and Healer","floor":21,"turns":4},{"damage":9,"enemies":"Book of Stabbing","floor":23,"turns":4}],"seed_played":"1083113386816973360","potions_obtained":[{"floor":1,"key":"Fire Potion"},{"floor":2,"key":"Poison Potion"},{"floor":7,"key":"Regen Potion"},{"floor":8,"key":"LiquidBronze"},{"floor":19,"key":"Explosive Potion"},{"floor":23,"key":"Dexterity Potion"}],"is_trial":false,"path_per_floor":["M","M","?","?","$","E","M","E","T","R","M","E","$","E","R","B",null,"M","M","$","M","?","E","?"],"character_chosen":"DEFECT","items_purchased":["Darkness","Seek","Rainbow"],"campfire_rested":1,"item_purchase_floors":[5,13,20],"current_hp_per_floor":[68,68,53,58,58,58,56,44,44,44,36,36,36,35,74,28,67,50,50,50,47,73,64,55],"gold":76,"neow_bonus":"THREE_ENEMY_KILL","is_prod":false,"is_daily":false,"chose_seed":false,"campfire_upgraded":1,"win_rate":0,"timestamp":1541800442,"path_taken":["M","M","?","?","$","E","M","E","T","R","M","E","$","E","R","BOSS","M","M","$","M","?","E","?"],"build_version":"2018-11-08","purchased_purges":0,"victory":false,"max_hp_per_floor":[75,75,75,80,80,80,80,80,80,80,80,80,80,80,80,80,80,80,80,80,80,80,80,80],"card_choices":[{"not_picked":["Redo","Turbo"],"picked":"Compile Driver","floor":1},{"not_picked":["Auto Shields","Stack"],"picked":"Cold Snap","floor":2},{"not_picked":["Stack","Hologram"],"picked":"Genetic Algorithm","floor":6},{"not_picked":["Stack","Barrage"],"picked":"Cold Snap","floor":7},{"not_picked":["All For One","Leap"],"picked":"Go for the Eyes","floor":8},{"not_picked":["Conserve Battery","Leap"],"picked":"Defragment","floor":11},{"not_picked":["Reinforced Body","Storm"],"picked":"Steam","floor":12},{"not_picked":["Core Surge","Reprogram"],"picked":"Sweeping Beam","floor":14},{"not_picked":["Seek","Fission"],"picked":"All For One","floor":16},{"not_picked":["Steam Power","Doom and Gloom"],"picked":"Ball Lightning+1","floor":18},{"not_picked":["Leap","FTL"],"picked":"Beam Cell+1","floor":19},{"not_picked":["Scrape","Beam Cell"],"picked":"Go for the Eyes","floor":21},{"not_picked":["Tempest","Beam Cell"],"picked":"Sweeping Beam","floor":23}],"player_experience":971806,"relics_obtained":[{"floor":6,"key":"PreservedInsect"},{"floor":8,"key":"Ornamental Fan"},{"floor":9,"key":"Gremlin Horn"},{"floor":12,"key":"Regal Pillow"},{"floor":14,"key":"Bag of Preparation"},{"floor":23,"key":"Molten Egg 2"}],"event_choices":[{"damage_healed":0,"gold_gain":0,"player_choice":"Entered Light","damage_taken":15,"max_hp_gain":0,"max_hp_loss":0,"event_name":"Shining Light","floor":3,"gold_loss":0,"cards_upgraded":["Strike_B","Compile Driver"]},{"damage_healed":0,"gold_gain":0,"player_choice":"Donut","damage_taken":0,"max_hp_gain":5,"max_hp_loss":0,"event_name":"Big Fish","floor":4,"gold_loss":0},{"damage_healed":26,"gold_gain":0,"player_choice":"Heal","damage_taken":0,"max_hp_gain":0,"max_hp_loss":0,"event_name":"The Library","floor":22,"gold_loss":0},{"damage_healed":0,"gold_gain":0,"player_choice":"Stopped","damage_taken":9,"max_hp_gain":0,"max_hp_loss":0,"event_name":"Cursed Tome","floor":24,"gold_loss":0}],"is_beta":false,"boss_relics":[{"not_picked":["Tiny House","Snecko Eye"],"picked":"Eternal Feather"}],"items_purged_floors":[],"is_endless":false,"potions_floor_spawned":[1,2,7,8,19,23],"ascension_level":8}