{"gold_per_floor":[116,136,148,160,160,160,195,211,234,253,267,280,280,312,312,312],"floor_reached":16,"playtime":1231,"items_purged":[],"score":176,"play_id":"fccfacfc-83c9-4307-a7e2-b9decfc83460","local_time":"20190629190753","is_ascension_mode":true,"campfire_choices":[{"floor":6,"key":"RECALL"},{"floor":13,"key":"REST"},{"data":"Backstab","floor":15,"key":"SMITH"}],"neow_cost":"NONE","seed_source_timestamp":1235356551961800,"circlet_count":0,"master_deck":["Defend_G","Defend_G","Defend_G","Defend_G","Strike_G","Strike_G","Strike_G","Strike_G","Survivor","Neutralize","Sucker Punch","Backstab+1","Dagger Spray","Heel Hook","PiercingWail","Dagger Throw"],"relics":["Empty Cage","The Courier","Strawberry"],"potions_floor_usage":[7,12,14,14],"damage_taken":[{"damage":0,"enemies":"Small Slimes","floor":1,"turns":5},{"damage":1,"enemies":"Cultist","floor":2,"turns":4},{"damage":2,"enemies":"2 Louse","floor":3,"turns":3},{"damage":0,"enemies":"Looter","floor":4,"turns":3},{"damage":11,"enemies":"Gremlin Nob","floor":7,"turns":4},{"damage":0,"enemies":"Large Slime","floor":8,"turns":5},{"damage":0,"enemies":"Exordium Wildlife","floor":10,"turns":2},{"damage":0,"enemies":"3 Louse","floor":11,"turns":2},{"damage":4,"enemies":"Red Slaver","floor":12,"turns":3},{"damage":0,"enemies":"3 Sentries","floor":14,"turns":3},{"damage":77,"enemies":"Slime Boss","floor":16,"turns":15}],"seed_played":"-6541817770973476704","potions_obtained":[{"floor":1,"key":"Explosive Potion"},{"floor":5,"key":"Explosive Potion"},{"floor":5,"key":"Poison Potion"},{"floor":7,"key":"Explosive Potion"}],"is_trial":false,"path_per_floor":["M","M","M","M","?","R","E","M","T","M","M","M","R","E","R","B"],"character_chosen":"THE_SILENT","items_purchased":[],"campfire_rested":1,"item_purchase_floors":[],"current_hp_per_floor":[70,69,67,67,67,67,56,56,56,56,56,52,70,77,77,0],"gold":312,"neow_bonus":"BOSS_RELIC","is_prod":false,"is_daily":false,"chose_seed":false,"campfire_upgraded":1,"win_rate":0,"timestamp":1561860473,"path_taken":["M","M","M","M","?","R","E","M","T","M","M","?","R","E","R","BOSS"],"build_version":"2019-01-23","purchased_purges":0,"victory":false,"max_hp_per_floor":[70,70,70,70,70,70,70,70,70,70,70,70,70,77,77,77],"card_choices":[{"not_picked":["Predator","Outmaneuver","Bane"],"picked":"SKIP","floor":1},{"not_picked":["Blur","Caltrops"],"picked":"Sucker Punch","floor":2},{"not_picked":["Dodge and Roll","Dagger Spray"],"picked":"Backstab","floor":3},{"not_picked":["Blade Dance","Well Laid Plans"],"picked":"Dagger Spray","floor":4},{"not_picked":["Slice","Poisoned Stab"],"picked":"Heel Hook","floor":7},{"not_picked":["Flying Knee","Bouncing Flask","Underhanded Strike"],"picked":"SKIP","floor":8},{"not_picked":["Tactician","Caltrops"],"picked":"PiercingWail","floor":10},{"not_picked":["Wraith Form v2","Footwork","Dagger Spray"],"picked":"SKIP","floor":11},{"not_picked":["Acrobatics","Dagger Spray"],"picked":"Dagger Throw","floor":12},{"not_picked":["Bane","Concentrate","Dagger Spray"],"picked":"SKIP","floor":14}],"player_experience":580324,"relics_obtained":[{"floor":7,"key":"The Courier"},{"floor":14,"key":"Strawberry"}],"event_choices":[{"damage_healed":0,"gold_gain":0,"player_choice":"Got Potions","damage_taken":0,"max_hp_gain":0,"max_hp_loss":0,"event_name":"Lab","floor":5,"gold_loss":0}],"is_beta":false,"boss_relics":[],"items_purged_floors":[],"is_endless":false,"potions_floor_spawned":[1,7,8,10],"killed_by":"Slime Boss","ascension_level":5}