{"gold_per_floor":[419,432,449,223,223,223,252,252,276,451,111,121,136,149,149,252,252,272,12,12,12,28,28,28,28,54,66,78,78,3,20,20,118,118,138,193,193,193,211,211,246,246,318,41,57,57,72,87,87,87],"floor_reached":50,"playtime":3315,"items_purged":["Strike_R","Doubt","Pain"],"score":499,"play_id":"cc3cda0b-fe8c-4ce1-b589-716f39c356d9","local_time":"20180709111608","is_ascension_mode":false,"campfire_choices":[{"data":"Searing Blow+1","floor":6,"key":"SMITH"},{"data":"Searing Blow+2","floor":8,"key":"SMITH"},{"data":"Searing Blow+3","floor":15,"key":"SMITH"},{"floor":23,"key":"REST"},{"floor":25,"key":"REST"},{"floor":32,"key":"REST"},{"floor":40,"key":"REST"},{"data":"Searing Blow+4","floor":46,"key":"SMITH"},{"data":"Searing Blow+5","floor":49,"key":"SMITH"}],"neow_cost":"CURSE","seed_source_timestamp":1103982870274099,"circlet_count":0,"master_deck":["Strike_R","Strike_R","Strike_R","Strike_R","Defend_R","Defend_R","Defend_R","Bash","Pommel Strike","Searing Blow+6","Flex","Spot Weakness","Heavy Blade","Bash","Seeing Red","Necronomicurse","Cleave+1","Second Wind+1","Fiend Fire","Writhe","Doubt","Dual Wield+1","Whirlwind+1","Rampage","Heavy Blade+1","Pommel Strike+1","Writhe","Power Through+1","Battle Trance"],"relics":["Burning Blood","Old Coin","Vajra","Oddly Smooth Stone","Centennial Puzzle","Medical Kit","Runic Pyramid","Shuriken","Necronomicon","Strawberry","Calling Bell","Potion Belt","Kunai","Gambling Chip","Dead Branch","Ornamental Fan","Frozen Egg 2","Happy Flower"],"potions_floor_usage":[7,16,16,22,27,29,31,47,50],"damage_taken":[{"damage":3,"enemies":"Small Slimes","floor":1,"turns":3},{"damage":1,"enemies":"Cultist","floor":2,"turns":4},{"damage":8,"enemies":"2 Louse","floor":3,"turns":3},{"damage":22,"enemies":"3 Sentries","floor":7,"turns":7},{"damage":7,"enemies":"Blue Slaver","floor":12,"turns":2},{"damage":0,"enemies":"Exordium Thugs","floor":13,"turns":3},{"damage":6,"enemies":"Exordium Wildlife","floor":14,"turns":3},{"damage":66,"enemies":"Hexaghost","floor":16,"turns":8},{"damage":4,"enemies":"Chosen","floor":18,"turns":4},{"damage":58,"enemies":"3 Byrds","floor":22,"turns":7},{"damage":18,"enemies":"Sentry and Sphere","floor":27,"turns":5},{"damage":21,"enemies":"Snake Plant","floor":28,"turns":2},{"damage":0,"enemies":"3 Cultists","floor":29,"turns":2},{"damage":17,"enemies":"Centurion and Healer","floor":31,"turns":4},{"damage":31,"enemies":"Automaton","floor":33,"turns":8},{"damage":9,"enemies":"Orb Walker","floor":35,"turns":3},{"damage":40,"floor":36,"turns":4},{"damage":17,"enemies":"3 Shapes","floor":39,"turns":3},{"damage":20,"enemies":"2 Orb Walkers","floor":41,"turns":3},{"damage":0,"enemies":"Maw","floor":45,"turns":5},{"damage":13,"enemies":"4 Shapes","floor":47,"turns":4},{"damage":16,"enemies":"3 Darklings","floor":48,"turns":3},{"damage":74,"enemies":"Time Eater","floor":50,"turns":6}],"seed_played":"-7243507747225688348","potions_obtained":[{"floor":3,"key":"Energy Potion"},{"floor":12,"key":"GamblersBrew"},{"floor":14,"key":"SkillPotion"},{"floor":16,"key":"SpeedPotion"},{"floor":18,"key":"Weak Potion"},{"floor":27,"key":"SmokeBomb"},{"floor":28,"key":"Weak Potion"},{"floor":36,"key":"GamblersBrew"},{"floor":47,"key":"Dexterity Potion"},{"floor":48,"key":"Explosive Potion"}],"is_trial":false,"path_per_floor":["M","M","M","$","?","R","E","R","T","?","$","M","M","M","R","B",null,"M","$","$","?","M","R","?","R","T","M","M","M","?","M","R","B",null,"M","?","?","?","M","R","E","?","T","$","M","R","M","M","R"],"character_chosen":"IRONCLAD","items_purchased":["Vajra","Medical Kit","Flex","Shuriken","Happy Flower"],"campfire_rested":4,"item_purchase_floors":[4,11,11,19,44],"current_hp_per_floor":[80,80,78,78,78,78,62,62,62,62,62,61,67,67,67,7,80,80,80,80,80,28,52,36,60,67,55,40,46,46,35,61,36,87,84,50,50,50,39,65,51,73,73,73,79,79,72,62,62,0],"gold":87,"neow_bonus":"ONE_RARE_RELIC","is_prod":false,"is_daily":false,"chose_seed":false,"campfire_upgraded":5,"win_rate":0,"timestamp":1531152968,"path_taken":["M","M","M","$","?","R","E","R","T","?","$","M","?","M","R","BOSS","M","?","$","?","M","R","?","R","T","M","M","M","?","?","R","BOSS","M","?","?","?","?","R","E","?","T","$","M","R","M","M","R","BOSS"],"build_version":"2018-07-05","purchased_purges":3,"victory":false,"max_hp_per_floor":[80,80,80,80,80,80,80,80,80,80,80,80,80,80,80,80,80,80,80,80,80,80,80,80,80,87,87,87,87,87,87,87,87,87,87,87,87,87,87,87,87,87,87,87,87,87,87,87,87,87],"card_choices":[{"not_picked":["Cleave","Twin Strike"],"picked":"Pommel Strike","floor":1},{"not_picked":["Pommel Strike","Shrug It Off"],"picked":"Searing Blow","floor":2},{"not_picked":["Rage","Body Slam","Headbutt"],"picked":"SKIP","floor":3},{"not_picked":["Evolve","Perfected Strike","Impervious"],"picked":"SKIP","floor":7},{"not_picked":["Sentinel","Corruption","Second Wind"],"picked":"SKIP","floor":12},{"not_picked":["Dual Wield","Havoc"],"picked":"Spot Weakness","floor":13},{"not_picked":["Sword Boomerang","Perfected Strike","Clash"],"picked":"SKIP","floor":14},{"not_picked":["Shrug It Off","Whirlwind"],"picked":"Heavy Blade","floor":18},{"not_picked":["True Grit","Anger+1"],"picked":"Seeing Red","floor":22},{"not_picked":["Intimidate","Body Slam"],"picked":"Cleave+1","floor":27},{"not_picked":["Perfected Strike","Warcry","Havoc"],"picked":"SKIP","floor":28},{"not_picked":["Blood for Blood","Entrench+1"],"picked":"Second Wind+1","floor":31},{"not_picked":["Offering","Feed"],"picked":"Fiend Fire","floor":33},{"not_picked":["Wild Strike","Exhume"],"picked":"Dual Wield+1","floor":35},{"not_picked":["Perfected Strike+1","Burning Pact+1"],"picked":"Whirlwind+1","floor":36},{"not_picked":["Iron Wave+1","Thunderclap"],"picked":"Heavy Blade+1","floor":39},{"not_picked":["Twin Strike+1","Perfected Strike+1"],"picked":"Pommel Strike+1","floor":41},{"not_picked":["Infernal Blade","Combust+1"],"picked":"Power Through+1","floor":45},{"not_picked":["Berserk+1","Rage"],"picked":"Battle Trance","floor":47},{"not_picked":["Rampage+1","Corruption+1","Headbutt+1"],"picked":"SKIP","floor":48}],"player_experience":121966,"relics_obtained":[{"floor":7,"key":"Oddly Smooth Stone"},{"floor":9,"key":"Centennial Puzzle"},{"floor":24,"key":"Necronomicon"},{"floor":26,"key":"Strawberry"},{"floor":34,"key":"Potion Belt"},{"floor":34,"key":"Kunai"},{"floor":34,"key":"Gambling Chip"},{"floor":36,"key":"Dead Branch"},{"floor":41,"key":"Ornamental Fan"},{"floor":43,"key":"Frozen Egg 2"}],"event_choices":[{"event_name":"Accursed Blacksmith","player_choice":"Forge","floor":5,"damage_taken":0},{"event_name":"Liars Game","player_choice":"agreed","floor":10,"damage_taken":0},{"event_name":"Match and Keep!","player_choice":"1 cards matched","floor":21,"damage_taken":0},{"event_name":"Cursed Tome","player_choice":"Obtained Book","floor":24,"damage_taken":0},{"event_name":"Beggar","player_choice":"Gave Gold","floor":30,"damage_taken":0},{"event_name":"Mysterious Sphere","player_choice":"Fight","floor":36,"damage_taken":0},{"event_name":"Match and Keep!","player_choice":"1 cards matched","floor":37,"damage_taken":0},{"event_name":"Falling","player_choice":"Removed Skill","floor":38,"damage_taken":0},{"event_name":"Winding Halls","player_choice":"Writhe","floor":42,"damage_taken":0}],"boss_relics":[{"not_picked":["Runic Dome","White Beast Statue"],"picked":"Runic Pyramid"},{"not_picked":["Coffee Dripper","Eternal Feather"],"picked":"Calling Bell"}],"items_purged_floors":[4,11,44],"is_endless":false,"potions_floor_spawned":[3,12,14,16,18,27,28,36,47,48],"killed_by":"Time Eater","ascension_level":0}