{"gold_per_floor":[113,213,233,308,483,483,508,508,562,581,609,609,8,22,22,127,127,138,155,173,191,191,219,219,236,236,236,236,266,266,277,277,376,376,393,403,403,84,100,114,114,148,172,172,172,172,206,217,217,217],"floor_reached":50,"playtime":21247,"items_purged":["Strike_R","Defend_R"],"score":685,"play_id":"799159a6-7d71-44f3-9361-64aa6fa9b9f1","local_time":"20180926223803","is_ascension_mode":true,"campfire_choices":[{"data":"Bash","floor":6,"key":"SMITH"},{"floor":8,"key":"REST"},{"floor":15,"key":"REST"},{"floor":24,"key":"REST"},{"floor":30,"key":"REST"},{"floor":32,"key":"REST"},{"floor":44,"key":"REST"},{"floor":46,"key":"REST"},{"floor":49,"key":"REST"}],"neow_cost":"NONE","seed_source_timestamp":147311543924286,"circlet_count":0,"master_deck":["Strike_R","Strike_R","Strike_R","Strike_R","Defend_R","Defend_R","Defend_R","Bash+1","Dropkick","Shrug It Off","Ghostly Armor","Thunderclap","Uppercut","Blood for Blood","Impervious+1","Iron Wave+1","Pommel Strike","Thunderclap","Cleave","Anger+1","Pommel Strike+1","Feed","Cleave","Immolate","Flame Barrier+1","Armaments+1","Flex+1","Apotheosis+1","Shockwave+1","Pain","Ghostly Armor+1","Clothesline+1"],"relics":["Burning Blood","Lantern","Dream Catcher","Incense Burner","Meat on the Bone","Toxic Egg 2","Fusion Hammer","Art of War","Sundial","Question Card","White Beast Statue","WarpedTongs","Strawberry","Ancient Tea Set","The Courier"],"potions_floor_usage":[7,7,11,20,20,25,28,31,31,31,31,39,40,40,40,42,48,50],"damage_taken":[{"damage":1,"enemies":"2 Louse","floor":1,"turns":2},{"damage":1,"enemies":"Cultist","floor":3,"turns":3},{"damage":40,"enemies":"Lagavulin","floor":7,"turns":8},{"damage":0,"enemies":"Small Slimes","floor":10,"turns":3},{"damage":35,"enemies":"Gremlin Nob","floor":11,"turns":5},{"damage":0,"enemies":"3 Louse","floor":14,"turns":4},{"damage":57,"enemies":"The Guardian","floor":16,"turns":12},{"damage":0,"enemies":"Chosen","floor":18,"turns":6},{"damage":13,"enemies":"Shell Parasite","floor":19,"turns":5},{"damage":18,"enemies":"Sentry and Sphere","floor":20,"turns":5},{"damage":15,"enemies":"Snecko","floor":21,"turns":4},{"damage":46,"enemies":"Book of Stabbing","floor":23,"turns":6},{"damage":40,"enemies":"Centurion and Healer","floor":25,"turns":6},{"damage":10,"enemies":"3 Cultists","floor":28,"turns":4},{"damage":43,"enemies":"Gremlin Leader","floor":29,"turns":10},{"damage":5,"enemies":"Sentry and Sphere","floor":31,"turns":4},{"damage":28,"enemies":"Automaton","floor":33,"turns":10},{"damage":4,"enemies":"Orb Walker","floor":35,"turns":3},{"damage":0,"enemies":"3 Shapes","floor":36,"turns":3},{"damage":27,"enemies":"Spire Growth","floor":39,"turns":5},{"damage":19,"enemies":"Maw","floor":40,"turns":6},{"damage":37,"enemies":"2 Orb Walkers","floor":42,"turns":4},{"damage":82,"enemies":"Giant Head","floor":47,"turns":9},{"damage":23,"enemies":"Sphere and 2 Shapes","floor":48,"turns":6},{"damage":75,"enemies":"Time Eater","floor":50,"turns":9}],"seed_played":"-2496591530097721112","potions_obtained":[{"floor":1,"key":"SkillPotion"},{"floor":3,"key":"SkillPotion"},{"floor":7,"key":"FearPotion"},{"floor":16,"key":"SteroidPotion"},{"floor":18,"key":"Energy Potion"},{"floor":21,"key":"SmokeBomb"},{"floor":23,"key":"Block Potion"},{"floor":29,"key":"EntropicBrew"},{"floor":33,"key":"LiquidBronze"},{"floor":35,"key":"PowerPotion"},{"floor":36,"key":"Dexterity Potion"},{"floor":39,"key":"SteroidPotion"},{"floor":40,"key":"LiquidBronze"},{"floor":42,"key":"FairyPotion"},{"floor":47,"key":"Swift Potion"},{"floor":48,"key":"SpeedPotion"}],"is_trial":false,"path_per_floor":["M","?","M","?","?","R","E","R","T","M","E","?","$","M","R","B",null,"M","M","M","M","?","E","R","M","T","?","M","E","R","M","R","B",null,"M","M","?","$","M","M","?","E","T","R","?","R","E","M","R"],"character_chosen":"IRONCLAD","items_purchased":["Meat on the Bone","Thunderclap","Toxic Egg 2","Flex+1","Apotheosis+1"],"campfire_rested":8,"item_purchase_floors":[13,13,13,38,38],"current_hp_per_floor":[88,88,88,77,77,77,43,69,69,75,46,46,46,52,78,39,88,88,81,69,60,60,32,58,36,36,36,44,19,45,58,84,65,91,91,91,86,86,65,52,52,40,40,67,67,93,29,27,55,0],"gold":217,"neow_bonus":"TEN_PERCENT_HP_BONUS","is_prod":false,"is_daily":false,"chose_seed":false,"campfire_upgraded":1,"win_rate":0,"timestamp":1538026683,"path_taken":["M","?","M","?","?","R","E","R","T","?","E","?","$","M","R","BOSS","M","M","M","M","?","E","R","M","T","?","M","E","R","M","R","BOSS","M","M","?","$","M","M","?","E","T","R","?","R","E","M","R","BOSS"],"build_version":"2018-09-20","purchased_purges":2,"victory":false,"max_hp_per_floor":[88,88,88,88,88,88,88,88,88,88,88,88,88,88,88,88,88,88,88,88,88,88,88,88,88,88,88,88,88,88,88,88,91,91,91,91,86,86,86,86,86,93,93,93,93,93,93,96,96,96],"card_choices":[{"not_picked":["Entrench","Evolve"],"picked":"Dropkick","floor":1},{"not_picked":["Perfected Strike","Clash","Metallicize"],"picked":"SKIP","floor":3},{"not_picked":["Carnage","Sword Boomerang"],"picked":"Shrug It Off","floor":7},{"not_picked":["Thunderclap","True Grit"],"picked":"Ghostly Armor","floor":10},{"not_picked":["Infernal Blade","True Grit","Bloodletting"],"picked":"SKIP","floor":11},{"not_picked":["Wild Strike","Shrug It Off+1"],"picked":"Uppercut","floor":14},{"not_picked":["Twin Strike","Shrug It Off+1"],"picked":"Blood for Blood","floor":15},{"not_picked":["Feed","Juggernaut"],"picked":"Impervious+1","floor":16},{"not_picked":["True Grit+1","Perfected Strike"],"picked":"Sever Soul+1","floor":18},{"not_picked":["Uppercut+1","Thunderclap"],"picked":"Iron Wave+1","floor":19},{"not_picked":["Iron Wave","Body Slam"],"picked":"Pommel Strike","floor":20},{"not_picked":["Spot Weakness+1","Shrug It Off+1","Clothesline"],"picked":"SKIP","floor":21},{"not_picked":["Entrench+1","Limit Break+1","Second Wind+1"],"picked":"SKIP","floor":23},{"not_picked":["Body Slam","Warcry+1"],"picked":"Cleave","floor":25},{"not_picked":["Shrug It Off+1","Clothesline"],"picked":"Anger+1","floor":29},{"not_picked":["Twin Strike","Fire Breathing","Clothesline"],"picked":"Pommel Strike+1","floor":30},{"not_picked":["Wild Strike","Pommel Strike","Bloodletting+1"],"picked":"Feed","floor":31},{"not_picked":["Anger","Headbutt","Burning Pact+1"],"picked":"Cleave","floor":32},{"not_picked":["Bludgeon","Brutality","Exhume+1"],"picked":"Immolate","floor":33},{"not_picked":["Metallicize+1","Thunderclap+1","Seeing Red+1"],"picked":"Flame Barrier+1","floor":35},{"not_picked":["Second Wind+1","Perfected Strike","Pommel Strike"],"picked":"Armaments+1","floor":36},{"not_picked":["Thunderclap+1","Body Slam","Hemokinesis+1","Pummel+1"],"picked":"SKIP","floor":39},{"not_picked":["Havoc+1","Body Slam","Bloodletting+1"],"picked":"Shockwave+1","floor":40},{"not_picked":["Demon Form","Feel No Pain","Exhume+1"],"picked":"Ghostly Armor+1","floor":42},{"not_picked":["Thunderclap","Pummel+1","Dual Wield+1","Flex+1"],"picked":"SKIP","floor":47},{"not_picked":["Perfected Strike","Warcry+1","True Grit+1","Clothesline"],"picked":"SKIP","floor":48},{"not_picked":["Disarm+1","Combust","Pommel Strike+1"],"picked":"Clothesline+1","floor":49}],"player_experience":376859,"relics_obtained":[{"floor":7,"key":"Lantern"},{"floor":9,"key":"Dream Catcher"},{"floor":11,"key":"Incense Burner"},{"floor":23,"key":"Art of War"},{"floor":26,"key":"Sundial"},{"floor":29,"key":"Question Card"},{"floor":42,"key":"Strawberry"},{"floor":43,"key":"Ancient Tea Set"},{"floor":47,"key":"The Courier"}],"event_choices":[{"event_name":"Golden Shrine","player_choice":"Pray","floor":2,"damage_taken":0},{"event_name":"World of Goop","player_choice":"Gather Gold","floor":4,"damage_taken":0},{"event_name":"Liars Game","player_choice":"agreed","floor":5,"damage_taken":0},{"event_name":"Fountain of Cleansing","player_choice":"Removed Curse","floor":12,"damage_taken":0},{"event_name":"Match and Keep!","player_choice":"1 cards matched","floor":22,"damage_taken":0},{"event_name":"Vampires","player_choice":"Ignored","floor":27,"damage_taken":0},{"event_name":"Winding Halls","player_choice":"Max HP","floor":37,"damage_taken":0},{"event_name":"Accursed Blacksmith","player_choice":"Rummage","floor":41,"damage_taken":0},{"event_name":"Falling","player_choice":"Removed Attack","floor":45,"damage_taken":0}],"is_beta":false,"boss_relics":[{"not_picked":["Black Star","Cursed Key"],"picked":"Fusion Hammer"},{"not_picked":["Lizard Tail","Snecko Eye"],"picked":"White Beast Statue"}],"items_purged_floors":[13,38],"is_endless":false,"potions_floor_spawned":[1,3,7,16,18,21,23,29,33,35,36,39,40,42,47,48],"killed_by":"Time Eater","ascension_level":3}