{"gold_per_floor":[116,136,136,61,86,86,122,122,122,122,150,186,207,225,225,324,324,339,357,357,382,398,398],"floor_reached":23,"playtime":1193,"items_purged":[],"score":406,"play_id":"42273221-bc1d-48b1-a054-88d6e5bffb7e","local_time":"20190703222226","is_ascension_mode":true,"campfire_choices":[{"data":"Beam Cell","floor":6,"key":"SMITH"},{"data":"Barrage","floor":10,"key":"SMITH"},{"floor":15,"key":"REST"}],"neow_cost":"NONE","seed_source_timestamp":28149530406575,"circlet_count":0,"master_deck":["AscendersBane","Strike_B+1","Strike_B","Strike_B+1","Defend_B","Defend_B","Defend_B","Defend_B","Zap","Glacier","Beam Cell+1","Barrage+1","Echo Form","Barrage","White Noise","Static Discharge","Fission+1","Turbo","Conserve Battery"],"relics":["Cracked Core","Whetstone","Golden Idol","Letter Opener","Odd Mushroom","Blood Vial","Black Star"],"potions_floor_usage":[11,12,13,21],"damage_taken":[{"damage":0,"enemies":"2 Louse","floor":1,"turns":2},{"damage":0,"enemies":"Small Slimes","floor":2,"turns":3},{"damage":0,"enemies":"Cultist","floor":5,"turns":4},{"damage":12,"enemies":"3 Sentries","floor":7,"turns":11},{"damage":10,"enemies":"The Mushroom Lair","floor":11,"turns":4},{"damage":28,"enemies":"Gremlin Nob","floor":12,"turns":4},{"damage":0,"enemies":"Gremlin Gang","floor":13,"turns":4},{"damage":2,"enemies":"Large Slime","floor":14,"turns":3},{"damage":26,"enemies":"The Guardian","floor":16,"turns":9},{"damage":16,"enemies":"Spheric Guardian","floor":18,"turns":5},{"damage":12,"enemies":"3 Byrds","floor":19,"turns":2},{"damage":1,"enemies":"Cultist and Chosen","floor":21,"turns":6},{"damage":9,"enemies":"Centurion and Healer","floor":22,"turns":8},{"damage":25,"enemies":"Slavers","floor":23,"turns":2}],"seed_played":"-5670610408443256279","potions_obtained":[{"floor":2,"key":"Energy Potion"},{"floor":7,"key":"AttackPotion"},{"floor":12,"key":"Fire Potion"},{"floor":13,"key":"Ancient Potion"}],"is_trial":false,"path_per_floor":["M","M","?","?","M","R","E","?","T","R","?","E","M","M","R","B",null,"M","M","?","M","M","E"],"character_chosen":"DEFECT","items_purchased":[],"campfire_rested":1,"item_purchase_floors":[],"current_hp_per_floor":[64,64,64,64,64,64,52,45,45,45,35,7,9,9,28,4,49,35,25,25,26,19,0],"gold":398,"neow_bonus":"RANDOM_COMMON_RELIC","is_prod":false,"is_daily":false,"chose_seed":false,"campfire_upgraded":2,"win_rate":0,"timestamp":1562185346,"path_taken":["M","M","?","?","M","R","E","?","T","R","?","E","M","M","R","BOSS","M","M","?","?","?","E"],"build_version":"2019-07-01","purchased_purges":0,"victory":false,"max_hp_per_floor":[71,71,64,64,64,64,64,64,64,64,64,64,64,64,64,64,64,64,64,64,64,64,64],"card_choices":[{"not_picked":["Turbo","FTL"],"picked":"Glacier","floor":1},{"not_picked":["Recycle","Hologram"],"picked":"Beam Cell","floor":2},{"not_picked":["Conserve Battery","Coolheaded"],"picked":"Barrage","floor":5},{"not_picked":["Aggregate","Chill"],"picked":"Echo Form","floor":7},{"not_picked":["Steam","Leap"],"picked":"Barrage","floor":11},{"not_picked":["Streamline","Ball Lightning"],"picked":"White Noise","floor":12},{"not_picked":["Gash","Sweeping Beam","Go for the Eyes"],"picked":"SKIP","floor":13},{"not_picked":["Turbo","Barrage"],"picked":"Static Discharge","floor":14},{"not_picked":["Creative AI","Hyperbeam"],"picked":"Fission","floor":16},{"not_picked":["Redo+1","Compile Driver"],"picked":"Turbo","floor":18},{"not_picked":["Blizzard","Go for the Eyes","Chaos"],"picked":"SKIP","floor":19},{"not_picked":["Beam Cell","Hello World","Ball Lightning"],"picked":"SKIP","floor":21},{"not_picked":["Sweeping Beam","Rebound"],"picked":"Conserve Battery","floor":22}],"player_experience":1463881,"relics_obtained":[{"floor":7,"key":"Letter Opener"},{"floor":11,"key":"Odd Mushroom"},{"floor":12,"key":"Blood Vial"}],"event_choices":[{"damage_healed":0,"gold_gain":0,"player_choice":"Lose Max HP","damage_taken":0,"relics_obtained":["Golden Idol"],"max_hp_gain":0,"max_hp_loss":7,"event_name":"Golden Idol","floor":3,"gold_loss":0},{"cards_removed":["Dualcast"],"damage_healed":0,"gold_gain":0,"player_choice":"Card Removal","damage_taken":0,"max_hp_gain":0,"max_hp_loss":0,"event_name":"The Cleric","floor":4,"gold_loss":75},{"cards_removed":["Strike_B"],"damage_healed":0,"gold_gain":0,"player_choice":"Card Removal","damage_taken":7,"max_hp_gain":0,"max_hp_loss":0,"event_name":"Golden Wing","floor":8,"gold_loss":0},{"damage_healed":0,"gold_gain":0,"player_choice":"Fought Mushrooms","damage_taken":0,"max_hp_gain":0,"max_hp_loss":0,"event_name":"Mushrooms","floor":11,"gold_loss":0},{"damage_healed":0,"gold_gain":0,"player_choice":"Forge","damage_taken":0,"max_hp_gain":0,"max_hp_loss":0,"event_name":"Accursed Blacksmith","floor":20,"gold_loss":0,"cards_upgraded":["Fission"]}],"is_beta":false,"boss_relics":[{"not_picked":["Eternal Feather","Velvet Choker"],"picked":"Black Star"}],"items_purged_floors":[],"is_endless":false,"potions_floor_spawned":[2,7,12,13],"killed_by":"Slavers","ascension_level":20}