{"gold_per_floor":[109,109,62,73,22,77,77,91,114,148,159,159,175,186,186,284,284,295,311,311,311,331,331,343,9,55,70,70,86,86,112,112,112],"floor_reached":33,"playtime":2671,"items_purged":["Strike_G"],"score":426,"play_id":"8ea1ff8a-a61d-4d36-b6a2-d793cd706348","local_time":"20181020212857","is_ascension_mode":true,"campfire_choices":[{"data":"Deadly Poison","floor":7,"key":"SMITH"},{"data":"Poisoned Stab","floor":15,"key":"SMITH"},{"data":"Deadly Poison","floor":23,"key":"SMITH"},{"data":"Poisoned Stab","floor":30,"key":"SMITH"},{"floor":32,"key":"REST"}],"neow_cost":"NONE","seed_source_timestamp":275233082722176,"circlet_count":0,"master_deck":["Defend_G","Defend_G","Defend_G","Defend_G","Defend_G+1","Strike_G","Strike_G","Strike_G","Survivor+1","Neutralize","Backstab","Poisoned Stab+1","Deadly Poison+1","Cloak And Dagger","Quick Slash","Poisoned Stab+1","Acrobatics","Slice","Blade Dance+1","Glass Knife","Backstab","Dodge and Roll+1","Deadly Poison+1","Deadly Poison+1","Sucker Punch","Leg Sweep","Adrenaline","Cloak And Dagger+1"],"relics":["Ring of the Snake","NeowsBlessing","Tiny Chest","Bag of Marbles","Mercury Hourglass","The Courier","Dream Catcher","Lee\u0027s Waffle","War Paint","Anchor","MutagenicStrength","Boot"],"potions_floor_usage":[10,22,31,33,33],"damage_taken":[{"damage":0,"enemies":"Cultist","floor":1,"turns":1},{"damage":0,"enemies":"Small Slimes","floor":4,"turns":1},{"damage":0,"enemies":"3 Sentries","floor":6,"turns":1},{"damage":1,"enemies":"Jaw Worm","floor":8,"turns":3},{"damage":4,"enemies":"Gremlin Nob","floor":10,"turns":3},{"damage":0,"enemies":"Gremlin Gang","floor":11,"turns":2},{"damage":0,"enemies":"Exordium Thugs","floor":13,"turns":3},{"damage":0,"enemies":"Looter","floor":14,"turns":2},{"damage":21,"enemies":"The Guardian","floor":16,"turns":9},{"damage":8,"enemies":"Shell Parasite","floor":18,"turns":5},{"damage":3,"enemies":"2 Thieves","floor":19,"turns":3},{"damage":4,"enemies":"Centurion and Healer","floor":22,"turns":4},{"damage":19,"enemies":"Snecko","floor":24,"turns":4},{"damage":0,"enemies":"Cultist and Chosen","floor":27,"turns":4},{"damage":9,"enemies":"Centurion and Healer","floor":29,"turns":4},{"damage":9,"enemies":"Slavers","floor":31,"turns":4},{"damage":48,"enemies":"Automaton","floor":33,"turns":6}],"seed_played":"-8733375281100811868","potions_obtained":[{"floor":1,"key":"Dexterity Potion"},{"floor":4,"key":"PowerPotion"},{"floor":8,"key":"Regen Potion"},{"floor":11,"key":"SpeedPotion"},{"floor":16,"key":"SkillPotion"},{"floor":24,"key":"Ancient Potion"},{"floor":31,"key":"SneckoOil"}],"is_trial":false,"path_per_floor":["M","?","$","M","$","E","R","M","T","E","M","T","M","M","R","B",null,"M","M","T","?","M","R","M","$","T","M","?","M","R","E","R"],"character_chosen":"THE_SILENT","items_purchased":["Poisoned Stab","Cloak And Dagger","Lee\u0027s Waffle","War Paint"],"campfire_rested":1,"item_purchase_floors":[3,5,25,25],"current_hp_per_floor":[63,49,49,49,49,49,49,48,48,44,44,44,44,44,44,23,58,50,47,47,47,43,43,24,77,77,77,77,68,68,59,77,38],"gold":112,"neow_bonus":"THREE_ENEMY_KILL","is_prod":false,"is_daily":false,"chose_seed":false,"campfire_upgraded":4,"win_rate":0,"timestamp":1540088937,"path_taken":["M","?","?","M","$","E","R","M","T","E","?","?","M","?","R","BOSS","M","M","?","?","?","R","M","$","T","M","?","M","R","E","R","BOSS"],"build_version":"2018-10-18","purchased_purges":1,"victory":false,"max_hp_per_floor":[70,70,70,70,70,70,70,70,70,70,70,70,70,70,70,70,70,70,70,70,70,70,70,70,77,77,77,77,77,77,77,77,77],"card_choices":[{"not_picked":["Acrobatics","Underhanded Strike"],"picked":"Backstab","floor":1},{"not_picked":["Sucker Punch","Concentrate"],"picked":"Deadly Poison","floor":4},{"not_picked":["Riddle With Holes","Deflect"],"picked":"Quick Slash","floor":6},{"not_picked":["Deflect","Blade Dance","Prepared"],"picked":"SKIP","floor":8},{"not_picked":["Quick Slash","Phantasmal Killer"],"picked":"Poisoned Stab","floor":10},{"not_picked":["Concentrate","Predator"],"picked":"Acrobatics","floor":11},{"not_picked":["Footwork","Bane"],"picked":"Slice","floor":13},{"not_picked":["Terror","Dagger Throw"],"picked":"Blade Dance","floor":14},{"not_picked":["Doppelganger","Phantasmal Killer"],"picked":"Glass Knife","floor":16},{"not_picked":["Dagger Spray","Flying Knee"],"picked":"Backstab","floor":18},{"not_picked":["Prepared+1","Outmaneuver"],"picked":"Dodge and Roll+1","floor":19},{"not_picked":["Blade Dance","Poisoned Stab"],"picked":"Deadly Poison","floor":22},{"not_picked":["Setup","Crippling Poison"],"picked":"Deadly Poison","floor":24},{"not_picked":["Quick Slash","Escape Plan+1"],"picked":"Sucker Punch","floor":27},{"not_picked":["Predator","Reflex"],"picked":"Leg Sweep","floor":29},{"not_picked":["All Out Attack","Blur+1"],"picked":"Adrenaline","floor":31},{"not_picked":["Slice","Dodge and Roll+1"],"picked":"Cloak And Dagger+1","floor":32}],"player_experience":816370,"relics_obtained":[{"floor":6,"key":"Tiny Chest"},{"floor":9,"key":"Bag of Marbles"},{"floor":10,"key":"Mercury Hourglass"},{"floor":12,"key":"The Courier"},{"floor":20,"key":"Dream Catcher"},{"floor":26,"key":"Anchor"},{"floor":31,"key":"Boot"}],"event_choices":[{"damage_healed":0,"gold_gain":0,"player_choice":"Entered Light","damage_taken":14,"max_hp_gain":0,"max_hp_loss":0,"event_name":"Shining Light","floor":2,"gold_loss":0,"cards_upgraded":["Defend_G","Survivor"]},{"cards_removed":["Strike_G"],"damage_healed":0,"gold_gain":0,"player_choice":"Purged","damage_taken":0,"max_hp_gain":0,"max_hp_loss":0,"event_name":"Purifier","floor":21,"gold_loss":0},{"damage_healed":0,"gold_gain":0,"player_choice":"Inject Mutagens","damage_taken":0,"relics_obtained":["MutagenicStrength"],"max_hp_gain":0,"max_hp_loss":0,"event_name":"Drug Dealer","floor":28,"gold_loss":0}],"is_beta":false,"boss_relics":[{"not_picked":["Runic Pyramid","HoveringKite","Fusion Hammer"]}],"items_purged_floors":[25],"is_endless":false,"potions_floor_spawned":[1,4,8,11,16,19,24,31],"killed_by":"Automaton","ascension_level":8}