{"gold_per_floor":[119,69,81,81,81,81,144,144,225,225,244,276,286,4,4,109,109,125,144,144,162,1,1,13,13,13,13,42,42,42,62,62,163,213,232,243,243,253,253,253,270,14,14,14,14,14,26,26,26,26],"floor_reached":50,"playtime":3574,"items_purged":["Strike_G"],"score":765,"play_id":"47cb157a-ea6c-45da-be01-cbb86f01e048","local_time":"20181028150131","is_ascension_mode":true,"campfire_choices":[{"data":"Deadly Poison","floor":6.0,"key":"SMITH"},{"data":"Crippling Poison","floor":8.0,"key":"SMITH"},{"data":"Poisoned Stab","floor":10.0,"key":"SMITH"},{"floor":15.0,"key":"REST"},{"data":"Catalyst","floor":23.0,"key":"SMITH"},{"data":"Crippling Poison","floor":27.0,"key":"SMITH"},{"floor":32.0,"key":"REST"},{"data":"Deadly Poison","floor":40.0,"key":"SMITH"},{"floor":44.0,"key":"REST"},{"floor":46.0,"key":"REST"},{"floor":49.0,"key":"REST"}],"neow_cost":"NONE","seed_source_timestamp":0,"circlet_count":0,"master_deck":["Defend_G","Defend_G","Defend_G+1","Defend_G","Defend_G+1","Strike_G","Strike_G","Survivor","Neutralize","AscendersBane","Poisoned Stab+1","Deadly Poison+1","Crippling Poison+1","Well Laid Plans","Dagger Spray","Sucker Punch","Poisoned Stab","Well Laid Plans","Deadly Poison+1","Poisoned Stab","Cloak And Dagger","Catalyst+1","Noxious Fumes","Crippling Poison+1","Footwork+1","Poisoned Stab+1","Poisoned Stab+1","Blade Dance+1","Sucker Punch+1","Expertise","Noxious Fumes","Backflip","Discovery"],"special_seed":0,"relics":["Ring of the Snake","Oddly Smooth Stone","Tiny Chest","Bottled Lightning","Boot","TwistedFunnel","Orrery","Paper Crane","Lantern","Tiny House","Gremlin Horn","WingedGreaves","Tingsha"],"potions_floor_usage":[50,50],"damage_taken":[{"damage":0.0,"enemies":"Jaw Worm","floor":1.0,"turns":6.0},{"damage":0.0,"enemies":"2 Louse","floor":3.0,"turns":3.0},{"damage":5.0,"enemies":"Lagavulin","floor":7.0,"turns":6.0},{"damage":0.0,"enemies":"Cultist","floor":11.0,"turns":3.0},{"damage":2.0,"enemies":"3 Sentries","floor":12.0,"turns":8.0},{"damage":0.0,"enemies":"Exordium Thugs","floor":13.0,"turns":4.0},{"damage":5.0,"enemies":"Slime Boss","floor":16.0,"turns":7.0},{"damage":0.0,"enemies":"Chosen","floor":18.0,"turns":4.0},{"damage":1.0,"enemies":"3 Byrds","floor":19.0,"turns":3.0},{"damage":5.0,"enemies":"Centurion and Healer","floor":21.0,"turns":5.0},{"damage":12.0,"enemies":"Sentry and Sphere","floor":24.0,"turns":4.0},{"damage":20.0,"enemies":"Slavers","floor":28.0,"turns":3.0},{"damage":6.0,"enemies":"Snake Plant","floor":31.0,"turns":2.0},{"damage":39.0,"enemies":"Champ","floor":33.0,"turns":8.0},{"damage":3.0,"enemies":"Orb Walker","floor":35.0,"turns":4.0},{"damage":14.0,"enemies":"3 Darklings","floor":36.0,"turns":3.0},{"damage":13.0,"enemies":"Writhing Mass","floor":38.0,"turns":4.0},{"damage":21.0,"enemies":"Spire Growth","floor":41.0,"turns":4.0},{"damage":13.0,"enemies":"3 Darklings","floor":47.0,"turns":3.0},{"damage":57,"enemies":"Awakened One","floor":50,"turns":8}],"seed_played":"-5201739892695230941","potions_obtained":[{"floor":3.0,"key":"Explosive Potion"},{"floor":7.0,"key":"Block Potion"},{"floor":12.0,"key":"SteroidPotion"},{"floor":18.0,"key":"EssenceOfSteel"},{"floor":31.0,"key":"Swift Potion"},{"floor":33.0,"key":"SteroidPotion"},{"floor":34.0,"key":"Fruit Juice"},{"floor":36.0,"key":"Strength Potion"},{"floor":39.0,"key":"EntropicBrew"}],"is_trial":false,"path_per_floor":["M","?","M","?","?","R","E","R","T","R","M","E","M","$","R","B",null,"M","M","?","M","$","R","M","?","T","R","E","$","?","M","R","B",null,"M","M","?","M","?","R","M","$","T","R","T","R","M","?","R"],"character_chosen":"THE_SILENT","items_purchased":["TwistedFunnel","Noxious Fumes","Crippling Poison","Gremlin Horn"],"campfire_rested":5,"item_purchase_floors":[14,22,22,42],"current_hp_per_floor":[63,63,63,63,49,49,44,44,44,44,44,42,42,42,63,58,67,67,66,66,61,61,61,49,49,49,49,29,29,52,46,67,28,65,62,53,53,40,40,40,19,19,19,43,43,67,54,54,78,21],"gold":26,"neow_bonus":"RANDOM_COMMON_RELIC","is_prod":false,"is_daily":false,"chose_seed":false,"campfire_upgraded":6,"win_rate":0,"timestamp":1540756891,"path_taken":["M","?","?","?","?","R","E","R","T","R","M","E","M","?","R","BOSS","M","?","?","M","$","R","M","?","T","R","E","$","?","M","R","BOSS","M","M","?","M","?","R","M","$","T","R","?","R","M","?","R","BOSS"],"build_version":"2018-10-25v2","purchased_purges":1,"victory":false,"max_hp_per_floor":[70,70,70,70,70,70,70,70,70,70,70,70,70,70,70,70,70,70,70,70,70,70,70,70,70,70,70,70,70,70,70,70,70,75,75,80,80,80,80,80,80,80,80,80,80,80,80,80,80,80],"card_choices":[{"not_picked":["Slice","Catalyst"],"picked":"Poisoned Stab","floor":1.0},{"not_picked":["Dagger Throw","Riddle With Holes"],"picked":"Deadly Poison","floor":3.0},{"not_picked":["Quick Slash","Slice"],"picked":"Crippling Poison","floor":7.0},{"not_picked":["Acrobatics","Tactician"],"picked":"Well Laid Plans","floor":11.0},{"not_picked":["Slice","Dagger Throw"],"picked":"Dagger Spray","floor":12.0},{"not_picked":["Quick Slash","Underhanded Strike"],"picked":"Sucker Punch","floor":13.0},{"not_picked":["Well Laid Plans","Choke"],"picked":"Poisoned Stab","floor":17.0},{"not_picked":["Slice","Deflect"],"picked":"Well Laid Plans","floor":17.0},{"not_picked":["Dagger Throw","Eviscerate"],"picked":"Deadly Poison","floor":17.0},{"not_picked":["Dagger Spray","Acrobatics"],"picked":"Poisoned Stab","floor":17.0},{"not_picked":["Finisher","Deadly Poison"],"picked":"Cloak And Dagger","floor":17.0},{"not_picked":["Well Laid Plans","Dodge and Roll","Phantasmal Killer"],"picked":"SKIP","floor":18.0},{"not_picked":["Blade Dance","Cloak And Dagger+1"],"picked":"Catalyst","floor":19.0},{"not_picked":["Finisher+1","Distraction","Dagger Throw+1"],"picked":"SKIP","floor":21.0},{"not_picked":["Slice+1","Dagger Spray"],"picked":"Footwork","floor":24.0},{"not_picked":["Bane","Accuracy"],"picked":"Poisoned Stab+1","floor":28.0},{"not_picked":["Dagger Spray","Finisher"],"picked":"Poisoned Stab+1","floor":31.0},{"not_picked":["Dodge and Roll","Endless Agony"],"picked":"Blade Dance+1","floor":34.0},{"not_picked":["Backflip+1","Noxious Fumes"],"picked":"Sucker Punch+1","floor":35.0},{"not_picked":["Deflect","Dagger Throw"],"picked":"Expertise","floor":36.0},{"not_picked":["Riddle With Holes","Bane+1"],"picked":"Noxious Fumes","floor":38.0},{"not_picked":["Choke","Glass Knife"],"picked":"Backflip","floor":41.0},{"not_picked":["Sucker Punch","Bane","PiercingWail"],"picked":"SKIP","floor":47.0},{"not_picked":["Dramatic Entrance","Enlightenment"],"picked":"Discovery","floor":48.0}],"player_experience":873331,"relics_obtained":[{"floor":7.0,"key":"Tiny Chest"},{"floor":9.0,"key":"Bottled Lightning"},{"floor":12.0,"key":"Boot"},{"floor":26.0,"key":"Paper Crane"},{"floor":28.0,"key":"Lantern"},{"floor":43.0,"key":"WingedGreaves"},{"floor":45.0,"key":"Tingsha"}],"event_choices":[{"cards_removed":["Strike_G"],"damage_healed":0.0,"max_hp_gain":0.0,"max_hp_loss":0.0,"gold_gain":0.0,"event_name":"The Cleric","player_choice":"Card Removal","floor":2.0,"gold_loss":50.0,"damage_taken":0.0},{"damage_healed":0.0,"max_hp_gain":0.0,"max_hp_loss":0.0,"gold_gain":0.0,"event_name":"Liars Game","player_choice":"Ignored","floor":4.0,"gold_loss":0.0,"damage_taken":0.0},{"damage_healed":0.0,"max_hp_gain":0.0,"max_hp_loss":0.0,"gold_gain":0.0,"event_name":"Shining Light","player_choice":"Entered Light","floor":5.0,"gold_loss":0.0,"damage_taken":14.0,"cards_upgraded":["Defend_G","Defend_G"]},{"cards_removed":["Strike_G"],"damage_healed":0.0,"max_hp_gain":0.0,"max_hp_loss":0.0,"gold_gain":0.0,"event_name":"Wheel of Change","player_choice":"Card Removal","floor":20.0,"gold_loss":0.0,"damage_taken":0.0},{"damage_healed":0.0,"max_hp_gain":0.0,"max_hp_loss":0.0,"gold_gain":0.0,"event_name":"Beggar","player_choice":"Ignored","floor":25.0,"gold_loss":0.0,"damage_taken":0.0},{"damage_healed":23.0,"max_hp_gain":0.0,"max_hp_loss":0.0,"gold_gain":0.0,"event_name":"The Library","player_choice":"Heal","floor":30.0,"gold_loss":0.0,"damage_taken":0.0},{"damage_healed":0.0,"max_hp_gain":0.0,"max_hp_loss":0.0,"gold_gain":0.0,"event_name":"Tomb of Lord Red Mask","player_choice":"Ignored","floor":37.0,"gold_loss":0.0,"damage_taken":0.0},{"damage_healed":0.0,"max_hp_gain":0.0,"max_hp_loss":0.0,"gold_gain":0.0,"event_name":"The Lab","player_choice":"Got Potions","floor":39.0,"gold_loss":0.0,"damage_taken":0.0},{"damage_healed":0.0,"max_hp_gain":0.0,"max_hp_loss":0.0,"gold_gain":0.0,"event_name":"SensoryStone","player_choice":"Memory 1","floor":48.0,"gold_loss":0.0,"damage_taken":0.0}],"is_beta":false,"boss_relics":[{"not_picked":["Snecko Eye","Calling Bell"],"picked":"Orrery"},{"not_picked":["Runic Dome","Lizard Tail"],"picked":"Tiny House"}],"items_purged_floors":[14],"is_endless":false,"potions_floor_spawned":[3,7,12,18,31,33,36,41],"killed_by":"Awakened One","ascension_level":10}