{"gold_per_floor":[110,110,35,45,60,93,93,126,126,136,164,179,79,89,89,89],"floor_reached":16,"playtime":3478,"items_purged":["Doubt","Strike_R"],"score":153,"play_id":"1981dc10-4f07-4de4-b4fa-4eace3144115","local_time":"20180718123028","is_ascension_mode":true,"campfire_choices":[{"floor":7,"key":"REST"},{"data":"Pommel Strike","floor":15,"key":"SMITH"}],"neow_cost":"CURSE","seed_source_timestamp":4416842771473,"circlet_count":0,"master_deck":["Strike_R","Strike_R","Strike_R","Strike_R","Defend_R","Defend_R","Defend_R","Defend_R","Bash","Twin Strike","Thunderclap","Shrug It Off","Reaper","Cleave","Hemokinesis","Battle Trance","Pommel Strike+1"],"relics":["Burning Blood","Mummified Hand","Blood Vial","Meat on the Bone","Potion Belt"],"potions_floor_usage":[6,6,11,11,12,14],"damage_taken":[{"damage":0,"enemies":"2 Louse","floor":1,"turns":2},{"damage":1,"enemies":"Cultist","floor":4,"turns":3},{"damage":0,"enemies":"Small Slimes","floor":5,"turns":3},{"damage":65,"enemies":"Lagavulin","floor":6,"turns":11},{"damage":24,"enemies":"Gremlin Nob","floor":8,"turns":4},{"damage":10,"enemies":"Looter","floor":10,"turns":4},{"damage":11,"enemies":"3 Sentries","floor":11,"turns":4},{"damage":7,"enemies":"3 Louse","floor":12,"turns":2},{"damage":5,"enemies":"Lots of Slimes","floor":14,"turns":2},{"damage":103,"enemies":"The Guardian","floor":16,"turns":12}],"seed_played":"-3593581484100022551","potions_obtained":[{"floor":2,"key":"Regen Potion"},{"floor":2,"key":"Regen Potion"},{"floor":2,"key":"Energy Potion"},{"floor":4,"key":"LiquidBronze"},{"floor":6,"key":"Explosive Potion"},{"floor":10,"key":"Poison Potion"},{"floor":11,"key":"Explosive Potion"},{"floor":12,"key":"GamblersBrew"}],"is_trial":false,"path_per_floor":["M","?","$","M","M","E","R","E","T","M","E","M","$","M","R"],"character_chosen":"IRONCLAD","items_purchased":[],"campfire_rested":1,"item_purchase_floors":[],"current_hp_per_floor":[96,96,96,96,96,74,96,78,78,80,85,95,95,96,96,0],"gold":89,"neow_bonus":"TWENTY_PERCENT_HP_BONUS","is_prod":false,"is_daily":false,"chose_seed":false,"campfire_upgraded":1,"win_rate":0,"timestamp":1531942228,"path_taken":["M","?","$","M","M","E","R","E","T","M","E","?","$","M","R","BOSS"],"build_version":"2018-07-12","purchased_purges":2,"victory":false,"max_hp_per_floor":[96,96,96,96,96,96,96,96,96,96,96,96,96,96,96,96],"card_choices":[{"not_picked":["Body Slam","True Grit"],"picked":"Twin Strike","floor":1},{"not_picked":["True Grit","Dropkick"],"picked":"Thunderclap","floor":4},{"not_picked":["Feel No Pain","Pommel Strike"],"picked":"Shrug It Off","floor":5},{"not_picked":["Sword Boomerang","Disarm","Warcry"],"picked":"SKIP","floor":6},{"not_picked":["Clash","Flame Barrier"],"picked":"Reaper","floor":8},{"not_picked":["Wild Strike","Thunderclap"],"picked":"Cleave","floor":10},{"not_picked":["Heavy Blade","Body Slam"],"picked":"Hemokinesis","floor":11},{"not_picked":["Twin Strike","Clash"],"picked":"Battle Trance","floor":12},{"not_picked":["Flex","Sword Boomerang"],"picked":"Pommel Strike","floor":14}],"player_experience":96293,"relics_obtained":[{"floor":6,"key":"Mummified Hand"},{"floor":8,"key":"Blood Vial"},{"floor":9,"key":"Meat on the Bone"},{"floor":11,"key":"Potion Belt"}],"event_choices":[{"event_name":"The Lab","player_choice":"Got Potions","floor":2,"damage_taken":0}],"boss_relics":[],"items_purged_floors":[3,13],"is_endless":false,"potions_floor_spawned":[4,6,10,11,12],"killed_by":"The Guardian","ascension_level":1}