{"gold_per_floor":[109,109,109,127,138,138,172,172,226,226,238,257,257,272,272,350,350,366,466,466,110,110,110,143,143,143,143,19,29,47,67,67,67],"floor_reached":33,"playtime":2599,"items_purged":[],"score":576,"play_id":"3b4bd936-2d71-43fb-9eb6-dd9dea637543","local_time":"20181005104519","is_ascension_mode":true,"campfire_choices":[{"data":"Flex","floor":6.0,"key":"SMITH"},{"data":"Twin Strike","floor":8.0,"key":"SMITH"},{"floor":13.0,"key":"REST"},{"floor":15.0,"key":"REST"},{"floor":23.0,"key":"REST"},{"floor":25.0,"key":"REST"},{"data":"Heavy Blade","floor":27.0,"key":"SMITH"},{"data":"Body Slam","floor":32.0,"key":"SMITH"}],"neow_cost":"NONE","seed_source_timestamp":0,"circlet_count":0,"master_deck":["Strike_R+1","Strike_R","Strike_R+1","Strike_R+1","Strike_R+1","Defend_R","Defend_R","Defend_R","Defend_R","Bash","AscendersBane","Demon Form","Heavy Blade+1","Twin Strike+1","Flex+1","Iron Wave","Armaments","Heavy Blade+1","Flame Barrier","Double Tap","Shrug It Off","Ghostly","Ghostly","Ghostly","Ghostly","Ghostly","Body Slam+1","Perfected Strike","Shrug It Off+1","Flex+1"],"special_seed":0,"relics":["Burning Blood","Pen Nib","Whetstone","Velvet Choker","Shovel","The Courier","ClockworkSouvenir","Pear","Mummified Hand","Toxic Egg 2","Regal Pillow"],"potions_floor_usage":[],"damage_taken":[{"damage":4.0,"enemies":"Small Slimes","floor":1.0,"turns":4.0},{"damage":16.0,"enemies":"Cultist","floor":4.0,"turns":4.0},{"damage":0.0,"enemies":"2 Louse","floor":5.0,"turns":3.0},{"damage":35.0,"enemies":"3 Sentries","floor":7.0,"turns":8.0},{"damage":8.0,"enemies":"Large Slime","floor":11.0,"turns":3.0},{"damage":24.0,"enemies":"Exordium Wildlife","floor":12.0,"turns":3.0},{"damage":2.0,"enemies":"2 Fungi Beasts","floor":14.0,"turns":3.0},{"damage":0.0,"enemies":"Slime Boss","floor":16.0,"turns":6.0},{"damage":6.0,"enemies":"3 Byrds","floor":18.0,"turns":4.0},{"damage":26.0,"enemies":"Colosseum Slavers","floor":19.0,"turns":5.0},{"damage":50.0,"enemies":"Colosseum Nobs","floor":19.0,"turns":5.0},{"damage":21.0,"enemies":"Book of Stabbing","floor":24.0,"turns":4.0},{"damage":3.0,"enemies":"Chosen","floor":29.0,"turns":4.0},{"damage":0.0,"enemies":"Snake Plant","floor":30.0,"turns":3.0},{"damage":1.0,"enemies":"Cultist and Chosen","floor":31.0,"turns":7.0},{"damage":33,"enemies":"Automaton","floor":33,"turns":8}],"seed_played":"5546068791545678524","potions_obtained":[{"floor":1.0,"key":"Regen Potion"},{"floor":7.0,"key":"Explosive Potion"},{"floor":16.0,"key":"Weak Potion"},{"floor":29.0,"key":"Fire Potion"},{"floor":30.0,"key":"FearPotion"}],"is_trial":false,"path_per_floor":["M","?","?","M","M","R","E","R","T","?","M","M","R","M","R","B",null,"M","?","?","$","?","R","E","R","T","R","$","M","M","M","R"],"character_chosen":"IRONCLAD","items_purchased":["ClockworkSouvenir","Pear","Regal Pillow"],"campfire_rested":4,"item_purchase_floors":[21,21,28],"current_hp_per_floor":[70,70,70,60,66,66,52,52,52,29,27,9,31,35,57,63,72,72,8,8,18,18,30,15,27,27,27,27,30,36,41,41,8],"gold":67,"neow_bonus":"ONE_RANDOM_RARE_CARD","is_prod":false,"is_daily":false,"chose_seed":false,"campfire_upgraded":4,"win_rate":0,"timestamp":1538754319,"path_taken":["M","?","?","M","M","R","E","R","T","?","M","?","R","M","R","BOSS","M","?","?","$","?","R","E","R","T","R","?","M","M","?","R","BOSS"],"build_version":"2018-10-04","purchased_purges":0,"victory":false,"max_hp_per_floor":[75,75,75,75,75,75,75,75,75,75,75,75,75,75,75,75,75,75,75,75,85,42,42,42,42,42,42,42,42,42,42,42,42],"card_choices":[{"not_picked":["Carnage","Pommel Strike"],"picked":"Heavy Blade","floor":1.0},{"not_picked":["Flex","True Grit"],"picked":"Twin Strike","floor":4.0},{"not_picked":["Warcry","Cleave"],"picked":"Flex","floor":5.0},{"not_picked":["Second Wind","Feed"],"picked":"Iron Wave","floor":7.0},{"not_picked":["Infernal Blade","Clash"],"picked":"Armaments","floor":11.0},{"not_picked":["Burning Pact","Clash"],"picked":"Heavy Blade","floor":12.0},{"not_picked":["Cleave","Flex"],"picked":"Flame Barrier","floor":14.0},{"not_picked":["Brutality","Impervious"],"picked":"Double Tap","floor":16.0},{"not_picked":["Body Slam","Seeing Red"],"picked":"Shrug It Off","floor":18.0},{"not_picked":["Dual Wield","Corruption"],"picked":"Body Slam","floor":24.0},{"not_picked":["Disarm+1","Seeing Red+1"],"picked":"Perfected Strike","floor":29.0},{"not_picked":["Clothesline","Uppercut"],"picked":"Shrug It Off+1","floor":30.0},{"not_picked":["Uppercut","True Grit+1"],"picked":"Flex+1","floor":31.0}],"player_experience":696478,"relics_obtained":[{"floor":7.0,"key":"Pen Nib"},{"floor":9.0,"key":"Whetstone"},{"floor":19.0,"key":"Shovel"},{"floor":19.0,"key":"The Courier"},{"floor":24.0,"key":"Mummified Hand"},{"floor":26.0,"key":"Toxic Egg 2"}],"event_choices":[{"event_name":"Accursed Blacksmith","player_choice":"Forge","floor":2.0,"damage_taken":0.0},{"event_name":"The Cleric","player_choice":"Leave","floor":3.0,"damage_taken":0.0},{"event_name":"Shining Light","player_choice":"Entered Light","floor":10.0,"damage_taken":0.0},{"event_name":"Colosseum","player_choice":"Fight","floor":19.0,"damage_taken":0.0},{"event_name":"Colosseum","player_choice":"Fought Nobs","floor":19.0,"damage_taken":0.0},{"event_name":"Beggar","player_choice":"Ignored","floor":20.0,"damage_taken":0.0},{"event_name":"Ghosts","player_choice":"Became a Ghost","floor":22.0,"damage_taken":0.0}],"is_beta":false,"boss_relics":[{"not_picked":["Mark of Pain","Runic Dome"],"picked":"Velvet Choker"}],"items_purged_floors":[],"is_endless":false,"potions_floor_spawned":[1,7,16,19,29,30,31],"killed_by":"Automaton","ascension_level":15}