{"gold_per_floor":[217,68,68,68,143,143,143,143,169,42,42,72,91,119,119,221,221,233,233,233,46,66,66,81,81,104,104,19,51,65,81,81,182,182,192,202,102,119,119,152,202,202,228,238,238,238,255,275,275,275],"floor_reached":50,"playtime":2822,"items_purged":["Strike_R","Writhe"],"score":782,"play_id":"2daa92da-5ca4-42ba-b3f4-5c31d3b31951","local_time":"20180919143537","is_ascension_mode":true,"campfire_choices":[{"data":"Searing Blow","floor":6.0,"key":"SMITH"},{"data":"Searing Blow+1","floor":8.0,"key":"SMITH"},{"data":"Searing Blow+2","floor":11.0,"key":"SMITH"},{"data":"Searing Blow+3","floor":15.0,"key":"SMITH"},{"data":"Searing Blow+4","floor":23.0,"key":"SMITH"},{"data":"Searing Blow+5","floor":25.0,"key":"SMITH"},{"data":"Bludgeon","floor":27.0,"key":"SMITH"},{"data":"Rampage","floor":32.0,"key":"SMITH"},{"data":"Searing Blow+6","floor":42.0,"key":"SMITH"},{"data":"Searing Blow+7","floor":46.0,"key":"SMITH"},{"data":"Searing Blow+8","floor":49.0,"key":"SMITH"}],"neow_cost":"NONE","seed_source_timestamp":0,"circlet_count":0,"master_deck":["Strike_R","Strike_R","Strike_R","Defend_R","Defend_R","Defend_R+1","Defend_R","Bash","AscendersBane","Rampage+1","Searing Blow+9","Double Tap","Shrug It Off","Reaper","Cleave","Power Through","Bludgeon+1","Headbutt","Master of Strategy","Thunderclap+1","Flex","Uppercut","Cleave","Headbutt","Double Tap","Battle Trance+1","Bandage Up","Headbutt+1","Infernal Blade+1","Shrug It Off","Shrug It Off+1"],"special_seed":0,"relics":["Burning Blood","Bag of Preparation","Art of War","Boot","Red Skull","Sozu","Girya","Centennial Puzzle","Oddly Smooth Stone","Dream Catcher","Eternal Feather","Strawberry","Peace Pipe","War Paint"],"potions_floor_usage":[],"damage_taken":[{"damage":13.0,"enemies":"Jaw Worm","floor":1.0,"turns":4.0},{"damage":18.0,"enemies":"Gremlin Nob","floor":12.0,"turns":3.0},{"damage":0.0,"enemies":"Cultist","floor":13.0,"turns":2.0},{"damage":32.0,"enemies":"3 Sentries","floor":14.0,"turns":7.0},{"damage":38.0,"enemies":"Slime Boss","floor":16.0,"turns":8.0},{"damage":11.0,"enemies":"2 Thieves","floor":18.0,"turns":4.0},{"damage":1.0,"enemies":"3 Byrds","floor":22.0,"turns":4.0},{"damage":5.0,"enemies":"Cultist and Chosen","floor":24.0,"turns":3.0},{"damage":4.0,"enemies":"Gremlin Leader","floor":29.0,"turns":3.0},{"damage":12.0,"enemies":"3 Cultists","floor":30.0,"turns":3.0},{"damage":2.0,"enemies":"Sentry and Sphere","floor":31.0,"turns":3.0},{"damage":54.0,"enemies":"Collector","floor":33.0,"turns":4.0},{"damage":7.0,"enemies":"Orb Walker","floor":35.0,"turns":3.0},{"damage":6.0,"enemies":"3 Shapes","floor":36.0,"turns":3.0},{"damage":2.0,"enemies":"Sphere and 2 Shapes","floor":38.0,"turns":5.0},{"damage":60.0,"enemies":"Nemesis","floor":40.0,"turns":5.0},{"damage":14.0,"enemies":"Mysterious Sphere","floor":41.0,"turns":3.0},{"damage":15.0,"enemies":"Transient","floor":44.0,"turns":5.0},{"damage":53.0,"enemies":"4 Shapes","floor":47.0,"turns":5.0},{"damage":11.0,"enemies":"3 Darklings","floor":48.0,"turns":3.0},{"damage":22,"enemies":"Awakened One","floor":50,"turns":3}],"seed_played":"146449103834439986","potions_obtained":[{"floor":1.0,"key":"Block Potion"},{"floor":14.0,"key":"Strength Potion"},{"floor":16.0,"key":"SkillPotion"}],"is_trial":false,"path_per_floor":["M","$","?","?","?","R","?","R","T","$","R","E","M","E","R","B",null,"M","?","?","$","M","R","M","R","T","R","?","E","M","M","R","B",null,"M","M","$","M","?","E","?","R","T","M","$","R","M","M","R"],"character_chosen":"IRONCLAD","items_purchased":["Searing Blow","Double Tap","Shrug It Off","Master of Strategy"],"campfire_rested":0,"item_purchase_floors":[2,10,10,21],"current_hp_per_floor":[65,65,65,65,54,54,54,54,54,54,54,42,48,46,46,38,70,69,69,69,69,78,78,79,79,79,79,79,80,74,78,78,30,68,67,79,79,80,80,37,33,48,48,43,43,61,34,50,68,50],"gold":275,"neow_bonus":"HUNDRED_GOLD","is_prod":false,"is_daily":false,"chose_seed":false,"campfire_upgraded":11,"win_rate":0,"timestamp":1537385737,"path_taken":["M","$","?","?","?","R","?","R","T","$","R","E","?","E","R","BOSS","M","?","?","$","?","R","M","R","T","R","?","E","?","M","R","BOSS","M","M","$","?","?","E","?","R","T","M","$","R","M","M","R","BOSS"],"build_version":"2018-09-06","purchased_purges":2,"victory":false,"max_hp_per_floor":[80,80,80,80,80,80,80,80,80,80,80,80,80,80,80,80,80,80,80,80,80,80,80,80,80,80,80,80,80,80,80,80,80,80,80,80,80,80,80,87,87,87,87,87,87,87,87,87,87,87],"card_choices":[{"not_picked":["Ghostly Armor","Spot Weakness"],"picked":"Rampage","floor":1.0},{"not_picked":["Dropkick","Warcry"],"picked":"Reaper","floor":12.0},{"not_picked":["Perfected Strike","Rage"],"picked":"Cleave","floor":13.0},{"not_picked":["Twin Strike","Reckless Charge"],"picked":"Power Through","floor":14.0},{"not_picked":["Barricade","Juggernaut"],"picked":"Bludgeon","floor":16.0},{"not_picked":["Shrug It Off+1","Iron Wave+1"],"picked":"Headbutt","floor":18.0},{"not_picked":["Double Tap","Flex"],"picked":"Thunderclap+1","floor":22.0},{"not_picked":["Twin Strike","Sever Soul"],"picked":"Flex","floor":24.0},{"not_picked":["Berserk","Cleave"],"picked":"Uppercut","floor":29.0},{"not_picked":["Dropkick","Searing Blow"],"picked":"Cleave","floor":30.0},{"not_picked":["Iron Wave","Pommel Strike"],"picked":"Headbutt","floor":31.0},{"not_picked":["Brutality","Bludgeon"],"picked":"Double Tap","floor":33.0},{"not_picked":["Clothesline","Combust"],"picked":"Battle Trance","floor":35.0},{"not_picked":["Heavy Blade+1","Clothesline+1","Warcry+1"],"picked":"SKIP","floor":36.0},{"not_picked":["True Grit+1","Pummel","Hemokinesis+1"],"picked":"SKIP","floor":38.0},{"not_picked":["Chrysalis","Trip"],"picked":"Bandage Up","floor":39.0},{"not_picked":["Shockwave+1","Searing Blow"],"picked":"Headbutt+1","floor":40.0},{"not_picked":["Cleave","Perfected Strike"],"picked":"Infernal Blade+1","floor":41.0},{"not_picked":["Iron Wave+1","Flex"],"picked":"Shrug It Off","floor":44.0},{"not_picked":["Wild Strike","Entrench"],"picked":"Shrug It Off+1","floor":47.0},{"not_picked":["Warcry+1","Thunderclap","Wild Strike"],"picked":"SKIP","floor":48.0}],"player_experience":616733,"relics_obtained":[{"floor":9.0,"key":"Art of War"},{"floor":12.0,"key":"Boot"},{"floor":14.0,"key":"Red Skull"},{"floor":26.0,"key":"Centennial Puzzle"},{"floor":29.0,"key":"Dream Catcher"},{"floor":40.0,"key":"Strawberry"},{"floor":41.0,"key":"Peace Pipe"},{"floor":43.0,"key":"War Paint"}],"event_choices":[{"event_name":"Purifier","player_choice":"One Purge","floor":3.0,"damage_taken":0.0},{"event_name":"WeMeetAgain","player_choice":"Potion","floor":4.0,"damage_taken":0.0},{"event_name":"World of Goop","player_choice":"Gather Gold","floor":5.0,"damage_taken":0.0},{"event_name":"The Woman in Blue","player_choice":"Bought 0 Potions","floor":7.0,"damage_taken":0.0},{"event_name":"The Mausoleum","player_choice":"Yes","floor":19.0,"damage_taken":0.0},{"event_name":"Vampires","player_choice":"Ignored","floor":20.0,"damage_taken":0.0},{"event_name":"Addict","player_choice":"Obtained Relic","floor":28.0,"damage_taken":0.0},{"event_name":"SensoryStone","player_choice":"Memory 1","floor":39.0,"damage_taken":0.0},{"event_name":"Mysterious Sphere","player_choice":"Fight","floor":41.0,"damage_taken":0.0}],"is_beta":false,"boss_relics":[{"not_picked":["Calling Bell","Mark of Pain"],"picked":"Sozu"},{"not_picked":["Philosopher\u0027s Stone","Fusion Hammer"],"picked":"Eternal Feather"}],"items_purged_floors":[2,37],"is_endless":false,"potions_floor_spawned":[1,14,16,22,29,30,38,41,48],"killed_by":"Awakened One","ascension_level":10}