{"gold_per_floor":[117,117,117,292,305,305,331,331,400,162,162,183,183,199,199,327,327,327,327,327,327,327,327,327,327,327,327,327,327,327,327,327,327,327,327,327,35,35,35,35,35,35,35,35,35,35,35,35,35,35],"floor_reached":50,"playtime":9294,"items_purged":["Strike_B"],"score":510,"play_id":"fd3c44cd-6656-42a8-99df-624dca7a1eee","local_time":"20190323140831","is_ascension_mode":false,"campfire_choices":[{"data":"Sunder","floor":6.0,"key":"SMITH"},{"data":"Transmutation","floor":11,"key":"SMITH"},{"data":"Zap","floor":13,"key":"SMITH"},{"data":"White Noise","floor":15,"key":"SMITH"},{"floor":24,"key":"REST"},{"floor":30,"key":"REST"},{"data":"Buffer","floor":32,"key":"SMITH"},{"floor":40,"key":"REST"},{"data":"Double Energy","floor":42,"key":"SMITH"},{"data":"Buffer","floor":44,"key":"SMITH"},{"data":"Fusion","floor":49,"key":"SMITH"}],"neow_cost":"NONE","seed_source_timestamp":602596982314685,"circlet_count":0,"master_deck":["Strike_B","Strike_B","Strike_B","Defend_B+1","Defend_B+1","Defend_B","Zap+1","Dualcast","White Noise+1","Sunder+1","Transmutation+1","Buffer+1","Double Energy+1","Rebound+1","Sweeping Beam+1","Tempest","Fusion+1","FTL","Rebound+1","Sweeping Beam+1","Double Energy+1","Buffer+1","Tempest"],"special_seed":0,"relics":["Runic Pyramid","Golden Idol","Regal Pillow","Pantograph","Ectoplasm","Nunchaku","Molten Egg 2","Omamori","Busted Crown","Ice Cream","Boot","War Paint"],"potions_floor_usage":[23,28,29,33,33,38,39,39,41,48],"damage_taken":[{"damage":6.0,"enemies":"Jaw Worm","floor":1.0,"turns":3.0},{"damage":0.0,"enemies":"2 Louse","floor":5.0,"turns":3.0},{"damage":1,"enemies":"Cultist","floor":12,"turns":4},{"damage":21,"enemies":"Lots of Slimes","floor":14,"turns":2},{"damage":15,"enemies":"The Guardian","floor":16,"turns":6},{"damage":0,"enemies":"Spheric Guardian","floor":18,"turns":3},{"damage":0,"enemies":"Chosen","floor":19,"turns":6},{"damage":20,"enemies":"Sentry and Sphere","floor":20,"turns":4},{"damage":10,"enemies":"Centurion and Healer","floor":21,"turns":5},{"damage":6,"enemies":"Cultist and Chosen","floor":22,"turns":3},{"damage":15,"enemies":"Book of Stabbing","floor":23,"turns":4},{"damage":8,"enemies":"Snecko","floor":25,"turns":4},{"damage":21,"enemies":"Snake Plant","floor":27,"turns":2},{"damage":12,"enemies":"Centurion and Healer","floor":28,"turns":4},{"damage":9,"enemies":"Gremlin Leader","floor":29,"turns":4},{"damage":0,"enemies":"Snecko","floor":31,"turns":3},{"damage":24,"enemies":"Champ","floor":33,"turns":9},{"damage":33,"enemies":"3 Shapes","floor":35,"turns":3},{"damage":0,"enemies":"Orb Walker","floor":36,"turns":4},{"damage":4,"enemies":"3 Darklings","floor":38,"turns":3},{"damage":7,"enemies":"4 Shapes","floor":39,"turns":2},{"damage":0,"enemies":"Writhing Mass","floor":41,"turns":3},{"damage":0,"enemies":"Transient","floor":45,"turns":5},{"damage":14,"enemies":"Nemesis","floor":46,"turns":3},{"damage":10,"enemies":"3 Darklings","floor":48,"turns":2},{"damage":66,"enemies":"Awakened One","floor":50,"turns":9}],"seed_played":"-2041983661035257695","potions_obtained":[{"floor":22,"key":"Explosive Potion"},{"floor":25,"key":"FocusPotion"},{"floor":27,"key":"Energy Potion"},{"floor":28,"key":"Swift Potion"},{"floor":29,"key":"Poison Potion"},{"floor":31,"key":"PowerPotion"},{"floor":33,"key":"Weak Potion"},{"floor":35,"key":"Block Potion"},{"floor":38,"key":"PowerPotion"},{"floor":48,"key":"Fruit Juice"}],"is_trial":false,"path_per_floor":["M","?","?","?","M","R","T","?","T","$","R","M","R","M","R","B",null,"M","M","M","M","M","E","R","M","T","M","M","E","R","M","R","B",null,"M","M","$","M","M","R","M","R","T","R","M","E","?","M","R","B"],"character_chosen":"DEFECT","items_purchased":["Transmutation","Ice Cream"],"campfire_rested":3,"item_purchase_floors":[10,37],"current_hp_per_floor":[69,69,62,62,62,62,62,62,62,62,62,61,61,40,40,50,69,69,69,49,39,33,18,53,45,45,24,12,3,38,38,38,39,69,36,36,36,32,25,60,60,60,60,60,60,46,46,41,41,0],"gold":35,"neow_bonus":"BOSS_RELIC","is_prod":false,"is_daily":false,"chose_seed":false,"campfire_upgraded":8,"win_rate":0.0,"timestamp":1553346511,"path_taken":["M","?","?","?","M","R","?","?","T","$","R","?","R","M","R","BOSS","M","?","M","M","M","E","R","M","T","?","M","E","R","M","R","BOSS","M","M","$","M","M","R","M","R","T","R","M","E","?","M","R","BOSS"],"build_version":"2019-01-23","purchased_purges":1,"victory":false,"max_hp_per_floor":[75,69,69,69,69,69,69,69,69,69,69,69,69,69,69,69,69,69,69,69,69,69,69,69,69,69,69,69,69,69,69,69,69,69,69,69,69,69,69,69,69,69,69,69,69,69,69,74,74,74],"card_choices":[{"not_picked":["Turbo","Gash"],"picked":"White Noise","floor":1.0},{"not_picked":["Rebound","Redo"],"picked":"Sunder","floor":5.0},{"not_picked":["Turbo","Barrage","Leap"],"picked":"SKIP","floor":12},{"not_picked":["Leap","Stack","Undo"],"picked":"SKIP","floor":14},{"not_picked":["Echo Form","Fission"],"picked":"Buffer","floor":16},{"not_picked":["Barrage","Conserve Battery","Skim"],"picked":"SKIP","floor":18},{"not_picked":["Conserve Battery","Ball Lightning"],"picked":"Double Energy","floor":19},{"not_picked":["Doom and Gloom","Stack+1"],"picked":"Rebound+1","floor":20},{"not_picked":["Barrage+1","Cold Snap"],"picked":"Sweeping Beam+1","floor":21},{"not_picked":["Steam Power","Multi-Cast"],"picked":"Tempest","floor":22},{"not_picked":["Hologram","Scrape"],"picked":"Fusion","floor":23},{"not_picked":["Leap","Static Discharge"],"picked":"FTL","floor":25},{"not_picked":["Hologram","Go for the Eyes+1"],"picked":"Rebound+1","floor":27},{"not_picked":["Coolheaded","Gash+1"],"picked":"Sweeping Beam+1","floor":28},{"not_picked":["Turbo","Coolheaded","Steam"],"picked":"SKIP","floor":29},{"not_picked":["Auto Shields","All For One+1"],"picked":"Double Energy+1","floor":31},{"not_picked":["Reboot","All For One+1"],"picked":"Buffer","floor":33},{"not_picked":["Redo"],"picked":"SKIP","floor":35},{"not_picked":["Stack"],"picked":"SKIP","floor":36},{"not_picked":["Streamline+1"],"picked":"SKIP","floor":38},{"not_picked":[],"picked":"Tempest","floor":39},{"not_picked":["Gash+1"],"picked":"SKIP","floor":41},{"not_picked":["Cold Snap+1"],"picked":"SKIP","floor":45},{"not_picked":["Reinforced Body"],"picked":"SKIP","floor":46},{"not_picked":["Streamline+1"],"picked":"SKIP","floor":48}],"player_experience":166356,"relics_obtained":[{"floor":7.0,"key":"Regal Pillow"},{"floor":9,"key":"Pantograph"},{"floor":23,"key":"Nunchaku"},{"floor":26,"key":"Molten Egg 2"},{"floor":29,"key":"Omamori"},{"floor":43,"key":"Boot"},{"floor":46,"key":"War Paint"}],"event_choices":[{"damage_healed":0.0,"max_hp_gain":0.0,"max_hp_loss":6.0,"gold_gain":0.0,"event_name":"Golden Idol","player_choice":"Lose Max HP","floor":2.0,"gold_loss":0.0,"damage_taken":0.0,"relics_obtained":["Golden Idol"]},{"cards_removed":["Defend_B"],"damage_healed":0.0,"max_hp_gain":0.0,"max_hp_loss":0.0,"gold_gain":0.0,"event_name":"Golden Wing","player_choice":"Card Removal","floor":3.0,"gold_loss":0.0,"damage_taken":7.0},{"damage_healed":0.0,"max_hp_gain":0.0,"max_hp_loss":0.0,"gold_gain":175.0,"event_name":"Liars Game","player_choice":"AGREE","floor":4.0,"gold_loss":0.0,"damage_taken":0.0,"cards_obtained":["Doubt"]},{"cards_removed":["Doubt"],"damage_healed":0,"gold_gain":0,"player_choice":"Forget","damage_taken":0,"max_hp_gain":0,"max_hp_loss":0,"event_name":"Living Wall","floor":8,"gold_loss":0},{"damage_healed":0,"gold_gain":0,"player_choice":"Memory 1","damage_taken":0,"max_hp_gain":0,"max_hp_loss":0,"event_name":"SensoryStone","floor":47,"gold_loss":0}],"is_beta":false,"boss_relics":[{"not_picked":["Snecko Eye","Orrery"],"picked":"Ectoplasm"},{"not_picked":["Tiny House","Runic Dome"],"picked":"Busted Crown"}],"items_purged_floors":[10],"is_endless":false,"potions_floor_spawned":[22,25,27,28,29,31,33,35,38,48],"killed_by":"Awakened One","ascension_level":0}