{"gold_per_floor":[118,118,193,193,48,48,62,82,82,101,26,26,44,44,44,139,139,124,24,43,43,53,53,85,85,108,121,156,169,186,186,186,290,290,300,312,312,326,337,372,372,386,413,430,180,192,192,209,209,209,209,209,8,37,37],"floor_reached":56,"playtime":8943,"items_purged":["Regret","Dualcast","Strike_B","Strike_B"],"score":1213,"play_id":"2974f210-1cdd-483b-8498-47b03f5f7778","local_time":"20190331131349","is_ascension_mode":false,"campfire_choices":[{"data":"Defend_B","floor":6.0,"key":"SMITH"},{"data":"Fission","floor":12.0,"key":"SMITH"},{"data":"White Noise","floor":15.0,"key":"SMITH"},{"data":"Glacier","floor":23.0,"key":"SMITH"},{"floor":32.0,"key":"REST"},{"floor":41.0,"key":"REST"},{"floor":47.0,"key":"RECALL"},{"data":"Electrodynamics","floor":49.0,"key":"SMITH"},{"data":"Capacitor","floor":52.0,"key":"SMITH"}],"neow_cost":"NONE","seed_source_timestamp":0,"circlet_count":0,"master_deck":["Defend_B+1","Defend_B+1","Defend_B+1","Zap+1","White Noise+1","Fission+1","Glacier+1","Blizzard+1","Loop+1","Electrodynamics+1","Tempest+1","Capacitor+1","White Noise+1"],"special_seed":0,"relics":["Cracked Core","FossilizedHelix","Omamori","Empty Cage","Centennial Puzzle","Smiling Mask","Pen Nib","Nilry\u0027s Codex","Nuclear Battery","Mummified Hand","Lantern","Medical Kit","War Paint"],"potions_floor_usage":[55,55],"damage_taken":[{"damage":3.0,"enemies":"Jaw Worm","floor":1.0,"turns":3.0},{"damage":0.0,"enemies":"2 Louse","floor":7.0,"turns":2.0},{"damage":0.0,"enemies":"Cultist","floor":8.0,"turns":3.0},{"damage":5.0,"enemies":"Large Slime","floor":10.0,"turns":6.0},{"damage":16.0,"enemies":"Lots of Slimes","floor":13.0,"turns":5.0},{"damage":22.0,"enemies":"Hexaghost","floor":16.0,"turns":9.0},{"damage":12.0,"enemies":"2 Thieves","floor":18.0,"turns":4.0},{"damage":0.0,"enemies":"Shell Parasite","floor":20.0,"turns":16.0},{"damage":0.0,"enemies":"Shelled Parasite and Fungi","floor":22.0,"turns":9.0},{"damage":17.0,"enemies":"Book of Stabbing","floor":24.0,"turns":8.0},{"damage":0.0,"enemies":"Snecko","floor":27.0,"turns":6.0},{"damage":9.0,"enemies":"Gremlin Leader","floor":28.0,"turns":6.0},{"damage":3.0,"enemies":"3 Cultists","floor":29.0,"turns":5.0},{"damage":2.0,"enemies":"Shelled Parasite and Fungi","floor":30.0,"turns":6.0},{"damage":0.0,"enemies":"Champ","floor":33.0,"turns":9.0},{"damage":0.0,"enemies":"3 Shapes","floor":35.0,"turns":4.0},{"damage":0.0,"enemies":"Orb Walker","floor":36.0,"turns":4.0},{"damage":13.0,"enemies":"Maw","floor":38.0,"turns":8.0},{"damage":0.0,"enemies":"Jaw Worm Horde","floor":39.0,"turns":3.0},{"damage":29.0,"enemies":"Giant Head","floor":40.0,"turns":13.0},{"damage":0.0,"enemies":"4 Shapes","floor":42.0,"turns":1.0},{"damage":0.0,"enemies":"Writhing Mass","floor":44.0,"turns":5.0},{"damage":0.0,"enemies":"Maw","floor":46.0,"turns":5.0},{"damage":0.0,"enemies":"Spire Growth","floor":48.0,"turns":4.0},{"damage":53.0,"enemies":"Time Eater","floor":50.0,"turns":14.0},{"damage":10.0,"enemies":"Shield and Spear","floor":54.0,"turns":3.0},{"damage":60,"enemies":"The Heart","floor":55,"turns":12}],"seed_played":"-8523017549007937081","potions_obtained":[{"floor":7.0,"key":"Energy Potion"},{"floor":8.0,"key":"PowerPotion"},{"floor":14.0,"key":"FocusPotion"},{"floor":14.0,"key":"Regen Potion"},{"floor":16.0,"key":"Weak Potion"},{"floor":22.0,"key":"EntropicBrew"},{"floor":24.0,"key":"EssenceOfSteel"},{"floor":38.0,"key":"Ancient Potion"},{"floor":42.0,"key":"EssenceOfSteel"},{"floor":54.0,"key":"Weak Potion"}],"is_trial":false,"path_per_floor":["M","?","?","?","$","R","M","M","T","M","$","R","M","?","R","B",null,"M","$","M","$","M","R","E","?","T","M","E","M","M","?","R","B",null,"M","M","?","M","M","E","R","M","T","M","$","M","R","M","R","B",null,"R","$","E","B",null],"character_chosen":"DEFECT","items_purchased":["Omamori","Medical Kit","FairyPotion","FearPotion"],"campfire_rested":2,"item_purchase_floors":[5,45,53,53],"current_hp_per_floor":[72,72,61,61,61,61,61,61,61,56,56,56,40,40,40,18,75,63,63,63,63,63,63,61,61,61,61,52,49,47,31,53,53,75,75,75,75,62,62,33,55,55,55,55,55,55,55,55,55,2,75,75,75,65,5],"gold":37,"neow_bonus":"REMOVE_CARD","is_prod":false,"is_daily":false,"chose_seed":false,"campfire_upgraded":6,"win_rate":0,"timestamp":1554030829,"path_taken":["M","?","?","?","$","R","M","?","T","M","$","R","M","?","R","BOSS","M","?","M","$","M","R","E","?","T","M","E","M","M","?","R","BOSS","M","M","?","M","M","E","R","M","T","M","$","M","R","?","R","BOSS","R","$","E","BOSS"],"build_version":"2019-01-23","purchased_purges":4,"victory":true,"max_hp_per_floor":[75,75,75,75,75,75,75,75,75,75,75,75,75,75,75,75,75,75,75,75,75,75,75,75,75,75,75,75,75,75,75,75,75,75,75,75,75,75,75,75,75,75,75,75,75,75,75,75,75,75,75,75,75,75,75],"card_choices":[{"not_picked":["Barrage","Go for the Eyes","Beam Cell"],"picked":"SKIP","floor":1.0},{"not_picked":["Conserve Battery","Barrage"],"picked":"White Noise","floor":7.0},{"not_picked":["Go for the Eyes","Coolheaded"],"picked":"Fission","floor":8.0},{"not_picked":["Leap","Reprogram","Fusion"],"picked":"SKIP","floor":10.0},{"not_picked":["Rebound","Static Discharge","Loop"],"picked":"SKIP","floor":13.0},{"not_picked":["Steam+1","Melter"],"picked":"Glacier","floor":18.0},{"not_picked":["Chaos","Turbo"],"picked":"Blizzard+1","floor":20.0},{"not_picked":["Beam Cell","Melter"],"picked":"Loop+1","floor":22.0},{"not_picked":["Streamline","Rebound","Steam"],"picked":"SKIP","floor":24.0},{"not_picked":["Sweeping Beam","Gash+1","Redo"],"picked":"SKIP","floor":27.0},{"not_picked":["Lockon+1","Fusion","Coolheaded"],"picked":"SKIP","floor":28.0},{"not_picked":["Lockon+1","Fusion","Coolheaded"],"picked":"SKIP","floor":28.0},{"not_picked":["FTL","Compile Driver","Streamline+1"],"picked":"SKIP","floor":29.0},{"not_picked":["Leap+1","Recycle","Rebound+1"],"picked":"SKIP","floor":30.0},{"not_picked":["Biased Cognition","Seek"],"picked":"Electrodynamics","floor":33.0},{"not_picked":["Turbo","Ball Lightning+1"],"picked":"Tempest+1","floor":35.0},{"not_picked":["Steam Power+1","Aggregate+1"],"picked":"Capacitor","floor":36.0},{"not_picked":["Tempest","Compile Driver+1"],"picked":"White Noise+1","floor":38.0},{"not_picked":["Go for the Eyes","Auto Shields+1","Static Discharge"],"picked":"SKIP","floor":39.0},{"not_picked":["Heatsinks","Darkness+1","Undo"],"picked":"SKIP","floor":40.0},{"not_picked":["Rebound+1","Redo+1","Turbo+1"],"picked":"SKIP","floor":42.0},{"not_picked":["Genetic Algorithm+1","Stack","Leap+1"],"picked":"SKIP","floor":44.0},{"not_picked":["Skim+1","Doom and Gloom+1","Hologram+1"],"picked":"SKIP","floor":46.0},{"not_picked":["Consume+1","Ball Lightning","Scrape+1"],"picked":"SKIP","floor":48.0},{"not_picked":["Stack+1","Coolheaded","Beam Cell+1"],"picked":"SKIP","floor":54.0}],"player_experience":264388,"relics_obtained":[{"floor":24.0,"key":"Centennial Puzzle"},{"floor":26.0,"key":"Smiling Mask"},{"floor":28.0,"key":"Pen Nib"},{"floor":31.0,"key":"Nilry\u0027s Codex"},{"floor":40.0,"key":"Mummified Hand"},{"floor":43.0,"key":"Lantern"},{"floor":54.0,"key":"War Paint"}],"event_choices":[{"damage_healed":0.0,"max_hp_gain":0.0,"max_hp_loss":0.0,"gold_gain":0.0,"event_name":"Big Fish","player_choice":"Box","floor":2.0,"gold_loss":0.0,"damage_taken":0.0,"relics_obtained":["FossilizedHelix"],"cards_obtained":["Regret"]},{"damage_healed":0.0,"max_hp_gain":0.0,"max_hp_loss":0.0,"gold_gain":75.0,"event_name":"World of Goop","player_choice":"Gather Gold","floor":3.0,"gold_loss":0.0,"damage_taken":11.0},{"damage_healed":0.0,"max_hp_gain":0.0,"max_hp_loss":0.0,"gold_gain":0.0,"event_name":"Upgrade Shrine","player_choice":"Upgraded","floor":4.0,"gold_loss":0.0,"damage_taken":0.0,"cards_upgraded":["Zap"]},{"damage_healed":0.0,"max_hp_gain":0.0,"max_hp_loss":0.0,"gold_gain":0.0,"event_name":"Lab","player_choice":"Got Potions","floor":14.0,"gold_loss":0.0,"damage_taken":0.0},{"damage_healed":0.0,"max_hp_gain":0.0,"max_hp_loss":0.0,"gold_gain":0.0,"event_name":"Vampires","player_choice":"Ignored","floor":25.0,"gold_loss":0.0,"damage_taken":0.0},{"damage_healed":0.0,"max_hp_gain":0.0,"max_hp_loss":0.0,"gold_gain":0.0,"event_name":"Cursed Tome","player_choice":"Obtained Book","floor":31.0,"gold_loss":0.0,"damage_taken":16.0},{"damage_healed":0.0,"max_hp_gain":0.0,"max_hp_loss":0.0,"gold_gain":0.0,"event_name":"Wheel of Change","player_choice":"Full Heal","floor":37.0,"gold_loss":0.0,"damage_taken":0.0}],"is_beta":false,"boss_relics":[{"not_picked":["Orrery","Coffee Dripper"],"picked":"Empty Cage"},{"not_picked":["Busted Crown","Runic Dome"],"picked":"Nuclear Battery"}],"items_purged_floors":[11,19,45,53],"is_endless":false,"potions_floor_spawned":[7,8,16,18,22,24,29,33,35,38,42,44,54],"ascension_level":0}