{"gold_per_floor":[114,129,129,79,30,73,89,133,156,156,156,181,181,197,197,327,327,348,371,6,27,27,27,41,56,56,87,87,87,121,139,139,264,264,282,21,40,53,53,53,78,78,78,3,22,22,22,60,60,60],"floor_reached":50,"playtime":3993,"items_purged":["Defend_G"],"score":931,"play_id":"0dfae92d-8929-4248-8048-42319f51f486","local_time":"20181020202847","is_ascension_mode":true,"campfire_choices":[{"floor":15.0,"key":"REST"},{"data":"Blade Dance","floor":23.0,"key":"SMITH"},{"data":"Choke","floor":32.0,"key":"SMITH"},{"data":"Backflip","floor":40.0,"key":"SMITH"},{"floor":42.0,"key":"REST"},{"data":"Sucker Punch","floor":47.0,"key":"SMITH"},{"floor":49.0,"key":"REST"}],"neow_cost":"NONE","seed_source_timestamp":0,"circlet_count":0,"master_deck":["Defend_G","Defend_G+1","Survivor","Neutralize","Blade Dance","Backstab","Cloak And Dagger+1","A Thousand Cuts+1","Blade Dance+1","Backflip+1","Tools of the Trade","Dagger Spray+1","Burst","Bullet Time","Sucker Punch+1","Choke+1","Dagger Throw","Bite","Bite","Bite","Bite","Bite","RitualDagger","Prepared+1","Blade Dance+1","Backstab+1"],"special_seed":0,"relics":["Ring of the Snake","NeowsBlessing","Golden Idol","Vajra","Bag of Marbles","Pen Nib","Busted Crown","Whetstone","Orichalcum","Paper Crane","Bottled Lightning","Pear","Empty Cage","Mummified Hand","Regal Pillow","Blood Vial"],"potions_floor_usage":[50,50],"damage_taken":[{"damage":0.0,"enemies":"Jaw Worm","floor":1.0,"turns":1.0},{"damage":0.0,"enemies":"2 Louse","floor":2.0,"turns":1.0},{"damage":0.0,"enemies":"Lagavulin","floor":6.0,"turns":1.0},{"damage":1.0,"enemies":"Small Slimes","floor":7.0,"turns":2.0},{"damage":28.0,"enemies":"Gremlin Nob","floor":8.0,"turns":4.0},{"damage":0.0,"enemies":"Looter","floor":12.0,"turns":2.0},{"damage":0.0,"enemies":"Exordium Wildlife","floor":14.0,"turns":2.0},{"damage":0.0,"enemies":"Slime Boss","floor":16.0,"turns":5.0},{"damage":0.0,"enemies":"Chosen","floor":18.0,"turns":4.0},{"damage":6.0,"enemies":"3 Byrds","floor":19.0,"turns":2.0},{"damage":16.0,"enemies":"Centurion and Healer","floor":21.0,"turns":4.0},{"damage":0.0,"enemies":"3 Cultists","floor":24.0,"turns":4.0},{"damage":0.0,"enemies":"Chosen and Byrds","floor":25.0,"turns":3.0},{"damage":0.0,"enemies":"Gremlin Leader","floor":27.0,"turns":2.0},{"damage":0.0,"enemies":"Slavers","floor":30.0,"turns":4.0},{"damage":0.0,"enemies":"Centurion and Healer","floor":31.0,"turns":2.0},{"damage":1.0,"enemies":"Collector","floor":33.0,"turns":6.0},{"damage":7.0,"enemies":"3 Darklings","floor":35.0,"turns":2.0},{"damage":0.0,"enemies":"Orb Walker","floor":37.0,"turns":2.0},{"damage":27.0,"enemies":"Maw","floor":38.0,"turns":8.0},{"damage":20.0,"enemies":"4 Shapes","floor":41.0,"turns":5.0},{"damage":6.0,"enemies":"3 Darklings","floor":45.0,"turns":3.0},{"damage":8.0,"enemies":"Reptomancer","floor":48.0,"turns":3.0},{"damage":62,"enemies":"Time Eater","floor":50,"turns":8}],"seed_played":"-3111094822881426122","potions_obtained":[{"floor":6.0,"key":"GamblersBrew"},{"floor":14.0,"key":"Explosive Potion"},{"floor":16.0,"key":"Fire Potion"},{"floor":18.0,"key":"FearPotion"},{"floor":27.0,"key":"PowerPotion"},{"floor":35.0,"key":"SpeedPotion"},{"floor":45.0,"key":"Block Potion"},{"floor":48.0,"key":"AttackPotion"}],"is_trial":false,"path_per_floor":["M","M","?","?","$","E","M","E","T","?","?","M","?","M","R","B",null,"M","M","$","M","?","R","M","M","T","E","$","?","E","M","R","B",null,"M","$","M","M","?","R","M","R","T","$","M","?","R","E","R"],"character_chosen":"THE_SILENT","items_purchased":["Cloak And Dagger","Choke","Whetstone","Orichalcum","Mummified Hand"],"campfire_rested":3,"item_purchase_floors":[5,20,20,20,36],"current_hp_per_floor":[63,63,63,63,63,63,62,34,34,34,20,20,20,20,41,41,63,63,57,57,41,41,41,49,49,49,49,49,43,59,59,59,59,59,54,54,56,43,43,43,23,40,40,40,40,40,40,36,59,1],"gold":60,"neow_bonus":"THREE_ENEMY_KILL","is_prod":false,"is_daily":false,"chose_seed":false,"campfire_upgraded":4,"win_rate":0,"timestamp":1540085327,"path_taken":["M","M","?","?","?","E","?","E","T","?","?","?","?","M","R","BOSS","M","M","$","M","?","R","M","M","T","E","$","?","E","M","R","BOSS","M","$","M","M","?","R","M","R","T","$","M","?","R","E","R","BOSS"],"build_version":"2018-10-18","purchased_purges":1,"victory":false,"max_hp_per_floor":[70,70,70,70,70,70,70,70,70,70,70,70,70,70,70,70,70,70,70,70,70,49,49,49,49,49,49,49,49,59,59,59,59,59,59,59,59,59,59,59,59,59,59,59,59,59,59,59,59,59],"card_choices":[{"not_picked":["Concentrate","Accuracy"],"picked":"Blade Dance","floor":1.0},{"not_picked":["Noxious Fumes","Deadly Poison"],"picked":"Backstab","floor":2.0},{"not_picked":["Prepared","Cloak And Dagger"],"picked":"A Thousand Cuts","floor":6.0},{"not_picked":["Catalyst","Concentrate","PiercingWail"],"picked":"SKIP","floor":7.0},{"not_picked":["Escape Plan","Predator"],"picked":"Blade Dance","floor":8.0},{"not_picked":["Flying Knee","Outmaneuver"],"picked":"Dagger Spray","floor":12.0},{"not_picked":["Dagger Throw","Heel Hook"],"picked":"Burst","floor":14.0},{"not_picked":["Venomology","Unload"],"picked":"Bullet Time","floor":16.0},{"not_picked":[],"picked":"Sucker Punch","floor":18.0},{"not_picked":["PiercingWail"],"picked":"SKIP","floor":19.0},{"not_picked":[],"picked":"Dagger Throw","floor":21.0},{"not_picked":["Backflip"],"picked":"SKIP","floor":24.0},{"not_picked":["Poisoned Stab"],"picked":"SKIP","floor":25.0},{"not_picked":["Crippling Poison"],"picked":"SKIP","floor":27.0},{"not_picked":["Deadly Poison"],"picked":"SKIP","floor":30.0},{"not_picked":["Prepared"],"picked":"SKIP","floor":31.0},{"not_picked":[],"picked":"Prepared+1","floor":35.0},{"not_picked":["Poisoned Stab"],"picked":"SKIP","floor":37.0},{"not_picked":[],"picked":"Blade Dance+1","floor":38.0},{"not_picked":["Dagger Spray"],"picked":"SKIP","floor":41.0},{"not_picked":[],"picked":"Backstab+1","floor":45.0},{"not_picked":["Underhanded Strike"],"picked":"SKIP","floor":48.0}],"player_experience":811511,"relics_obtained":[{"floor":6.0,"key":"Vajra"},{"floor":8.0,"key":"Bag of Marbles"},{"floor":9.0,"key":"Pen Nib"},{"floor":26.0,"key":"Paper Crane"},{"floor":27.0,"key":"Bottled Lightning"},{"floor":30.0,"key":"Pear"},{"floor":43.0,"key":"Regal Pillow"},{"floor":48.0,"key":"Blood Vial"}],"event_choices":[{"damage_healed":0.0,"max_hp_gain":0.0,"max_hp_loss":0.0,"gold_gain":0.0,"event_name":"Golden Idol","player_choice":"Take Wound","floor":3.0,"gold_loss":0.0,"damage_taken":0.0,"relics_obtained":["Golden Idol"],"cards_obtained":["Injury"]},{"cards_removed":["Injury"],"damage_healed":0.0,"max_hp_gain":0.0,"max_hp_loss":0.0,"gold_gain":0.0,"event_name":"The Cleric","player_choice":"Card Removal","floor":4.0,"gold_loss":50.0,"damage_taken":0.0},{"damage_healed":0.0,"max_hp_gain":0.0,"max_hp_loss":0.0,"gold_gain":0.0,"event_name":"Match and Keep!","player_choice":"2 cards matched","floor":10.0,"gold_loss":0.0,"damage_taken":0.0,"cards_obtained":["Backflip","Tools of the Trade"]},{"damage_healed":0.0,"max_hp_gain":0.0,"max_hp_loss":0.0,"gold_gain":0.0,"event_name":"Shining Light","player_choice":"Entered Light","floor":11.0,"gold_loss":0.0,"damage_taken":14.0,"cards_upgraded":["Defend_G","Cloak And Dagger"]},{"damage_healed":0.0,"max_hp_gain":0.0,"max_hp_loss":0.0,"gold_gain":0.0,"event_name":"Living Wall","player_choice":"Grow","floor":13.0,"gold_loss":0.0,"damage_taken":0.0,"cards_upgraded":["A Thousand Cuts"]},{"damage_healed":0.0,"max_hp_gain":0.0,"max_hp_loss":21.0,"gold_gain":0.0,"event_name":"Vampires","player_choice":"Became a vampire","floor":22.0,"gold_loss":0.0,"damage_taken":0.0,"cards_obtained":["Bite","Bite","Bite","Bite","Bite"]},{"damage_healed":0.0,"max_hp_gain":0.0,"max_hp_loss":0.0,"gold_gain":0.0,"event_name":"Nest","player_choice":"Joined the Cult","floor":29.0,"gold_loss":0.0,"damage_taken":6.0,"cards_obtained":["RitualDagger"]},{"damage_healed":0.0,"max_hp_gain":0.0,"max_hp_loss":0.0,"gold_gain":0.0,"event_name":"FaceTrader","player_choice":"Leave","floor":39.0,"gold_loss":0.0,"damage_taken":0.0},{"damage_healed":0.0,"max_hp_gain":0.0,"max_hp_loss":0.0,"gold_gain":0.0,"event_name":"SensoryStone","player_choice":"Memory 1","floor":46.0,"gold_loss":0.0,"damage_taken":0.0}],"is_beta":false,"boss_relics":[{"not_picked":["Orrery","Ectoplasm"],"picked":"Busted Crown"},{"not_picked":["Astrolabe","Pandora\u0027s Box"],"picked":"Empty Cage"}],"items_purged_floors":[44],"is_endless":false,"potions_floor_spawned":[6,14,16,18,27,31,35,37,45,48],"killed_by":"Time Eater","ascension_level":8}