{"gold_per_floor":[12,23,33,33,53,88,88,99,99,99,109,140,140,155,155,155],"floor_reached":16,"playtime":981,"items_purged":[],"score":114,"play_id":"6fd0924e-d9ba-43fb-8543-c532055453d4","local_time":"20190314101349","is_ascension_mode":false,"campfire_choices":[{"data":"Deadly Poison","floor":7,"key":"SMITH"},{"data":"1","floor":10,"key":"LIFT"},{"floor":15,"key":"REST"}],"neow_cost":"NO_GOLD","seed_source_timestamp":591695170567903,"circlet_count":0,"master_deck":["Defend_G","Defend_G","Defend_G","Defend_G","Defend_G","Strike_G","Strike_G","Strike_G","Strike_G","Strike_G+1","Survivor","Neutralize","Deadly Poison+1","Sucker Punch","Backflip","Decay","Backflip","Cloak And Dagger+1","Dagger Spray","Deadly Poison"],"relics":["Ring of the Snake","Du-Vu Doll","The Courier","Girya","Ginger"],"potions_floor_usage":[6,11],"damage_taken":[{"damage":0,"enemies":"2 Louse","floor":1,"turns":2},{"damage":5,"enemies":"Cultist","floor":2,"turns":4},{"damage":0,"enemies":"Small Slimes","floor":3,"turns":2},{"damage":4,"enemies":"Exordium Thugs","floor":5,"turns":7},{"damage":26,"enemies":"Lagavulin","floor":6,"turns":7},{"damage":4,"enemies":"Blue Slaver","floor":8,"turns":3},{"damage":6,"enemies":"Large Slime","floor":11,"turns":5},{"damage":22,"enemies":"Gremlin Nob","floor":12,"turns":4},{"damage":0,"enemies":"3 Louse","floor":14,"turns":2},{"damage":23,"enemies":"Slime Boss","floor":16,"turns":8}],"seed_played":"5050079341195237083","potions_obtained":[{"floor":2,"key":"Block Potion"},{"floor":6,"key":"Regen Potion"},{"floor":11,"key":"Strength Potion"},{"floor":14,"key":"Regen Potion"}],"is_trial":false,"path_per_floor":["M","M","M","?","M","E","R","M","T","R","M","E","?","M","R","B"],"character_chosen":"THE_SILENT","items_purchased":[],"campfire_rested":1,"item_purchase_floors":[],"current_hp_per_floor":[70,65,65,65,61,35,35,31,31,31,39,17,3,3,24,1],"gold":155,"neow_bonus":"ONE_RARE_RELIC","is_prod":false,"is_daily":false,"chose_seed":false,"campfire_upgraded":1,"win_rate":0,"timestamp":1552576429,"path_taken":["M","M","M","?","M","E","R","?","T","R","M","E","?","M","R","BOSS"],"build_version":"2019-01-23","purchased_purges":0,"victory":false,"max_hp_per_floor":[70,70,70,70,70,70,70,70,70,70,70,70,70,70,70,70],"card_choices":[{"not_picked":["Bane","Deflect"],"picked":"Deadly Poison","floor":1},{"not_picked":["PiercingWail","Calculated Gamble"],"picked":"Sucker Punch","floor":2},{"not_picked":["Infinite Blades","Blur"],"picked":"Backflip","floor":3},{"not_picked":["Footwork","Noxious Fumes"],"picked":"Backflip","floor":5},{"not_picked":["Venomology","PiercingWail"],"picked":"Cloak And Dagger","floor":6},{"not_picked":["Setup","Slice"],"picked":"Dagger Spray","floor":8},{"not_picked":["Expertise","Prepared","All Out Attack"],"picked":"SKIP","floor":11},{"not_picked":["Night Terror","Distraction","Phantasmal Killer"],"picked":"SKIP","floor":12},{"not_picked":["Slice","Sucker Punch"],"picked":"Deadly Poison","floor":14}],"player_experience":1167638,"relics_obtained":[{"floor":6,"key":"The Courier"},{"floor":9,"key":"Girya"},{"floor":12,"key":"Ginger"}],"event_choices":[{"damage_healed":0,"gold_gain":0,"player_choice":"Cursed","damage_taken":0,"max_hp_gain":0,"max_hp_loss":0,"event_name":"Wheel of Change","floor":4,"gold_loss":0,"cards_obtained":["Decay"]},{"damage_healed":0,"gold_gain":0,"player_choice":"Entered Light","damage_taken":14,"max_hp_gain":0,"max_hp_loss":0,"event_name":"Shining Light","floor":13,"gold_loss":0,"cards_upgraded":["Strike_G","Cloak And Dagger"]}],"is_beta":false,"boss_relics":[],"items_purged_floors":[],"is_endless":false,"potions_floor_spawned":[2,6,11,14],"killed_by":"Slime Boss","ascension_level":0}