{"gold_per_floor":[115,115,125,125,125,125,152,164,225,237,287,312,359,371,383,395],"floor_reached":16,"playtime":624,"items_purged":[],"score":226,"play_id":"03865be0-4954-4059-b8db-64dcbb6363da","local_time":"20180924134315","is_ascension_mode":true,"campfire_choices":[{"data":"Bash","floor":6,"key":"SMITH"},{"floor":10,"key":"REST"},{"floor":15,"key":"REST"}],"neow_cost":"NONE","seed_source_timestamp":1045888168782956,"circlet_count":0,"master_deck":["Strike_R","Strike_R","Strike_R","Strike_R","Strike_R","Defend_R","Defend_R","Defend_R","Defend_R","Bash+1","AscendersBane","Wild Strike","Power Through","Reaper","Flex","Thunderclap","Pommel Strike","Iron Wave","Flex"],"relics":["Burning Blood","NeowsBlessing","Sundial","Ornamental Fan","MawBank","Golden Idol","Dream Catcher","Juzu Bracelet","Regal Pillow"],"potions_floor_usage":[11,13],"damage_taken":[{"damage":0,"enemies":"2 Louse","floor":1,"turns":1},{"damage":0,"enemies":"Small Slimes","floor":3,"turns":1},{"damage":0,"enemies":"Gremlin Nob","floor":7,"turns":1},{"damage":35,"enemies":"3 Sentries","floor":11,"turns":12},{"damage":6,"enemies":"Cultist","floor":12,"turns":4},{"damage":35,"enemies":"Gremlin Nob","floor":13,"turns":5},{"damage":21,"enemies":"The Guardian","floor":16,"turns":4}],"seed_played":"-1746590979925904479","potions_obtained":[{"floor":3,"key":"SteroidPotion"},{"floor":12,"key":"PowerPotion"},{"floor":13,"key":"Energy Potion"}],"is_trial":false,"path_per_floor":["M","?","M","?","T","R","E","?","T","R","E","M","E","$","R"],"character_chosen":"IRONCLAD","items_purchased":[],"campfire_rested":2,"item_purchase_floors":[],"current_hp_per_floor":[78,78,80,73,73,73,79,59,59,80,59,65,42,42,80,59],"gold":395,"neow_bonus":"THREE_ENEMY_KILL","is_prod":false,"is_daily":false,"chose_seed":false,"campfire_upgraded":1,"win_rate":0,"timestamp":1537814595,"path_taken":["M","?","M","?","?","R","E","?","T","R","E","M","E","$","R","BOSS"],"build_version":"2018-09-20","purchased_purges":0,"victory":false,"max_hp_per_floor":[80,80,80,80,80,80,80,80,80,80,80,80,80,80,80,80],"card_choices":[{"not_picked":["Clash","True Grit"],"picked":"Wild Strike","floor":1},{"not_picked":["Combust","Second Wind"],"picked":"Power Through","floor":3},{"not_picked":["Carnage","True Grit"],"picked":"Reaper","floor":7},{"not_picked":["Havoc","Wild Strike"],"picked":"Flex","floor":10},{"not_picked":["Clothesline","Brutality"],"picked":"Thunderclap","floor":11},{"not_picked":["Reckless Charge","Clothesline"],"picked":"Pommel Strike","floor":12},{"not_picked":["Cleave","Whirlwind"],"picked":"Iron Wave","floor":13},{"not_picked":["Infernal Blade","Body Slam"],"picked":"Flex","floor":15}],"player_experience":639619,"relics_obtained":[{"floor":5,"key":"Ornamental Fan"},{"floor":7,"key":"MawBank"},{"floor":9,"key":"Dream Catcher"},{"floor":11,"key":"Juzu Bracelet"},{"floor":13,"key":"Regal Pillow"}],"event_choices":[{"event_name":"Big Fish","player_choice":"Box","floor":2,"damage_taken":0},{"event_name":"Golden Wing","player_choice":"Card Removal","floor":4,"damage_taken":0},{"event_name":"Golden Idol","player_choice":"Take Damage","floor":8,"damage_taken":0}],"is_beta":false,"boss_relics":[],"items_purged_floors":[],"is_endless":false,"potions_floor_spawned":[3,12,13],"killed_by":"The Guardian","ascension_level":12}