{"gold_per_floor":[118,138,138,65,82,82,113,113,113,113,140,150,150,150,150,248,248,262,532,547,78,78,78,107,107,133,133,150,150,181,200,200,302,302,319,337,337,90,101,101,136,148,148,179,279,298,331,347,347,347],"floor_reached":51,"playtime":7375,"items_purged":["Strike_R","Clumsy"],"score":1028,"play_id":"8d677ed1-82cf-49a9-ba92-f3a49f49bc61","local_time":"20190701132628","is_ascension_mode":true,"campfire_choices":[{"data":"Limit Break","floor":6.0,"key":"SMITH"},{"data":"Battle Trance","floor":8.0,"key":"SMITH"},{"data":"Bash","floor":13.0,"key":"SMITH"},{"data":"Barricade","floor":15.0,"key":"SMITH"},{"data":"Apotheosis","floor":23.0,"key":"SMITH"},{"data":"Double Tap","floor":25.0,"key":"SMITH"},{"data":"Heavy Blade","floor":27.0,"key":"SMITH"},{"data":"Whirlwind","floor":32.0,"key":"SMITH"},{"data":"Ghostly","floor":40.0,"key":"SMITH"},{"data":"Ghostly","floor":49,"key":"SMITH"}],"neow_cost":"NONE","seed_source_timestamp":0,"circlet_count":0,"master_deck":["Strike_R+1","Strike_R","Strike_R","Strike_R","Defend_R","Defend_R","Defend_R","Defend_R","Bash+1","Battle Trance+1","Pommel Strike+1","Limit Break+1","Flex","Shrug It Off","Metallicize","Barricade+1","Shrug It Off","Offering","True Grit+1","Apotheosis+1","Feel No Pain","Double Tap+1","Heavy Blade+1","Seeing Red","Ghostly+1","Ghostly+1","Ghostly","Ghostly","Ghostly","Whirlwind+1","Offering","Feel No Pain+1","Entrench+1","Madness","Madness","Shame","Body Slam","Seeing Red+1","Body Slam+1"],"special_seed":0,"relics":["Burning Blood","Juzu Bracelet","Bag of Preparation","Matryoshka","Pantograph","FaceOfCleric","Cursed Key","Whetstone","Pen Nib","Centennial Puzzle","Meat on the Bone","Velvet Choker","Bronze Scales","Art of War","Strawberry","Gambling Chip","Potion Belt","Girya","Bag of Marbles"],"potions_floor_usage":[50,50,50,50,50],"damage_taken":[{"damage":5.0,"enemies":"2 Louse","floor":1.0,"turns":3.0},{"damage":1.0,"enemies":"Cultist","floor":2.0,"turns":3.0},{"damage":0.0,"enemies":"Jaw Worm","floor":5.0,"turns":3.0},{"damage":3.0,"enemies":"Gremlin Nob","floor":7.0,"turns":4.0},{"damage":19.0,"enemies":"Lagavulin","floor":11.0,"turns":8.0},{"damage":2.0,"enemies":"Looter","floor":12.0,"turns":3.0},{"damage":46.0,"enemies":"Hexaghost","floor":16.0,"turns":7.0},{"damage":0.0,"enemies":"3 Byrds","floor":18.0,"turns":5.0},{"damage":0.0,"enemies":"Chosen","floor":20.0,"turns":9.0},{"damage":16.0,"enemies":"Slavers","floor":24.0,"turns":7.0},{"damage":4.0,"enemies":"Centurion and Healer","floor":28.0,"turns":6.0},{"damage":1.0,"enemies":"Book of Stabbing","floor":30.0,"turns":5.0},{"damage":13.0,"enemies":"Sentry and Sphere","floor":31.0,"turns":7.0},{"damage":18.0,"enemies":"Automaton","floor":33.0,"turns":12.0},{"damage":1.0,"enemies":"3 Shapes","floor":35.0,"turns":3.0},{"damage":0.0,"enemies":"3 Darklings","floor":36.0,"turns":2.0},{"damage":4.0,"enemies":"Sphere and 2 Shapes","floor":39.0,"turns":1.0},{"damage":1.0,"enemies":"Reptomancer","floor":41.0,"turns":9.0},{"damage":0.0,"enemies":"4 Shapes","floor":42.0,"turns":6.0},{"damage":1.0,"enemies":"Nemesis","floor":44.0,"turns":7.0},{"damage":0.0,"enemies":"Mind Bloom Boss Battle","floor":45.0,"turns":4.0},{"damage":0.0,"enemies":"Jaw Worm Horde","floor":46.0,"turns":1.0},{"damage":0.0,"enemies":"Reptomancer","floor":47.0,"turns":4.0},{"damage":0,"enemies":"Spire Growth","floor":48,"turns":5},{"damage":0,"enemies":"Donu and Deca","floor":50,"turns":11}],"seed_played":"-1857914142045738395","potions_obtained":[{"floor":1.0,"key":"SneckoOil"},{"floor":5.0,"key":"EntropicBrew"},{"floor":7.0,"key":"Strength Potion"},{"floor":11.0,"key":"LiquidBronze"},{"floor":16.0,"key":"Swift Potion"},{"floor":18.0,"key":"Block Potion"},{"floor":20.0,"key":"Weak Potion"},{"floor":31.0,"key":"Ancient Potion"},{"floor":33.0,"key":"Swift Potion"},{"floor":35.0,"key":"Swift Potion"},{"floor":42.0,"key":"EssenceOfSteel"},{"floor":45.0,"key":"AttackPotion"},{"floor":46.0,"key":"Dexterity Potion"},{"floor":47.0,"key":"EssenceOfSteel"}],"is_trial":false,"path_per_floor":["M","M","?","$","M","R","E","R","T","?","E","M","R","?","R","B",null,"M","?","M","$","?","R","E","R","T","R","M","?","E","M","R","B",null,"M","M","?","$","M","R","E","M","T","E","?","M","E","M","R","B",null],"character_chosen":"IRONCLAD","items_purchased":["Flex","Shrug It Off","Apotheosis","Feel No Pain","Double Tap","Bronze Scales"],"campfire_rested":0,"item_purchase_floors":[4,4,21,21,21,38],"current_hp_per_floor":[80,80,80,80,80,80,80,80,80,80,67,71,71,71,71,41,81,82,50,57,57,57,57,48,48,48,48,51,42,43,37,37,33,45,46,47,41,41,44,44,49,50,57,58,59,60,61,62,62,63],"gold":347,"neow_bonus":"RANDOM_COMMON_RELIC","is_prod":false,"is_daily":false,"chose_seed":false,"campfire_upgraded":10,"win_rate":1,"timestamp":1562001988,"path_taken":["M","M","?","$","M","R","E","R","T","?","E","M","R","?","R","BOSS","M","?","M","$","?","R","E","R","T","R","M","?","E","M","R","BOSS","M","M","?","$","M","R","E","M","T","E","?","M","E","M","R","BOSS"],"build_version":"2019-01-23","purchased_purges":2,"victory":true,"max_hp_per_floor":[80,80,80,80,80,80,80,80,80,80,80,80,80,80,80,81,81,82,82,83,83,83,83,84,84,84,84,85,42,43,44,44,45,45,46,47,47,47,48,48,49,50,57,58,59,60,61,62,62,63],"card_choices":[{"not_picked":["Iron Wave","Headbutt"],"picked":"Battle Trance","floor":1.0},{"not_picked":["Perfected Strike","Fire Breathing"],"picked":"Pommel Strike","floor":2.0},{"not_picked":["Hemokinesis","Perfected Strike"],"picked":"Metallicize","floor":5.0},{"not_picked":["Bloodletting","Power Through","Sever Soul"],"picked":"SKIP","floor":7.0},{"not_picked":["Dark Embrace","Berserk"],"picked":"Barricade","floor":11.0},{"not_picked":["Warcry","Twin Strike"],"picked":"Shrug It Off","floor":12.0},{"not_picked":["Fiend Fire","Feed"],"picked":"Offering","floor":16.0},{"not_picked":["Clash","Fire Breathing+1"],"picked":"True Grit","floor":18.0},{"not_picked":["Iron Wave","Combust","Rampage+1"],"picked":"SKIP","floor":20.0},{"not_picked":["Cleave","Sever Soul"],"picked":"Heavy Blade","floor":24.0},{"not_picked":["Perfected Strike","Iron Wave+1"],"picked":"Seeing Red","floor":28.0},{"not_picked":["Flex+1","Limit Break"],"picked":"Whirlwind","floor":30.0},{"not_picked":["Burning Pact","Bloodletting+1","Anger"],"picked":"SKIP","floor":31.0},{"not_picked":["Fiend Fire","Juggernaut"],"picked":"Offering","floor":33.0},{"not_picked":["Armaments","Twin Strike+1"],"picked":"Feel No Pain+1","floor":35.0},{"not_picked":["Iron Wave","Twin Strike"],"picked":"Entrench+1","floor":36.0},{"not_picked":["Twin Strike+1","Headbutt","Pommel Strike"],"picked":"SKIP","floor":39.0},{"not_picked":["Anger+1","Infernal Blade","Combust"],"picked":"SKIP","floor":41.0},{"not_picked":["Warcry+1","Sword Boomerang","Thunderclap"],"picked":"SKIP","floor":42.0},{"not_picked":["Feel No Pain","Power Through+1"],"picked":"Body Slam","floor":44.0},{"not_picked":["Anger","Berserk"],"picked":"Seeing Red+1","floor":45.0},{"not_picked":["Flame Barrier+1","Iron Wave+1"],"picked":"Body Slam+1","floor":46.0},{"not_picked":["Perfected Strike","Hemokinesis+1","Battle Trance"],"picked":"SKIP","floor":47.0},{"not_picked":["Anger","Bloodletting+1","Body Slam+1"],"picked":"SKIP","floor":48}],"player_experience":193010,"relics_obtained":[{"floor":7.0,"key":"Bag of Preparation"},{"floor":9.0,"key":"Matryoshka"},{"floor":11.0,"key":"Pantograph"},{"floor":24.0,"key":"Whetstone"},{"floor":26.0,"key":"Pen Nib"},{"floor":26.0,"key":"Centennial Puzzle"},{"floor":30.0,"key":"Meat on the Bone"},{"floor":41.0,"key":"Art of War"},{"floor":43.0,"key":"Strawberry"},{"floor":43.0,"key":"Gambling Chip"},{"floor":44.0,"key":"Potion Belt"},{"floor":45.0,"key":"Girya"},{"floor":47.0,"key":"Bag of Marbles"}],"event_choices":[{"damage_healed":0.0,"max_hp_gain":0.0,"max_hp_loss":0.0,"gold_gain":0.0,"event_name":"Match and Keep!","player_choice":"1 cards matched","floor":3.0,"gold_loss":0.0,"damage_taken":0.0,"cards_obtained":["Limit Break"]},{"damage_healed":0.0,"max_hp_gain":0.0,"max_hp_loss":0.0,"gold_gain":0.0,"event_name":"Liars Game","player_choice":"Ignored","floor":10.0,"gold_loss":0.0,"damage_taken":0.0},{"damage_healed":0.0,"max_hp_gain":0.0,"max_hp_loss":0.0,"gold_gain":0.0,"event_name":"FaceTrader","player_choice":"Trade","floor":14.0,"gold_loss":0.0,"damage_taken":0.0,"relics_obtained":["FaceOfCleric"]},{"damage_healed":0.0,"max_hp_gain":0.0,"max_hp_loss":0.0,"gold_gain":270.0,"event_name":"Knowing Skull","player_choice":"GOLD GOLD GOLD ","floor":19.0,"potions_obtained":[],"gold_loss":0.0,"damage_taken":32.0,"cards_obtained":[]},{"damage_healed":0.0,"max_hp_gain":0.0,"max_hp_loss":0.0,"gold_gain":0.0,"event_name":"Accursed Blacksmith","player_choice":"Forge","floor":22.0,"gold_loss":0.0,"damage_taken":0.0,"cards_upgraded":["True Grit"]},{"damage_healed":0.0,"max_hp_gain":0.0,"max_hp_loss":43.0,"gold_gain":0.0,"event_name":"Ghosts","player_choice":"Became a Ghost","floor":29.0,"gold_loss":0.0,"damage_taken":0.0,"cards_obtained":["Ghostly","Ghostly","Ghostly","Ghostly","Ghostly"]},{"damage_healed":0.0,"max_hp_gain":0.0,"max_hp_loss":0.0,"gold_gain":0.0,"event_name":"Winding Halls","player_choice":"Embrace Madness","floor":37.0,"gold_loss":0.0,"damage_taken":6.0,"cards_obtained":["Madness","Madness"]},{"damage_healed":0.0,"max_hp_gain":0.0,"max_hp_loss":0.0,"gold_gain":0.0,"event_name":"MindBloom","player_choice":"Fight","floor":45.0,"gold_loss":0.0,"damage_taken":0.0}],"is_beta":false,"boss_relics":[{"not_picked":["Runic Cube","Busted Crown"],"picked":"Cursed Key"},{"not_picked":["Eternal Feather","White Beast Statue"],"picked":"Velvet Choker"}],"items_purged_floors":[21,38],"is_endless":false,"potions_floor_spawned":[1,5,7,11,16,18,20,31,33,35,42,45,46,47,48],"ascension_level":1}