{"gold_per_floor":[113,113,113,128,203,203,221,221,246,196,196,222,235,264,264,367,367,377,389,408,333,248,276,276,311,311,211,244,261,261,261,261,359,359,378,378,391,266,366,395,410,420,420,436,448,462,462,480,480,480],"floor_reached":50,"playtime":5888,"items_purged":["Defend_G","Defend_G","Strike_G"],"score":557,"play_id":"e5ba6ae8-e3fa-4961-a97f-277a58916e15","local_time":"20190327225209","is_ascension_mode":false,"campfire_choices":[{"data":"All Out Attack","floor":6.0,"key":"SMITH"},{"floor":8.0,"key":"REST"},{"data":"Sucker Punch","floor":11.0,"key":"SMITH"},{"data":"Survivor","floor":15.0,"key":"SMITH"},{"floor":24.0,"key":"REST"},{"floor":32.0,"key":"REST"},{"floor":47,"key":"REST"},{"floor":49,"key":"REST"}],"neow_cost":"NONE","seed_source_timestamp":982873514586678,"circlet_count":0,"master_deck":["Defend_G","Defend_G","Defend_G","Strike_G","Strike_G","Strike_G+1","Survivor+1","Neutralize+1","All Out Attack+1","Heel Hook","Sucker Punch+1","Heel Hook","Parasite","Parasite"],"special_seed":0,"relics":["Orrery","Lantern","Odd Mushroom","PreservedInsect","Cursed Key","Boot","Kunai","Happy Flower","FossilizedHelix","Nilry\u0027s Codex","Black Star","Vajra","Centennial Puzzle"],"potions_floor_usage":[45,46,46],"damage_taken":[{"damage":0.0,"enemies":"Small Slimes","floor":1.0,"turns":2.0},{"damage":0.0,"enemies":"2 Louse","floor":4.0,"turns":3.0},{"damage":1.0,"enemies":"Jaw Worm","floor":7.0,"turns":3.0},{"damage":2.0,"enemies":"The Mushroom Lair","floor":12.0,"turns":3.0},{"damage":0.0,"enemies":"Red Slaver","floor":13.0,"turns":3.0},{"damage":10.0,"enemies":"Gremlin Nob","floor":14.0,"turns":4.0},{"damage":42.0,"enemies":"The Guardian","floor":16.0,"turns":11.0},{"damage":5.0,"enemies":"3 Byrds","floor":18.0,"turns":5.0},{"damage":10.0,"enemies":"2 Thieves","floor":19.0,"turns":4.0},{"damage":11.0,"enemies":"Shelled Parasite and Fungi","floor":20.0,"turns":6.0},{"damage":12.0,"enemies":"Book of Stabbing","floor":23.0,"turns":5.0},{"damage":9.0,"enemies":"Slavers","floor":25.0,"turns":5.0},{"damage":0.0,"enemies":"Gremlin Leader","floor":28.0,"turns":4.0},{"damage":3.0,"enemies":"Chosen and Byrds","floor":29.0,"turns":5.0},{"damage":16.0,"enemies":"Collector","floor":33.0,"turns":10.0},{"damage":2.0,"enemies":"Orb Walker","floor":35.0,"turns":4.0},{"damage":12.0,"enemies":"3 Darklings","floor":37.0,"turns":7.0},{"damage":53.0,"enemies":"Nemesis","floor":40.0,"turns":9.0},{"damage":0.0,"enemies":"Jaw Worm Horde","floor":41.0,"turns":3.0},{"damage":0.0,"enemies":"Maw","floor":42.0,"turns":10.0},{"damage":1,"enemies":"Writhing Mass","floor":44,"turns":10},{"damage":4,"enemies":"Transient","floor":45,"turns":5},{"damage":0,"enemies":"Spire Growth","floor":46,"turns":4},{"damage":19,"enemies":"Writhing Mass","floor":48,"turns":9},{"damage":43,"enemies":"Time Eater","floor":50,"turns":6}],"seed_played":"1690225004899989938","potions_obtained":[{"floor":1.0,"key":"Weak Potion"},{"floor":12.0,"key":"PowerPotion"},{"floor":13.0,"key":"FearPotion"},{"floor":16.0,"key":"Regen Potion"},{"floor":18.0,"key":"Strength Potion"},{"floor":23.0,"key":"Dexterity Potion"},{"floor":33.0,"key":"FearPotion"},{"floor":37.0,"key":"SkillPotion"},{"floor":42.0,"key":"Block Potion"},{"floor":44,"key":"FearPotion"},{"floor":45,"key":"PowerPotion"}],"is_trial":false,"path_per_floor":["M","?","?","M","?","R","M","R","T","?","R","?","M","E","R","B",null,"M","M","M","$","?","E","R","E","T","$","E","M","?","?","R","B",null,"M","?","M","$","?","E","M","M","T","M","M","M","R","M","R","B"],"character_chosen":"THE_SILENT","items_purchased":[],"campfire_rested":5,"item_purchase_floors":[],"current_hp_per_floor":[70,56,56,56,45,45,44,65,65,65,65,63,63,53,53,11,70,65,55,44,44,44,32,53,44,44,44,44,41,41,25,46,30,70,68,68,56,56,56,18,18,18,18,17,13,13,34,15,36,0],"gold":480,"neow_bonus":"BOSS_RELIC","is_prod":false,"is_daily":false,"chose_seed":false,"campfire_upgraded":3,"win_rate":0,"timestamp":1553723529,"path_taken":["M","?","?","M","?","R","M","R","T","?","R","?","?","E","R","BOSS","M","M","M","?","?","E","R","E","T","$","E","M","?","?","R","BOSS","M","?","M","$","?","E","M","M","T","M","M","?","R","M","R","BOSS"],"build_version":"2019-01-23","purchased_purges":3,"victory":false,"max_hp_per_floor":[70,70,70,70,70,70,70,70,70,70,70,70,70,70,70,70,70,70,70,70,70,70,70,70,70,70,70,70,70,70,70,70,70,70,70,70,70,70,70,70,70,70,70,70,70,70,70,70,70,70],"card_choices":[{"not_picked":["Choke","PiercingWail"],"picked":"All Out Attack","floor":0.0},{"not_picked":["Cloak And Dagger","Riddle With Holes"],"picked":"Heel Hook","floor":0.0},{"not_picked":["Endless Agony","Deadly Poison"],"picked":"Sucker Punch","floor":0.0},{"not_picked":["Dagger Spray","Escape Plan","Slice"],"picked":"SKIP","floor":1.0},{"not_picked":["Poisoned Stab","Wraith Form v2"],"picked":"Heel Hook","floor":4.0},{"not_picked":["Dagger Spray","Tactician","Leg Sweep"],"picked":"SKIP","floor":7.0},{"not_picked":["Deflect","Bane","Outmaneuver"],"picked":"SKIP","floor":13.0},{"not_picked":["Deadly Poison","Quick Slash","Outmaneuver"],"picked":"SKIP","floor":14.0},{"not_picked":["Sucker Punch","Bane+1","Underhanded Strike"],"picked":"SKIP","floor":18.0},{"not_picked":["Noxious Fumes","Bane","Catalyst+1"],"picked":"SKIP","floor":19.0},{"not_picked":["Catalyst","Reflex+1","Quick Slash"],"picked":"SKIP","floor":20.0},{"not_picked":["Poisoned Stab","Finisher","Escape Plan"],"picked":"SKIP","floor":23.0},{"not_picked":["Masterful Stab+1","Grand Finale","Deadly Poison"],"picked":"SKIP","floor":25.0},{"not_picked":["Slice","A Thousand Cuts","Underhanded Strike+1"],"picked":"SKIP","floor":28.0},{"not_picked":["Sucker Punch","Backstab","Quick Slash"],"picked":"SKIP","floor":29.0},{"not_picked":["Sucker Punch","Backstab","Quick Slash"],"picked":"SKIP","floor":29.0},{"not_picked":["Sucker Punch","Backstab","Quick Slash"],"picked":"SKIP","floor":29.0},{"not_picked":["Slice+1","Bane+1","Backflip"],"picked":"SKIP","floor":35.0},{"not_picked":["Flechettes+1","Prepared","Slice"],"picked":"SKIP","floor":37.0},{"not_picked":["Reflex+1","Underhanded Strike","Backstab"],"picked":"SKIP","floor":40.0},{"not_picked":["Dodge and Roll+1","Blade Dance+1","Riddle With Holes"],"picked":"SKIP","floor":41.0},{"not_picked":["Poisoned Stab","Backflip+1","Finisher"],"picked":"SKIP","floor":42.0},{"not_picked":["Deflect+1","Flying Knee","Venomology"],"picked":"SKIP","floor":44},{"not_picked":["Dodge and Roll+1","Acrobatics","Underhanded Strike+1"],"picked":"SKIP","floor":45},{"not_picked":["Slice+1","Blade Dance+1","Corpse Explosion"],"picked":"SKIP","floor":46},{"not_picked":["Deadly Poison+1","Prepared","Reflex"],"picked":"SKIP","floor":48}],"player_experience":242468,"relics_obtained":[{"floor":9.0,"key":"Lantern"},{"floor":12.0,"key":"Odd Mushroom"},{"floor":14.0,"key":"PreservedInsect"},{"floor":23.0,"key":"Kunai"},{"floor":25.0,"key":"Happy Flower"},{"floor":28.0,"key":"FossilizedHelix"},{"floor":31.0,"key":"Nilry\u0027s Codex"},{"floor":40.0,"key":"Vajra"},{"floor":40.0,"key":"Centennial Puzzle"}],"event_choices":[{"damage_healed":0.0,"max_hp_gain":0.0,"max_hp_loss":0.0,"gold_gain":0.0,"event_name":"Shining Light","player_choice":"Entered Light","floor":2.0,"gold_loss":0.0,"damage_taken":14.0,"cards_upgraded":["Strike_G","Neutralize"]},{"damage_healed":0.0,"max_hp_gain":0.0,"max_hp_loss":0.0,"gold_gain":0.0,"event_name":"Liars Game","player_choice":"Ignored","floor":3.0,"gold_loss":0.0,"damage_taken":0.0},{"damage_healed":0.0,"max_hp_gain":0.0,"max_hp_loss":0.0,"gold_gain":75.0,"event_name":"World of Goop","player_choice":"Gather Gold","floor":5.0,"gold_loss":0.0,"damage_taken":11.0},{"cards_removed":["Strike_G"],"damage_healed":0.0,"max_hp_gain":0.0,"max_hp_loss":0.0,"gold_gain":0.0,"event_name":"The Cleric","player_choice":"Card Removal","floor":10.0,"gold_loss":50.0,"damage_taken":0.0},{"damage_healed":0.0,"max_hp_gain":0.0,"max_hp_loss":0.0,"gold_gain":0.0,"event_name":"Mushrooms","player_choice":"Fought Mushrooms","floor":12.0,"gold_loss":0.0,"damage_taken":0.0},{"damage_healed":0.0,"max_hp_gain":0.0,"max_hp_loss":0.0,"gold_gain":0.0,"event_name":"Addict","player_choice":"Obtained Relic","floor":22.0,"gold_loss":85.0,"damage_taken":0.0,"relics_obtained":["Boot"]},{"damage_healed":0.0,"max_hp_gain":0.0,"max_hp_loss":0.0,"gold_gain":0.0,"event_name":"Ghosts","player_choice":"Ignored","floor":30.0,"gold_loss":0.0,"damage_taken":0.0},{"damage_healed":0.0,"max_hp_gain":0.0,"max_hp_loss":0.0,"gold_gain":0.0,"event_name":"Cursed Tome","player_choice":"Obtained Book","floor":31.0,"gold_loss":0.0,"damage_taken":16.0},{"damage_healed":0.0,"max_hp_gain":0.0,"max_hp_loss":0.0,"gold_gain":0.0,"event_name":"Tomb of Lord Red Mask","player_choice":"Ignored","floor":36.0,"gold_loss":0.0,"damage_taken":0.0},{"damage_healed":0.0,"max_hp_gain":0.0,"max_hp_loss":0.0,"gold_gain":100.0,"event_name":"Golden Shrine","player_choice":"Pray","floor":39.0,"gold_loss":0.0,"damage_taken":0.0}],"is_beta":false,"boss_relics":[{"not_picked":["Runic Dome","Pandora\u0027s Box"],"picked":"Cursed Key"},{"not_picked":["Fusion Hammer","Eternal Feather"],"picked":"Black Star"}],"items_purged_floors":[21,27,38],"is_endless":false,"potions_floor_spawned":[1,12,13,16,18,23,28,33,37,42,44,45],"killed_by":"Time Eater","ascension_level":0}