{"gold_per_floor":[14,14,26,26,42,42,53,67,67,80,80,5,17,17,17,117,117,132,149,165,22,22,47,47,74,74,74,85,119,130,146,146,245,245,256,275,275,291,258,284,299,309,309,309,334,344,244,269,269,269,269,269,28,58,58],"floor_reached":56,"playtime":7498,"items_purged":["Defend_R","Heavy Blade"],"score":1446,"play_id":"e49403b4-8a27-4e57-b59b-97490adb35ca","local_time":"20190527224551","is_ascension_mode":true,"campfire_choices":[{"data":"Shrug It Off","floor":6.0,"key":"SMITH"},{"data":"Armaments","floor":11.0,"key":"SMITH"},{"data":"Bash","floor":15.0,"key":"SMITH"},{"data":"Flame Barrier","floor":24.0,"key":"SMITH"},{"floor":27.0,"key":"REST"},{"floor":32.0,"key":"RECALL"},{"floor":49,"key":"REST"},{"floor":52,"key":"REST"}],"neow_cost":"NO_GOLD","seed_source_timestamp":7351073491858,"circlet_count":0,"master_deck":["Strike_R","Strike_R+1","Strike_R","Defend_R","Defend_R+1","Defend_R","Bash+1","Shrug It Off+1","Pummel","Armaments+1","Body Slam+1","Flame Barrier+1","Metallicize","Reaper","Disarm+1","Seeing Red","Rage+1","Juggernaut","Inflame","Metallicize","Rage+1","Flame Barrier+1","Panacea","Inflame","Flame Barrier+1","Disarm+1","Evolve","Flex"],"special_seed":0,"relics":["Burning Blood","Bronze Scales","Runic Pyramid","Art of War","Matryoshka","Ancient Tea Set","Bag of Preparation","Torii","Fusion Hammer","Blue Candle","PreservedInsect","Meat on the Bone","Bag of Marbles","Ice Cream","Pen Nib","Vajra"],"potions_floor_usage":[50,55],"damage_taken":[{"damage":12.0,"enemies":"Small Slimes","floor":1.0,"turns":4.0},{"damage":11.0,"enemies":"Jaw Worm","floor":3.0,"turns":4.0},{"damage":0.0,"enemies":"2 Louse","floor":5.0,"turns":3.0},{"damage":1.0,"enemies":"Exordium Wildlife","floor":7.0,"turns":3.0},{"damage":9.0,"enemies":"Gremlin Gang","floor":8.0,"turns":7.0},{"damage":4.0,"enemies":"2 Fungi Beasts","floor":10.0,"turns":2.0},{"damage":3.0,"enemies":"Looter","floor":13.0,"turns":3.0},{"damage":50.0,"enemies":"The Guardian","floor":16.0,"turns":11.0},{"damage":31.0,"enemies":"2 Thieves","floor":18.0,"turns":4.0},{"damage":8.0,"enemies":"Spheric Guardian","floor":19.0,"turns":4.0},{"damage":11.0,"enemies":"Shelled Parasite and Fungi","floor":20.0,"turns":7.0},{"damage":15.0,"enemies":"Book of Stabbing","floor":23.0,"turns":6.0},{"damage":47.0,"enemies":"Slavers","floor":25.0,"turns":5.0},{"damage":1.0,"enemies":"Cultist and Chosen","floor":28.0,"turns":7.0},{"damage":0.0,"enemies":"Book of Stabbing","floor":29.0,"turns":6.0},{"damage":0.0,"enemies":"Snake Plant","floor":30.0,"turns":4.0},{"damage":0.0,"enemies":"Chosen and Byrds","floor":31.0,"turns":4.0},{"damage":77.0,"enemies":"Automaton","floor":33.0,"turns":15.0},{"damage":0.0,"enemies":"Orb Walker","floor":35.0,"turns":4.0},{"damage":1.0,"enemies":"3 Shapes","floor":36.0,"turns":5.0},{"damage":8.0,"enemies":"Jaw Worm Horde","floor":38.0,"turns":4.0},{"damage":37.0,"enemies":"Reptomancer","floor":40.0,"turns":6.0},{"damage":7.0,"enemies":"Transient","floor":41.0,"turns":5.0},{"damage":17.0,"enemies":"Writhing Mass","floor":42.0,"turns":6.0},{"damage":0.0,"enemies":"Giant Head","floor":45.0,"turns":7.0},{"damage":2.0,"enemies":"Sphere and 2 Shapes","floor":46.0,"turns":5.0},{"damage":19,"enemies":"Reptomancer","floor":48,"turns":7},{"damage":12,"enemies":"Donu and Deca","floor":50,"turns":9},{"damage":36,"enemies":"Shield and Spear","floor":54,"turns":6},{"damage":86,"enemies":"The Heart","floor":55,"turns":10}],"seed_played":"-8621782305473144698","potions_obtained":[{"floor":5.0,"key":"PowerPotion"},{"floor":7.0,"key":"PowerPotion"},{"floor":8.0,"key":"EssenceOfSteel"},{"floor":16.0,"key":"Energy Potion"},{"floor":23.0,"key":"Ancient Potion"},{"floor":25.0,"key":"Explosive Potion"},{"floor":28.0,"key":"PowerPotion"},{"floor":29.0,"key":"Dexterity Potion"},{"floor":30.0,"key":"AttackPotion"},{"floor":35.0,"key":"SteroidPotion"},{"floor":36.0,"key":"Explosive Potion"},{"floor":41.0,"key":"Poison Potion"},{"floor":42.0,"key":"SteroidPotion"},{"floor":46.0,"key":"PowerPotion"},{"floor":48,"key":"PowerPotion"}],"is_trial":false,"path_per_floor":["M","?","M","?","M","R","M","M","T","M","R","$","M","?","R","B",null,"M","M","M","$","?","E","R","E","T","R","M","E","M","M","R","B",null,"M","M","?","M","$","E","M","M","T","?","E","M","$","E","R","B",null,"R","$","E","B",null],"character_chosen":"IRONCLAD","items_purchased":["Flame Barrier","Metallicize","Metallicize","Pen Nib","Evolve","Flex"],"campfire_rested":3,"item_purchase_floors":[21,21,39,53,53,53],"current_hp_per_floor":[90,90,85,66,72,72,77,74,74,76,76,76,79,79,79,35,96,71,69,64,64,64,55,55,32,32,60,73,79,90,96,96,25,96,96,96,96,96,96,65,71,60,60,60,77,82,82,85,96,96,96,96,96,81,28],"gold":58,"neow_bonus":"TWENTY_PERCENT_HP_BONUS","is_prod":false,"is_daily":false,"chose_seed":false,"campfire_upgraded":4,"win_rate":0,"timestamp":1558989951,"path_taken":["M","?","M","?","M","R","M","M","T","M","R","?","M","?","R","BOSS","M","M","M","$","?","E","R","E","T","R","M","E","M","M","R","BOSS","M","?","?","M","$","E","M","M","T","?","E","M","$","E","R","BOSS","R","$","E","BOSS"],"build_version":"2019-01-23","purchased_purges":2,"victory":true,"max_hp_per_floor":[96,96,96,96,96,96,96,96,96,96,96,96,96,96,96,96,96,96,96,96,96,96,96,96,96,96,96,96,96,96,96,96,96,96,96,96,96,96,96,96,96,96,96,96,96,96,96,96,96,96,96,96,96,96,96],"card_choices":[{"not_picked":["Sword Boomerang","Headbutt","Rupture"],"picked":"SKIP","floor":1.0},{"not_picked":["Headbutt","Searing Blow"],"picked":"Shrug It Off","floor":3.0},{"not_picked":["Sword Boomerang","Evolve"],"picked":"Pummel","floor":5.0},{"not_picked":["Body Slam","Entrench","Pommel Strike"],"picked":"SKIP","floor":7.0},{"not_picked":["Pommel Strike","True Grit"],"picked":"Armaments","floor":8.0},{"not_picked":["Sword Boomerang","Clothesline"],"picked":"Heavy Blade","floor":10.0},{"not_picked":["Cleave","Dual Wield","Pommel Strike"],"picked":"SKIP","floor":13.0},{"not_picked":["Cleave+1","Iron Wave"],"picked":"Body Slam+1","floor":18.0},{"not_picked":["Armaments","Wild Strike+1","Thunderclap"],"picked":"SKIP","floor":19.0},{"not_picked":["Thunderclap","Sword Boomerang+1","Dual Wield+1"],"picked":"SKIP","floor":20.0},{"not_picked":["Sentinel","Havoc"],"picked":"Reaper","floor":23.0},{"not_picked":["Shrug It Off","Pommel Strike"],"picked":"Disarm+1","floor":25.0},{"not_picked":["Sword Boomerang","Rampage"],"picked":"Seeing Red","floor":28.0},{"not_picked":["Battle Trance+1","Hemokinesis+1"],"picked":"Rage+1","floor":29.0},{"not_picked":["Shrug It Off","Sentinel","Carnage"],"picked":"SKIP","floor":30.0},{"not_picked":["Headbutt+1","Pummel","Power Through"],"picked":"SKIP","floor":31.0},{"not_picked":["Berserk","Immolate"],"picked":"Juggernaut","floor":33.0},{"not_picked":["Rampage","Perfected Strike+1","Hemokinesis"],"picked":"SKIP","floor":35.0},{"not_picked":["Wild Strike+1","Clothesline","Corruption+1"],"picked":"SKIP","floor":36.0},{"not_picked":["Havoc","Rupture"],"picked":"Inflame","floor":38.0},{"not_picked":["Rupture+1","Wild Strike","Rampage+1"],"picked":"SKIP","floor":40.0},{"not_picked":["Clothesline+1","Shrug It Off+1"],"picked":"Rage+1","floor":41.0},{"not_picked":["Carnage+1","Perfected Strike"],"picked":"Flame Barrier+1","floor":42.0},{"not_picked":["Trip","Sadistic Nature"],"picked":"Panacea","floor":44.0},{"not_picked":["Twin Strike","Shrug It Off"],"picked":"Inflame","floor":45.0},{"not_picked":["Armaments+1","Clothesline"],"picked":"Flame Barrier+1","floor":46.0},{"not_picked":["Iron Wave","Uppercut"],"picked":"Disarm+1","floor":48},{"not_picked":["Dual Wield","Iron Wave","Combust"],"picked":"SKIP","floor":54}],"player_experience":330107,"relics_obtained":[{"floor":9.0,"key":"Bronze Scales"},{"floor":22.0,"key":"Art of War"},{"floor":23.0,"key":"Matryoshka"},{"floor":25.0,"key":"Ancient Tea Set"},{"floor":26.0,"key":"Bag of Preparation"},{"floor":29.0,"key":"Torii"},{"floor":40.0,"key":"Blue Candle"},{"floor":43.0,"key":"PreservedInsect"},{"floor":43.0,"key":"Meat on the Bone"},{"floor":45.0,"key":"Bag of Marbles"},{"floor":48,"key":"Ice Cream"},{"floor":54,"key":"Vajra"}],"event_choices":[{"cards_removed":["Strike_R"],"damage_healed":0.0,"max_hp_gain":0.0,"max_hp_loss":0.0,"gold_gain":0.0,"event_name":"Living Wall","player_choice":"Forget","floor":2.0,"gold_loss":0.0,"damage_taken":0.0},{"damage_healed":0.0,"max_hp_gain":0.0,"max_hp_loss":0.0,"gold_gain":0.0,"event_name":"Shining Light","player_choice":"Entered Light","floor":4.0,"gold_loss":0.0,"damage_taken":19.0,"cards_upgraded":["Defend_R","Strike_R"]},{"damage_healed":0.0,"max_hp_gain":0.0,"max_hp_loss":0.0,"gold_gain":0.0,"event_name":"The Cleric","player_choice":"Leave","floor":14.0,"gold_loss":0.0,"damage_taken":0.0},{"damage_healed":0.0,"max_hp_gain":0.0,"max_hp_loss":0.0,"gold_gain":0.0,"event_name":"Wheel of Change","player_choice":"Relic","floor":22.0,"gold_loss":0.0,"damage_taken":0.0},{"cards_removed":["Strike_R"],"damage_healed":0.0,"max_hp_gain":0.0,"max_hp_loss":0.0,"gold_gain":0.0,"event_name":"Falling","player_choice":"Removed Attack","floor":37.0,"gold_loss":0.0,"damage_taken":0.0},{"damage_healed":0.0,"max_hp_gain":0.0,"max_hp_loss":0.0,"gold_gain":0.0,"event_name":"SensoryStone","player_choice":"Memory 1","floor":44.0,"gold_loss":0.0,"damage_taken":0.0}],"is_beta":false,"boss_relics":[{"not_picked":["Cursed Key","Pandora\u0027s Box"],"picked":"Runic Pyramid"},{"not_picked":["Philosopher\u0027s Stone","Astrolabe"],"picked":"Fusion Hammer"}],"items_purged_floors":[12,47],"is_endless":false,"potions_floor_spawned":[5,7,8,16,23,25,28,29,30,35,36,41,42,46,48],"ascension_level":3}