{"gold_per_floor":[117,117,127,52,52,78,78,110,110,110,128,128,154,172,172,249,249,266,284,284,86,1,1,35,35,108,128,178,192,211,211],"floor_reached":31,"playtime":5848,"items_purged":[],"score":478,"play_id":"be343be1-cb77-4633-91e8-bdd87836379f","local_time":"20181008104843","is_ascension_mode":true,"campfire_choices":[{"floor":7.0,"key":"REST"},{"floor":10.0,"key":"REST"},{"data":"Rampage","floor":12.0,"key":"SMITH"},{"data":"Bash","floor":15.0,"key":"SMITH"},{"data":"Fiend Fire","floor":23.0,"key":"SMITH"},{"floor":25,"key":"REST"}],"neow_cost":"","seed_source_timestamp":0,"circlet_count":0,"master_deck":["Strike_R","Strike_R+1","Strike_R","Strike_R","Defend_R","Defend_R","Defend_R+1","Defend_R","Bash+1","AscendersBane","Body Slam+1","Rampage+1","Impervious+1","Dropkick+1","Fire Breathing+1","Armaments","Fiend Fire+1","Ghostly Armor","Shrug It Off","Headbutt","Headbutt","Flex+1"],"special_seed":0,"relics":["Burning Blood","Frozen Egg 2","Juzu Bracelet","Vajra","Blood Vial","Velvet Choker","Nilry\u0027s Codex","War Paint","Ice Cream","Whetstone","Matryoshka"],"potions_floor_usage":[24,29,30],"damage_taken":[{"damage":10.0,"enemies":"Small Slimes","floor":1.0,"turns":4.0},{"damage":7.0,"enemies":"Jaw Worm","floor":3.0,"turns":3.0},{"damage":51.0,"enemies":"Lagavulin","floor":6.0,"turns":7.0},{"damage":35.0,"enemies":"3 Sentries","floor":8.0,"turns":10.0},{"damage":8.0,"enemies":"2 Louse","floor":11.0,"turns":3.0},{"damage":15.0,"enemies":"Lagavulin","floor":13.0,"turns":5.0},{"damage":0.0,"enemies":"Exordium Wildlife","floor":14.0,"turns":2.0},{"damage":16.0,"enemies":"Slime Boss","floor":16.0,"turns":8.0},{"damage":2.0,"enemies":"Chosen","floor":18.0,"turns":4.0},{"damage":19.0,"enemies":"2 Thieves","floor":19.0,"turns":4.0},{"damage":31,"enemies":"Slavers","floor":24,"turns":5},{"damage":21,"enemies":"Snake Plant","floor":27,"turns":4},{"damage":9,"enemies":"Centurion and Healer","floor":29,"turns":3},{"damage":10,"enemies":"Snecko","floor":30,"turns":3},{"damage":15,"enemies":"Book of Stabbing","floor":31,"turns":3}],"seed_played":"1609199016678794465","potions_obtained":[{"floor":3.0,"key":"Fruit Juice"},{"floor":8.0,"key":"SneckoOil"},{"floor":11.0,"key":"Block Potion"},{"floor":27,"key":"Explosive Potion"},{"floor":29,"key":"Swift Potion"}],"is_trial":false,"path_per_floor":["M","?","M","?","?","E","R","E","T","R","M","R","E","M","R","B",null,"M","M","?","$","?","R","E","R","T","M","?","M","M"],"character_chosen":"IRONCLAD","items_purchased":["War Paint","Shrug It Off"],"campfire_rested":3,"item_purchase_floors":[21,21],"current_hp_per_floor":[64,64,63,63,68,28,53,24,24,49,47,47,38,46,46,38,73,79,68,47,47,47,47,24,49,49,36,36,35,33,20],"gold":211,"neow_bonus":"","is_prod":false,"is_daily":false,"chose_seed":false,"campfire_upgraded":3,"win_rate":0,"timestamp":1539013723,"path_taken":["M","?","M","?","?","E","R","E","T","R","M","R","E","M","R","BOSS","M","M","?","?","?","R","E","R","T","M","?","M","M","E"],"build_version":"2018-10-04v2","purchased_purges":0,"victory":false,"max_hp_per_floor":[75,75,75,75,80,85,85,85,85,85,85,85,85,85,85,85,85,85,85,85,85,85,85,85,85,85,85,85,85,85,85],"card_choices":[{"not_picked":["Armaments","True Grit"],"picked":"Body Slam","floor":1.0},{"not_picked":["Flex","Anger"],"picked":"Rampage","floor":3.0},{"not_picked":["Perfected Strike","Disarm","Berserk"],"picked":"SKIP","floor":6.0},{"not_picked":["Sword Boomerang","Warcry"],"picked":"Impervious","floor":8.0},{"not_picked":["Iron Wave","Havoc"],"picked":"Dropkick","floor":11.0},{"not_picked":["Infernal Blade","Reaper"],"picked":"Fire Breathing+1","floor":13.0},{"not_picked":["Havoc","Rupture+1"],"picked":"Armaments","floor":14.0},{"not_picked":["Bludgeon","Feed"],"picked":"Fiend Fire","floor":16.0},{"not_picked":["Disarm","Dual Wield","Blood for Blood"],"picked":"SKIP","floor":18.0},{"not_picked":["Iron Wave","Clothesline"],"picked":"Ghostly Armor","floor":19.0},{"not_picked":["Wild Strike","Reckless Charge"],"picked":"Headbutt","floor":24},{"not_picked":["Burning Pact","Armaments"],"picked":"Headbutt","floor":27},{"not_picked":["Anger","Intimidate"],"picked":"Flex+1","floor":29},{"not_picked":["Carnage","Havoc","Sever Soul"],"picked":"SKIP","floor":30}],"player_experience":717138,"relics_obtained":[{"floor":6.0,"key":"Frozen Egg 2"},{"floor":8.0,"key":"Juzu Bracelet"},{"floor":9.0,"key":"Vajra"},{"floor":13.0,"key":"Blood Vial"},{"floor":20.0,"key":"Nilry\u0027s Codex"},{"floor":24,"key":"Whetstone"},{"floor":26,"key":"Matryoshka"}],"event_choices":[{"event_name":"Living Wall","player_choice":"Grow","floor":2.0,"damage_taken":0.0},{"event_name":"The Cleric","player_choice":"Card Removal","floor":4.0,"damage_taken":0.0},{"event_name":"Big Fish","player_choice":"Donut","floor":5.0,"damage_taken":0.0},{"event_name":"Cursed Tome","player_choice":"Obtained Book","floor":20.0,"damage_taken":0.0},{"event_name":"Addict","player_choice":"Obtained Relic","floor":22.0,"damage_taken":0.0},{"event_name":"Golden Shrine","player_choice":"Pray","floor":28,"damage_taken":0}],"is_beta":false,"boss_relics":[{"not_picked":["Busted Crown","Lizard Tail"],"picked":"Velvet Choker"}],"items_purged_floors":[],"is_endless":false,"potions_floor_spawned":[3,8,11,27,29],"killed_by":"Book of Stabbing","ascension_level":15}