{"gold_per_floor":[116,116,42,55,78,78,106,119,119,137,147,162,127,52,52,148,148,161,171,20,20,37,64,76,76,76,94,113,113,13,32,32,32],"floor_reached":33,"playtime":3362,"items_purged":["Strike_G","Defend_G"],"score":296,"play_id":"6c1acce7-255a-48e9-a15b-ad02b6ee0531","local_time":"20180715163749","is_ascension_mode":false,"campfire_choices":[{"floor":6,"key":"REST"},{"floor":15,"key":"REST"},{"floor":32,"key":"REST"}],"neow_cost":"NONE","seed_source_timestamp":22911214945372,"circlet_count":0,"master_deck":["Defend_G","Defend_G","Strike_G","Survivor","Neutralize","Deflect","Dash","Dodge and Roll","All Out Attack","Predator","Die Die Die+1","Sucker Punch+1","Quick Slash+1","Doppelganger","Noxious Fumes","Dagger Throw+1","Swift Strike+1","Escape Plan+1","Dagger Spray+1","All Out Attack+1","RitualDagger+1","Backflip+1","Dash+1","Blade Dance+1"],"relics":["Ring of the Snake","Centennial Puzzle","Torii","Molten Egg 2","Empty Cage","Blood Vial","Bottled Lightning"],"potions_floor_usage":[18,19,22,23,27,33],"damage_taken":[{"damage":8,"enemies":"Jaw Worm","floor":1,"turns":9},{"damage":0,"enemies":"Cultist","floor":4,"turns":5},{"damage":36,"enemies":"Lagavulin","floor":7,"turns":12},{"damage":0,"enemies":"2 Louse","floor":8,"turns":2},{"damage":1,"enemies":"Lots of Slimes","floor":10,"turns":3},{"damage":1,"enemies":"Looter","floor":11,"turns":3},{"damage":0,"enemies":"3 Louse","floor":12,"turns":1},{"damage":25,"enemies":"Slime Boss","floor":16,"turns":13},{"damage":0,"enemies":"3 Byrds","floor":18,"turns":4},{"damage":1,"enemies":"2 Thieves","floor":19,"turns":4},{"damage":0,"enemies":"Sentry and Sphere","floor":22,"turns":3},{"damage":21,"enemies":"Gremlin Leader","floor":23,"turns":7},{"damage":3,"enemies":"Snake Plant","floor":24,"turns":4},{"damage":19,"enemies":"Slaver and Parasite","floor":27,"turns":7},{"damage":1,"enemies":"Cultist and Chosen","floor":28,"turns":4},{"damage":4,"enemies":"Snake Plant","floor":31,"turns":5},{"damage":74,"enemies":"Collector","floor":33,"turns":7}],"seed_played":"3957149442482559423","potions_obtained":[{"floor":8,"key":"Energy Potion"},{"floor":16,"key":"AttackPotion"},{"floor":22,"key":"SkillPotion"},{"floor":24,"key":"Explosive Potion"},{"floor":28,"key":"Poison Potion"}],"is_trial":false,"path_per_floor":["M","?","$","M","T","R","E","M","T","M","M","M","?","$","R","B",null,"M","M","$","?","M","E","M","?","T","M","M","?","$","M","R"],"character_chosen":"THE_SILENT","items_purchased":["Dash","Swift Strike+1","Fire Potion"],"campfire_rested":3,"item_purchase_floors":[3,20,20],"current_hp_per_floor":[62,55,55,55,55,70,34,34,34,33,32,32,49,49,70,45,70,70,69,69,69,69,48,47,41,41,24,25,48,48,46,67,0],"gold":32,"neow_bonus":"REMOVE_CARD","is_prod":false,"is_daily":false,"chose_seed":false,"campfire_upgraded":0,"win_rate":0.0,"timestamp":1531697869,"path_taken":["M","?","$","?","?","R","E","M","T","M","M","M","?","?","R","BOSS","M","M","$","?","M","E","M","?","T","M","?","?","$","M","R","BOSS"],"build_version":"2018-07-12","purchased_purges":2,"victory":false,"max_hp_per_floor":[70,70,70,70,70,70,70,70,70,70,70,70,70,70,70,70,70,70,70,70,70,70,70,70,70,70,70,70,70,70,70,70,70],"card_choices":[{"not_picked":["Bane","Prepared"],"picked":"Deflect","floor":1},{"not_picked":["Bouncing Flask","PiercingWail"],"picked":"Dodge and Roll","floor":4},{"not_picked":["Terror","Well Laid Plans"],"picked":"All Out Attack","floor":7},{"not_picked":["Prepared","Underhanded Strike"],"picked":"Predator","floor":8},{"not_picked":["Acrobatics","Caltrops"],"picked":"Die Die Die+1","floor":10},{"not_picked":["Deadly Poison","PiercingWail"],"picked":"Sucker Punch+1","floor":11},{"not_picked":["Malaise","Terror"],"picked":"Quick Slash+1","floor":12},{"not_picked":["Envenom","Tools of the Trade"],"picked":"Doppelganger","floor":16},{"not_picked":["Bane+1","Catalyst"],"picked":"Noxious Fumes","floor":18},{"not_picked":["Outmaneuver+1","Flying Knee+1"],"picked":"Dagger Throw+1","floor":19},{"not_picked":["PiercingWail+1","Catalyst"],"picked":"Escape Plan+1","floor":22},{"not_picked":["Masterful Stab+1","Deflect"],"picked":"Dagger Spray+1","floor":23},{"not_picked":["Distraction+1","Choke+1"],"picked":"All Out Attack+1","floor":24},{"not_picked":["Dagger Throw+1","Deflect"],"picked":"Backflip+1","floor":27},{"not_picked":["Dagger Spray+1","Heel Hook+1"],"picked":"Dash+1","floor":28},{"not_picked":["Expertise","Underhanded Strike+1"],"picked":"Blade Dance+1","floor":31}],"player_experience":21186,"relics_obtained":[{"floor":5,"key":"Centennial Puzzle"},{"floor":7,"key":"Torii"},{"floor":9,"key":"Molten Egg 2"},{"floor":23,"key":"Blood Vial"},{"floor":26,"key":"Bottled Lightning"}],"event_choices":[{"event_name":"Golden Wing","player_choice":"Card Removal","floor":2,"damage_taken":0},{"event_name":"The Cleric","player_choice":"Healed","floor":13,"damage_taken":0},{"event_name":"Wheel of Change","player_choice":"Card Removal","floor":21,"damage_taken":0},{"event_name":"Nest","player_choice":"Joined the Cult","floor":25,"damage_taken":0},{"event_name":"The Library","player_choice":"Heal","floor":29,"damage_taken":0}],"boss_relics":[{"not_picked":["Fusion Hammer","Black Star"],"picked":"Empty Cage"}],"items_purged_floors":[14,30],"is_endless":false,"potions_floor_spawned":[8,16,22,24,28],"killed_by":"Collector","ascension_level":0}