{"gold_per_floor":[112,112,123,153,53,82,82,115,167,183,211,224,282,292,292,396,396,407,420,6,19,36,36,61,75,75,88,88,88,88,107,107,203,203,215,230,73,148,148,148,163,173,226,226,257,257],"floor_reached":46,"playtime":4991,"items_purged":["Regret","Strike_G"],"score":616,"play_id":"1996ab34-4412-4f16-bc28-81a7a273474a","local_time":"20180812175745","is_ascension_mode":true,"campfire_choices":[{"floor":7.0,"key":"REST"},{"floor":15.0,"key":"REST"},{"data":"A Thousand Cuts","floor":23.0,"key":"SMITH"},{"floor":30.0,"key":"REST"},{"floor":32.0,"key":"REST"},{"data":"Glass Knife","floor":40.0,"key":"SMITH"},{"data":"Adrenaline","floor":44.0,"key":"SMITH"}],"neow_cost":"NONE","seed_source_timestamp":0,"circlet_count":0,"master_deck":["Defend_G","Defend_G","Defend_G","Defend_G","Defend_G","Strike_G","Strike_G","Strike_G","Survivor","Neutralize","A Thousand Cuts+1","Backstab","Noxious Fumes","Cloak And Dagger","Glass Knife+1","Leg Sweep","Dagger Spray","Poisoned Stab+1","Slice","Footwork","Endless Agony+1","Slice","Escape Plan","Sucker Punch","Adrenaline+1","Dash","Noxious Fumes+1","PiercingWail+1","Acrobatics","Slice+1","Acrobatics","Predator+1","Finisher+1","Backflip+1","Blur","Blade Dance+1","Burst","Deflect+1","Flying Knee+1","Noxious Fumes","Outmaneuver+1","Sucker Punch+1","Dagger Spray+1","Malaise+1","Sucker Punch+1","Bouncing Flask+1"],"special_seed":0,"relics":["Ring of the Snake","Tiny Chest","Lantern","Prayer Wheel","Centennial Puzzle","Pear","Bag of Marbles","Busted Crown","Torii","Whetstone","Molten Egg 2","Question Card","Lizard Tail","Bronze Scales","Toxic Egg 2","Strawberry","Snake Skull"],"potions_floor_usage":[],"damage_taken":[{"damage":0.0,"enemies":"Small Slimes","floor":1.0,"turns":4.0},{"damage":0.0,"enemies":"2 Louse","floor":3.0,"turns":2.0},{"damage":41.0,"enemies":"Gremlin Nob","floor":6.0,"turns":6.0},{"damage":9.0,"enemies":"3 Sentries","floor":8.0,"turns":7.0},{"damage":0.0,"enemies":"Jaw Worm","floor":10.0,"turns":3.0},{"damage":1.0,"enemies":"Lagavulin","floor":11.0,"turns":6.0},{"damage":0.0,"enemies":"Looter","floor":12.0,"turns":2.0},{"damage":26.0,"enemies":"Gremlin Nob","floor":13.0,"turns":5.0},{"damage":2.0,"enemies":"Large Slime","floor":14.0,"turns":3.0},{"damage":14.0,"enemies":"The Guardian","floor":16.0,"turns":11.0},{"damage":1.0,"enemies":"2 Thieves","floor":18.0,"turns":2.0},{"damage":2.0,"enemies":"Shell Parasite","floor":19.0,"turns":3.0},{"damage":1.0,"enemies":"Chosen and Byrds","floor":21.0,"turns":5.0},{"damage":2.0,"enemies":"Centurion and Healer","floor":22.0,"turns":5.0},{"damage":13.0,"enemies":"Slavers","floor":24.0,"turns":4.0},{"damage":7.0,"enemies":"Snake Plant","floor":25.0,"turns":4.0},{"damage":2.0,"enemies":"Cultist and Chosen","floor":27.0,"turns":4.0},{"damage":12.0,"enemies":"Chosen and Byrds","floor":31.0,"turns":2.0},{"damage":42.0,"enemies":"Collector","floor":33.0,"turns":8.0},{"damage":0.0,"enemies":"Flame Bruiser 1 Orb","floor":35.0,"turns":1.0},{"damage":0.0,"enemies":"3 Shapes","floor":36.0,"turns":5.0},{"damage":23.0,"enemies":"Maw","floor":41.0,"turns":7.0},{"damage":0.0,"enemies":"Spire Growth","floor":42.0,"turns":2.0},{"damage":42.0,"enemies":"Giant Head","floor":45.0,"turns":8.0},{"damage":0,"enemies":"Flame Bruiser 2 Orb","floor":46,"turns":2}],"seed_played":"7236915028503733400","potions_obtained":[{"floor":1.0,"key":"GhostInAJar"},{"floor":3.0,"key":"AttackPotion"},{"floor":8.0,"key":"EssenceOfSteel"},{"floor":11.0,"key":"Explosive Potion"},{"floor":19.0,"key":"GhostInAJar"},{"floor":22.0,"key":"GhostInAJar"},{"floor":25.0,"key":"Fire Potion"},{"floor":27.0,"key":"SteroidPotion"},{"floor":33.0,"key":"Block Potion"},{"floor":41.0,"key":"SteroidPotion"},{"floor":42.0,"key":"Swift Potion"}],"is_trial":false,"path_per_floor":["M","?","M","?","$","E","R","E","T","M","E","M","?","M","R","B",null,"M","M","$","M","M","R","E","M","T","M","?","?","R","M","R","B",null,"M","M","$","?","T","R","M","M","T","R","E"],"character_chosen":"THE_SILENT","items_purchased":["Cloak And Dagger","Torii","Bronze Scales"],"campfire_rested":4,"item_purchase_floors":[5,20,37],"current_hp_per_floor":[70,63,63,63,63,22,43,34,34,34,43,43,17,15,39,25,80,79,77,77,76,74,74,61,54,54,52,37,37,62,50,75,33,85,85,85,85,77,77,77,54,54,61,61,19,19],"gold":257,"neow_bonus":"ONE_RANDOM_RARE_CARD","is_prod":false,"is_daily":false,"chose_seed":false,"campfire_upgraded":3,"win_rate":0,"timestamp":1534114665,"path_taken":["M","?","M","?","$","E","R","E","T","M","E","M","?","?","R","BOSS","M","M","$","M","M","R","E","M","T","M","?","?","R","M","R","BOSS","M","?","$","?","?","R","M","M","T","R","E","M"],"build_version":"2018-08-09","purchased_purges":2,"victory":false,"max_hp_per_floor":[70,70,70,70,70,70,70,70,70,70,80,80,80,80,80,80,80,80,80,80,80,80,80,80,80,80,80,85,85,85,85,85,85,85,85,85,85,85,85,85,85,85,92,92,92,92],"card_choices":[{"not_picked":["Sucker Punch","Underhanded Strike"],"picked":"Backstab","floor":1.0},{"not_picked":["PiercingWail","Dagger Spray"],"picked":"Noxious Fumes","floor":3.0},{"not_picked":["Quick Slash","Poisoned Stab"],"picked":"Glass Knife","floor":6.0},{"not_picked":["Sucker Punch","Backflip"],"picked":"Leg Sweep","floor":8.0},{"not_picked":["Eviscerate","Bane"],"picked":"Dagger Spray","floor":10.0},{"not_picked":["Leg Sweep","Distraction"],"picked":"Poisoned Stab","floor":10.0},{"not_picked":["Crippling Poison","Tactician"],"picked":"Slice","floor":11.0},{"not_picked":["Underhanded Strike","Blade Dance"],"picked":"Footwork","floor":12.0},{"not_picked":["Escape Plan","Crippling Poison"],"picked":"Endless Agony","floor":12.0},{"not_picked":["Deflect","Prepared"],"picked":"Slice","floor":13.0},{"not_picked":["Bane","Dodge and Roll"],"picked":"Escape Plan","floor":14.0},{"not_picked":["Underhanded Strike","A Thousand Cuts"],"picked":"Sucker Punch","floor":14.0},{"not_picked":["Envenom","A Thousand Cuts"],"picked":"Adrenaline","floor":16.0},{"not_picked":[],"picked":"Dash","floor":18.0},{"not_picked":["Expertise"],"picked":"SKIP","floor":18.0},{"not_picked":[],"picked":"Noxious Fumes+1","floor":19.0},{"not_picked":[],"picked":"PiercingWail+1","floor":19.0},{"not_picked":[],"picked":"Acrobatics","floor":21.0},{"not_picked":["Crippling Poison"],"picked":"SKIP","floor":21.0},{"not_picked":[],"picked":"Slice+1","floor":22.0},{"not_picked":[],"picked":"Acrobatics","floor":22.0},{"not_picked":[],"picked":"Predator+1","floor":24.0},{"not_picked":["All Out Attack+1"],"picked":"SKIP","floor":25.0},{"not_picked":["Dagger Spray"],"picked":"SKIP","floor":25.0},{"not_picked":[],"picked":"Finisher+1","floor":27.0},{"not_picked":[],"picked":"Backflip+1","floor":27.0},{"not_picked":["Dagger Throw+1"],"picked":"Blur","floor":31.0},{"not_picked":["Predator+1"],"picked":"Blade Dance+1","floor":31.0},{"not_picked":["Wraith Form v2"],"picked":"Burst","floor":33.0},{"not_picked":["Catalyst"],"picked":"Deflect+1","floor":35.0},{"not_picked":["Bane+1"],"picked":"Flying Knee+1","floor":35.0},{"not_picked":["Dagger Spray+1"],"picked":"Noxious Fumes","floor":36.0},{"not_picked":["Bane+1"],"picked":"Outmaneuver+1","floor":36.0},{"not_picked":["Bouncing Flask+1"],"picked":"Sucker Punch+1","floor":41.0},{"not_picked":["Bane+1"],"picked":"Dagger Spray+1","floor":41.0},{"not_picked":["Flechettes+1"],"picked":"Malaise+1","floor":42.0},{"not_picked":["Dagger Throw+1"],"picked":"Sucker Punch+1","floor":42.0},{"not_picked":["Deflect+1"],"picked":"Bouncing Flask+1","floor":45.0}],"player_experience":484202,"relics_obtained":[{"floor":6.0,"key":"Lantern"},{"floor":8.0,"key":"Prayer Wheel"},{"floor":9.0,"key":"Centennial Puzzle"},{"floor":11.0,"key":"Pear"},{"floor":13.0,"key":"Bag of Marbles"},{"floor":24.0,"key":"Whetstone"},{"floor":26.0,"key":"Molten Egg 2"},{"floor":39.0,"key":"Toxic Egg 2"},{"floor":43.0,"key":"Strawberry"},{"floor":45.0,"key":"Snake Skull"}],"event_choices":[{"event_name":"Golden Wing","player_choice":"Card Removal","floor":2.0,"damage_taken":0.0},{"event_name":"Big Fish","player_choice":"Box","floor":4.0,"damage_taken":0.0},{"event_name":"Dead Adventurer","player_choice":"Searched \u00272\u0027 times","floor":13.0,"damage_taken":0.0},{"event_name":"Forgotten Altar","player_choice":"Shed Blood","floor":28.0,"damage_taken":0.0},{"event_name":"The Mausoleum","player_choice":"Yes","floor":29.0,"damage_taken":0.0},{"event_name":"FaceTrader","player_choice":"Touch","floor":38.0,"damage_taken":0.0}],"is_beta":false,"boss_relics":[{"not_picked":["Velvet Choker","Astrolabe"],"picked":"Busted Crown"},{"not_picked":["Black Star","Runic Dome"],"picked":"Lizard Tail"}],"items_purged_floors":[5,20],"is_endless":false,"potions_floor_spawned":[1,3,8,11,19,22,25,27,31,33,41,42],"killed_by":"Flame Bruiser 2 Orb","ascension_level":3}