{"gold_per_floor":[119,119,131,131,155,155,173,211,211,224,224,240,14,55,55,185,185,185],"floor_reached":18,"playtime":1217,"items_purged":["Regret"],"score":189,"play_id":"b5458b03-4d1d-439e-a1bd-58a0838ae026","local_time":"20180729000907","is_ascension_mode":true,"campfire_choices":[{"data":"Whirlwind","floor":6.0,"key":"SMITH"},{"floor":15,"key":"REST"}],"neow_cost":"NONE","seed_source_timestamp":0,"circlet_count":0,"master_deck":["Bash","Whirlwind+1","Headbutt","Flex","Feed","Cleave","Immolate","Warcry","Fire Breathing","Rage","Second Wind","Feel No Pain","Burning Pact","Ghostly Armor","Inflame"],"special_seed":0,"relics":["Burning Blood","Golden Idol","Pen Nib","Matryoshka","Nunchaku","Orichalcum","Oddly Smooth Stone","Pandora\u0027s Box"],"potions_floor_usage":[],"damage_taken":[{"damage":5.0,"enemies":"2 Louse","floor":1.0,"turns":4.0},{"damage":6.0,"enemies":"Cultist","floor":3.0,"turns":3.0},{"damage":2.0,"enemies":"Jaw Worm","floor":5.0,"turns":3.0},{"damage":6.0,"enemies":"Looter","floor":7.0,"turns":2.0},{"damage":6.0,"enemies":"Gremlin Nob","floor":8.0,"turns":3.0},{"damage":12.0,"enemies":"Exordium Wildlife","floor":10.0,"turns":3.0},{"damage":17.0,"enemies":"Gremlin Gang","floor":12.0,"turns":3.0},{"damage":6.0,"enemies":"3 Sentries","floor":14.0,"turns":4.0},{"damage":43,"enemies":"The Guardian","floor":16,"turns":12},{"damage":0,"enemies":"2 Thieves","floor":18,"turns":1}],"seed_played":"9023856441049146275","potions_obtained":[{"floor":2.0,"key":"Ancient Potion"},{"floor":2.0,"key":"Energy Potion"},{"floor":2.0,"key":"Poison Potion"},{"floor":5.0,"key":"Fruit Juice"},{"floor":7.0,"key":"AttackPotion"},{"floor":10.0,"key":"SpeedPotion"},{"floor":16,"key":"SpeedPotion"}],"is_trial":false,"path_per_floor":["M","?","M","?","M","R","M","E","T","M","?","M","$","E","R","B",null],"character_chosen":"IRONCLAD","items_purchased":["Orichalcum"],"campfire_rested":1,"item_purchase_floors":[13],"current_hp_per_floor":[80,80,80,60,64,64,69,69,69,63,63,52,52,55,81,44,88,88],"gold":185,"neow_bonus":"REMOVE_CARD","is_prod":false,"is_daily":false,"chose_seed":false,"campfire_upgraded":1,"win_rate":0,"timestamp":1532840947,"path_taken":["M","?","M","?","M","R","?","E","T","?","?","M","$","E","R","BOSS","M"],"build_version":"2018-07-26","purchased_purges":1,"victory":false,"max_hp_per_floor":[80,80,80,80,80,80,85,85,85,85,85,85,85,88,88,88,88,88],"card_choices":[{"not_picked":["Body Slam","Perfected Strike","Clash"],"picked":"SKIP","floor":1.0},{"not_picked":["Anger","Metallicize","Clothesline"],"picked":"SKIP","floor":3.0},{"not_picked":["Shrug It Off","Flex"],"picked":"Whirlwind","floor":5.0},{"not_picked":["Havoc","Body Slam","Uppercut"],"picked":"SKIP","floor":7.0},{"not_picked":["Barricade","Burning Pact"],"picked":"Headbutt","floor":8.0},{"not_picked":["Havoc","Clash"],"picked":"Flex","floor":10.0},{"not_picked":["Havoc","Shrug It Off"],"picked":"Feed","floor":12.0},{"not_picked":["Feel No Pain","Clash"],"picked":"Cleave","floor":14},{"not_picked":["Double Tap","Reaper"],"picked":"Immolate","floor":16}],"player_experience":365678,"relics_obtained":[{"floor":8.0,"key":"Pen Nib"},{"floor":9.0,"key":"Matryoshka"},{"floor":14,"key":"Oddly Smooth Stone"}],"event_choices":[{"event_name":"The Lab","player_choice":"Got Potions","floor":2.0,"damage_taken":0.0},{"event_name":"Golden Idol","player_choice":"Take Damage","floor":4.0,"damage_taken":0.0},{"event_name":"Big Fish","player_choice":"Box","floor":11.0,"damage_taken":0.0}],"is_beta":false,"boss_relics":[{"not_picked":["Philosopher\u0027s Stone","Ectoplasm"],"picked":"Pandora\u0027s Box"}],"items_purged_floors":[13],"is_endless":false,"potions_floor_spawned":[5,7,10,16],"killed_by":"2 Thieves","ascension_level":2}