{"gold_per_floor":[114,127,77,95,107,134,134,169,242,262,17,33,51,69,69,167,167,184,184,27,40,13,44,44,44,97,116,116,135,135,170,170,272,272,283,283,297,110,210,210,221,246,246,246,246,278,292,319,319,319,319,319,15,40,40],"floor_reached":55,"playtime":6048,"items_purged":["Strike_G","Defend_G","Defend_G"],"score":852,"play_id":"27f469c2-b992-4e7d-ad90-b532c13e98ac","local_time":"20190702185434","is_ascension_mode":false,"campfire_choices":[{"data":"A Thousand Cuts","floor":7,"key":"SMITH"},{"floor":15,"key":"REST"},{"data":"After Image","floor":28,"key":"SMITH"},{"data":"Calculated Gamble","floor":30,"key":"SMITH"},{"floor":32,"key":"RECALL"},{"data":"1","floor":40,"key":"LIFT"},{"data":"2","floor":45,"key":"LIFT"},{"data":"3","floor":49,"key":"LIFT"},{"data":"Cloak And Dagger","floor":52,"key":"SMITH"}],"neow_cost":"NONE","seed_source_timestamp":2167373557948709,"circlet_count":0,"master_deck":["Defend_G","Survivor","Neutralize","Poisoned Stab","Prepared","Deflect","A Thousand Cuts+1","Infinite Blades","Escape Plan","Escape Plan","Escape Plan","Calculated Gamble+1","Acrobatics","After Image+1","Cloak And Dagger","Good Instincts","Deadly Poison+1","Deflect","Cloak And Dagger+1","Bite","Bite","Bite","Bite","Bite","Envenom","Cloak And Dagger+1","Infinite Blades","Adrenaline","Prepared","Escape Plan","Poisoned Stab+1","Well Laid Plans","Escape Plan","Trip"],"relics":["Ring of the Snake","Calipers","Membership Card","WristBlade","Bronze Scales","Bag of Marbles","Tiny Chest","Pear","Busted Crown","Darkstone Periapt","TwistedFunnel","Girya","PreservedInsect","Potion Belt","Lantern","Centennial Puzzle","Paper Crane","Ginger","Ice Cream"],"potions_floor_usage":[6,6,13,23,23,27,29,33,48,50,50,50,55,55],"damage_taken":[{"damage":0,"enemies":"Small Slimes","floor":1,"turns":5},{"damage":1,"enemies":"2 Louse","floor":2,"turns":2},{"damage":0,"enemies":"Cultist","floor":4,"turns":4},{"damage":3,"enemies":"Looter","floor":5,"turns":4},{"damage":11,"enemies":"Lagavulin","floor":6,"turns":7},{"damage":13,"enemies":"3 Sentries","floor":8,"turns":5},{"damage":11,"enemies":"Exordium Thugs","floor":10,"turns":4},{"damage":11,"enemies":"Exordium Wildlife","floor":12,"turns":3},{"damage":2,"enemies":"Lots of Slimes","floor":13,"turns":2},{"damage":6,"enemies":"3 Louse","floor":14,"turns":3},{"damage":1,"enemies":"Slime Boss","floor":16,"turns":7},{"damage":28,"enemies":"3 Byrds","floor":18,"turns":4},{"damage":0,"enemies":"Chosen","floor":21,"turns":4},{"damage":34,"enemies":"Slavers","floor":23,"turns":6},{"damage":0,"enemies":"Centurion and Healer","floor":27,"turns":9},{"damage":9,"enemies":"Cultist and Chosen","floor":29,"turns":6},{"damage":2,"enemies":"Gremlin Leader","floor":31,"turns":7},{"damage":37,"enemies":"Champ","floor":33,"turns":12},{"damage":17,"enemies":"3 Darklings","floor":35,"turns":3},{"damage":15,"enemies":"Orb Walker","floor":37,"turns":4},{"damage":10,"enemies":"Mind Bloom Boss Battle","floor":39,"turns":6},{"damage":0,"enemies":"Jaw Worm Horde","floor":41,"turns":3},{"damage":0,"enemies":"Giant Head","floor":46,"turns":6},{"damage":0,"enemies":"Sphere and 2 Shapes","floor":47,"turns":4},{"damage":0,"enemies":"Nemesis","floor":48,"turns":4},{"damage":12,"enemies":"Awakened One","floor":50,"turns":10},{"damage":27,"enemies":"Shield and Spear","floor":54,"turns":5},{"damage":75,"enemies":"The Heart","floor":55,"turns":3}],"seed_played":"-1905119485849828611","potions_obtained":[{"floor":1,"key":"Ancient Potion"},{"floor":5,"key":"Ancient Potion"},{"floor":8,"key":"Swift Potion"},{"floor":12,"key":"Fire Potion"},{"floor":13,"key":"Dexterity Potion"},{"floor":16,"key":"Swift Potion"},{"floor":27,"key":"Weak Potion"},{"floor":31,"key":"LiquidBronze"},{"floor":37,"key":"Poison Potion"},{"floor":39,"key":"PowerPotion"},{"floor":46,"key":"EssenceOfSteel"},{"floor":47,"key":"Fruit Juice"},{"floor":48,"key":"PowerPotion"}],"is_trial":false,"path_per_floor":["M","M","?","M","M","E","R","E","T","M","$","M","M","M","R","B",null,"M","?","$","M","$","E","?","?","T","M","R","M","R","E","R","B",null,"M","T","M","$","?","R","M","T","T","T","R","E","M","E","R","B",null,"R","$","E","B"],"character_chosen":"THE_SILENT","items_purchased":["Membership Card","Escape Plan","Good Instincts","Bronze Scales","Deflect","Escape Plan","TwistedFunnel","Ginger","Trip","EssenceOfSteel"],"campfire_rested":1,"item_purchase_floors":[11,11,20,20,22,38,38,53,53,53],"current_hp_per_floor":[70,69,69,69,66,55,55,44,44,35,35,26,26,22,43,44,70,42,42,42,44,44,12,12,12,12,30,30,31,31,49,49,30,80,63,63,54,54,62,62,64,64,64,64,64,74,80,85,85,76,85,85,85,64,0],"gold":40,"neow_bonus":"REMOVE_CARD","is_prod":false,"is_daily":false,"chose_seed":false,"campfire_upgraded":4,"win_rate":0,"timestamp":1562115274,"path_taken":["M","M","?","M","M","E","R","E","T","M","$","M","M","M","R","BOSS","M","?","$","M","$","E","?","?","T","M","R","M","R","E","R","BOSS","M","?","M","$","?","R","?","?","T","?","R","E","M","E","R","BOSS","R","$","E","BOSS"],"build_version":"2019-07-01","purchased_purges":3,"victory":false,"max_hp_per_floor":[70,70,70,70,70,70,70,70,70,70,70,70,70,70,70,70,70,70,70,70,70,70,70,70,70,70,70,70,70,70,80,80,80,80,80,80,80,80,80,80,80,80,80,80,80,80,80,85,85,85,85,85,85,85,85],"card_choices":[{"not_picked":["Accuracy","Blur"],"picked":"Poisoned Stab","floor":1},{"not_picked":["Flechettes","Dodge and Roll"],"picked":"Prepared","floor":2},{"not_picked":["Sucker Punch","Finisher"],"picked":"Deflect","floor":4},{"not_picked":["Calculated Gamble","Poisoned Stab"],"picked":"A Thousand Cuts","floor":5},{"not_picked":["Footwork","Wraith Form v2"],"picked":"Infinite Blades","floor":6},{"not_picked":["Deadly Poison","Bane"],"picked":"Escape Plan","floor":8},{"not_picked":["Prepared","Eviscerate"],"picked":"Escape Plan","floor":10},{"not_picked":["Acrobatics","Flying Knee"],"picked":"Calculated Gamble","floor":12},{"not_picked":["Blur","Outmaneuver","Flechettes"],"picked":"SKIP","floor":13},{"not_picked":["Riddle With Holes","Terror"],"picked":"Acrobatics","floor":14},{"not_picked":["Glass Knife","Burst"],"picked":"After Image","floor":16},{"not_picked":["Sucker Punch","Blur"],"picked":"Cloak And Dagger","floor":18},{"not_picked":["Masterful Stab","All Out Attack"],"picked":"Deadly Poison+1","floor":21},{"not_picked":["Expertise","Bouncing Flask+1"],"picked":"Cloak And Dagger+1","floor":23},{"not_picked":["Deadly Poison+1","All Out Attack+1","Underhanded Strike"],"picked":"SKIP","floor":27},{"not_picked":["Leg Sweep+1","Deadly Poison"],"picked":"Cloak And Dagger","floor":29},{"not_picked":["Phantasmal Killer","Skewer"],"picked":"Infinite Blades","floor":31},{"not_picked":["Corpse Explosion","Die Die Die"],"picked":"Adrenaline","floor":33},{"not_picked":[],"picked":"Prepared","floor":35},{"not_picked":["All Out Attack"],"picked":"SKIP","floor":37},{"not_picked":[],"picked":"Poisoned Stab+1","floor":39},{"not_picked":[],"picked":"Well Laid Plans","floor":41},{"not_picked":[],"picked":"Escape Plan","floor":46},{"not_picked":["PiercingWail"],"picked":"SKIP","floor":47},{"not_picked":["Flying Knee+1"],"picked":"SKIP","floor":48},{"not_picked":["Deadly Poison"],"picked":"SKIP","floor":54}],"player_experience":101186,"relics_obtained":[{"floor":6,"key":"Blood Vial"},{"floor":8,"key":"Calipers"},{"floor":23,"key":"Bag of Marbles"},{"floor":26,"key":"Tiny Chest"},{"floor":31,"key":"Pear"},{"floor":36,"key":"Darkstone Periapt"},{"floor":39,"key":"Girya"},{"floor":42,"key":"PreservedInsect"},{"floor":43,"key":"Potion Belt"},{"floor":44,"key":"Lantern"},{"floor":46,"key":"Centennial Puzzle"},{"floor":48,"key":"Paper Crane"},{"floor":54,"key":"Ice Cream"}],"event_choices":[{"cards_removed":["Defend_G"],"damage_healed":0,"gold_gain":0,"player_choice":"Card Removal","damage_taken":0,"max_hp_gain":0,"max_hp_loss":0,"event_name":"The Cleric","floor":3,"gold_loss":50},{"cards_removed":["Strike_G"],"damage_healed":0,"gold_gain":0,"player_choice":"Elegance","damage_taken":0,"max_hp_gain":0,"max_hp_loss":0,"event_name":"Back to Basics","floor":19,"gold_loss":0},{"damage_healed":0,"gold_gain":0,"player_choice":"Became a vampire (Vial)","damage_taken":0,"max_hp_gain":0,"max_hp_loss":0,"event_name":"Vampires","floor":24,"relics_lost":["Blood Vial"],"gold_loss":0,"cards_obtained":["Bite","Bite","Bite","Bite","Bite"]},{"damage_healed":0,"gold_gain":0,"cards_transformed":["Defend_G"],"player_choice":"Transformed","damage_taken":0,"max_hp_gain":0,"max_hp_loss":0,"event_name":"Transmorgrifier","floor":25,"gold_loss":0,"cards_obtained":["Envenom"]},{"damage_healed":0,"gold_gain":0,"player_choice":"Fight","damage_taken":0,"max_hp_gain":0,"max_hp_loss":0,"event_name":"MindBloom","floor":39,"gold_loss":0}],"is_beta":false,"boss_relics":[{"not_picked":["Cursed Key","Eternal Feather"],"picked":"WristBlade"},{"not_picked":["Sozu","Calling Bell"],"picked":"Busted Crown"}],"items_purged_floors":[20,38,53],"is_endless":false,"potions_floor_spawned":[1,5,8,12,13,16,21,27,31,37,39,46,47,48],"killed_by":"The Heart","ascension_level":0}