{"gold_per_floor":[114,114,128,186,186,211,211,242,242,242],"floor_reached":10,"playtime":622,"items_purged":[],"score":130,"play_id":"16080d1f-204c-4200-be0a-ade7ac261795","local_time":"20190630121703","is_ascension_mode":true,"campfire_choices":[{"floor":7.0,"key":"REST"}],"neow_cost":"NONE","seed_source_timestamp":0,"circlet_count":0,"master_deck":["AscendersBane","Defend_G","Defend_G","Defend_G","Defend_G","Defend_G","Strike_G","Strike_G","Strike_G","Strike_G+1","Strike_G","Survivor","Neutralize","Underhanded Strike+1","Infinite Blades","Backflip","Underhanded Strike"],"special_seed":0,"relics":["Ring of the Snake","Dodecahedron","Art of War","Whetstone","Dream Catcher"],"potions_floor_usage":[],"damage_taken":[{"damage":2.0,"enemies":"Cultist","floor":1.0,"turns":5.0},{"damage":2.0,"enemies":"2 Louse","floor":3.0,"turns":4.0},{"damage":49.0,"enemies":"Lagavulin","floor":6.0,"turns":9.0},{"damage":10.0,"enemies":"3 Sentries","floor":8.0,"turns":10.0},{"damage":0,"enemies":"Small Slimes","floor":10,"turns":1}],"seed_played":"3248860587436122703","potions_obtained":[{"floor":1.0,"key":"Fruit Juice"},{"floor":6.0,"key":"Block Potion"},{"floor":8.0,"key":"FearPotion"}],"is_trial":false,"path_per_floor":["M","?","M","?","?","E","R","E","T","M"],"character_chosen":"THE_SILENT","items_purchased":[],"campfire_rested":1,"item_purchase_floors":[],"current_hp_per_floor":[63,68,66,66,61,17,41,31,31,31],"gold":242,"neow_bonus":"TEN_PERCENT_HP_BONUS","is_prod":false,"is_daily":false,"chose_seed":false,"campfire_upgraded":0,"win_rate":0,"timestamp":1561915023,"path_taken":["M","?","M","?","?","E","R","E","T","M"],"build_version":"2019-01-23","purchased_purges":0,"victory":false,"max_hp_per_floor":[72,77,77,77,77,82,82,82,82,82],"card_choices":[{"not_picked":["Expertise","Tactician"],"picked":"Underhanded Strike","floor":1.0},{"not_picked":["Setup","Crippling Poison"],"picked":"Infinite Blades","floor":3.0},{"not_picked":["Expertise","Eviscerate"],"picked":"Backflip","floor":6.0},{"not_picked":["Night Terror","Blur"],"picked":"Underhanded Strike","floor":8.0}],"player_experience":1493255,"relics_obtained":[{"floor":6.0,"key":"Art of War"},{"floor":8.0,"key":"Whetstone"},{"floor":9.0,"key":"Dream Catcher"}],"event_choices":[{"damage_healed":0.0,"max_hp_gain":5.0,"max_hp_loss":0.0,"gold_gain":0.0,"event_name":"Big Fish","player_choice":"Donut","floor":2.0,"gold_loss":0.0,"damage_taken":0.0},{"damage_healed":0.0,"max_hp_gain":0.0,"max_hp_loss":0.0,"gold_gain":58.0,"event_name":"Golden Wing","player_choice":"Gained Gold","floor":4.0,"gold_loss":0.0,"damage_taken":0.0},{"damage_healed":0.0,"max_hp_gain":0.0,"max_hp_loss":0.0,"gold_gain":0.0,"event_name":"Scrap Ooze","player_choice":"Success","floor":5.0,"gold_loss":0.0,"damage_taken":5.0,"relics_obtained":["Dodecahedron"]}],"is_beta":false,"boss_relics":[],"items_purged_floors":[],"is_endless":false,"potions_floor_spawned":[1,6,8],"killed_by":"Small Slimes","ascension_level":15}