{"gold_per_floor":[361,436,453,27,27,27,39,53,53,78,93,126,139,139,139,238,238,256,256,4,4,23,48,48,381,381,306,306,319,338,370,370,468,468,485,495,507,518,125,125,139,21,46,46,77,77],"floor_reached":46,"playtime":6669,"items_purged":["Defend_G","Strike_G"],"score":625,"play_id":"e6179eaf-c49d-4060-8292-dcb3d775727e","local_time":"20180903021338","is_ascension_mode":true,"campfire_choices":[{"floor":6,"key":"REST"},{"floor":15,"key":"REST"},{"floor":24,"key":"REST"},{"floor":28,"key":"REST"},{"floor":32,"key":"REST"},{"floor":40,"key":"REST"}],"neow_cost":"CURSE","seed_source_timestamp":312281510265636,"circlet_count":0,"master_deck":["Defend_G","Defend_G+1","Defend_G+1","Strike_G","Strike_G","Survivor","Neutralize","Decay","Dagger Throw","Poisoned Stab","Slice","Sucker Punch","All Out Attack","Sucker Punch","Flying Knee","Poisoned Stab","Poisoned Stab","Corpse Explosion","Deflect+1","Noxious Fumes","Noxious Fumes","Dagger Spray","Necronomicurse","Backstab","Escape Plan","Dash+1","Deadly Poison+1","Escape Plan+1","PiercingWail","Poisoned Stab","Crippling Poison","Deadly Poison+1","Dagger Throw","Catalyst","Crippling Poison","Heel Hook+1","Bane+1","Bouncing Flask+1"],"relics":["Ring of the Snake","TwistedFunnel","Regal Pillow","Pen Nib","Pantograph","The Courier","Black Star","Orichalcum","Necronomicon","Prayer Wheel","The Specimen","Old Coin","Gambling Chip","Centennial Puzzle","Red Mask","Velvet Choker","Ancient Tea Set","Lantern","Bronze Scales","War Paint","Dodecahedron","Frozen Egg 2"],"potions_floor_usage":[12,16,22,23,29,31,41,45],"damage_taken":[{"damage":7,"enemies":"Jaw Worm","floor":1,"turns":7},{"damage":0,"enemies":"Cultist","floor":3,"turns":4},{"damage":0,"enemies":"Small Slimes","floor":7,"turns":2},{"damage":3,"enemies":"3 Louse","floor":8,"turns":3},{"damage":8,"enemies":"3 Sentries","floor":10,"turns":8},{"damage":11,"enemies":"Exordium Thugs","floor":11,"turns":2},{"damage":5,"enemies":"Lagavulin","floor":12,"turns":4},{"damage":4,"enemies":"Lots of Slimes","floor":13,"turns":2},{"damage":24,"enemies":"Hexaghost","floor":16,"turns":9},{"damage":6,"enemies":"3 Byrds","floor":18,"turns":3},{"damage":0,"enemies":"Chosen","floor":22,"turns":4},{"damage":31,"enemies":"Book of Stabbing","floor":23,"turns":5},{"damage":31,"enemies":"Slavers","floor":25,"turns":4},{"damage":22,"enemies":"Shelled Parasite and Fungi","floor":29,"turns":4},{"damage":6,"enemies":"Centurion and Healer","floor":30,"turns":6},{"damage":4,"enemies":"Masked Bandits","floor":31,"turns":3},{"damage":46,"enemies":"Automaton","floor":33,"turns":8},{"damage":24,"enemies":"3 Darklings","floor":35,"turns":3},{"damage":7,"enemies":"Orb Walker","floor":36,"turns":4},{"damage":0,"enemies":"Transient","floor":37,"turns":5},{"damage":16,"enemies":"3 Darklings","floor":38,"turns":3},{"damage":15,"enemies":"Maw","floor":41,"turns":5},{"damage":29,"enemies":"Nemesis","floor":45,"turns":6},{"damage":22,"enemies":"Spire Growth","floor":46,"turns":2}],"seed_played":"-969411823280730504","potions_obtained":[{"floor":7,"key":"FearPotion"},{"floor":10,"key":"FearPotion"},{"floor":16,"key":"Block Potion"},{"floor":18,"key":"GamblersBrew"},{"floor":25,"key":"Weak Potion"},{"floor":30,"key":"LiquidBronze"},{"floor":35,"key":"Poison Potion"},{"floor":36,"key":"SteroidPotion"},{"floor":41,"key":"Ancient Potion"},{"floor":45,"key":"Weak Potion"}],"is_trial":false,"path_per_floor":["M","?","M","$","?","R","M","M","T","E","M","E","M","?","R","B",null,"M","?","$","?","M","E","R","E","T","?","R","M","M","?","R","B",null,"M","M","M","M","$","R","M","$","T","?","E"],"character_chosen":"THE_SILENT","items_purchased":["TwistedFunnel","Regal Pillow","Poisoned Stab","Slice","Orichalcum","Noxious Fumes","Dagger Spray","Ancient Tea Set","Lantern","AttackPotion","Bronze Scales"],"campfire_rested":6,"item_purchase_floors":[4,4,4,4,20,20,20,39,39,39,42],"current_hp_per_floor":[63,52,52,52,38,70,70,67,67,59,48,43,39,32,68,46,70,64,64,64,48,48,17,53,22,22,22,58,36,30,26,62,24,70,46,39,39,23,23,59,44,44,44,44,15,0],"gold":77,"neow_bonus":"TWO_FIFTY_GOLD","is_prod":false,"is_daily":false,"chose_seed":false,"campfire_upgraded":0,"win_rate":0,"timestamp":1535966018,"path_taken":["M","?","M","$","?","R","?","M","T","E","M","E","?","?","R","BOSS","M","?","$","?","M","E","R","E","T","?","R","M","?","?","R","BOSS","M","M","M","M","$","R","M","$","T","?","E","M"],"build_version":"2018-08-30","purchased_purges":2,"victory":false,"max_hp_per_floor":[70,70,70,70,70,70,70,70,70,70,70,70,70,70,70,70,70,70,70,70,70,70,70,70,70,70,70,70,70,70,70,70,70,70,70,70,70,70,70,70,70,70,70,70,70,70],"card_choices":[{"not_picked":["Well Laid Plans","Underhanded Strike"],"picked":"Dagger Throw","floor":1},{"not_picked":["Deflect","Masterful Stab","Dodge and Roll"],"picked":"SKIP","floor":3},{"not_picked":["Expertise","Heel Hook"],"picked":"Sucker Punch","floor":7},{"not_picked":["Sucker Punch","Underhanded Strike"],"picked":"All Out Attack","floor":8},{"not_picked":["Burst","Heel Hook"],"picked":"Sucker Punch","floor":10},{"not_picked":["Blade Dance","Predator"],"picked":"Flying Knee","floor":11},{"not_picked":["Acrobatics","Concentrate"],"picked":"Poisoned Stab","floor":12},{"not_picked":["Sucker Punch","A Thousand Cuts"],"picked":"Poisoned Stab","floor":13},{"not_picked":["Doppelganger","Night Terror"],"picked":"Corpse Explosion","floor":16},{"not_picked":["Acrobatics","Eviscerate"],"picked":"Deflect","floor":18},{"not_picked":["Reflex","Bane"],"picked":"Backstab","floor":22},{"not_picked":["Unload","Skewer"],"picked":"Escape Plan","floor":23},{"not_picked":["Infinite Blades+1","Backflip"],"picked":"Dash+1","floor":25},{"not_picked":["Quick Slash","Concentrate"],"picked":"Deadly Poison+1","floor":29},{"not_picked":["Concentrate+1","Dagger Throw"],"picked":"Escape Plan+1","floor":29},{"not_picked":["Finisher","Sucker Punch"],"picked":"PiercingWail","floor":30},{"not_picked":["Infinite Blades","Escape Plan"],"picked":"Poisoned Stab","floor":30},{"not_picked":["Sucker Punch","Night Terror"],"picked":"Crippling Poison","floor":31},{"not_picked":["Prepared","Predator"],"picked":"Deadly Poison","floor":35},{"not_picked":["Acrobatics","Slice+1","Predator"],"picked":"SKIP","floor":35},{"not_picked":["Expertise","Footwork+1"],"picked":"Dagger Throw","floor":36},{"not_picked":["Doppelganger","Acrobatics"],"picked":"Catalyst","floor":36},{"not_picked":["Dodge and Roll+1","Masterful Stab+1"],"picked":"Crippling Poison","floor":37},{"not_picked":["Skewer+1","All Out Attack+1"],"picked":"Heel Hook+1","floor":37},{"not_picked":["Deadly Poison","Masterful Stab+1"],"picked":"Bane+1","floor":38},{"not_picked":["Terror","Quick Slash+1","PiercingWail"],"picked":"SKIP","floor":38},{"not_picked":["Underhanded Strike","Skewer+1","Dagger Throw"],"picked":"SKIP","floor":41},{"not_picked":["Blade Dance+1","Glass Knife","Distraction+1"],"picked":"SKIP","floor":41},{"not_picked":["Prepared","Endless Agony+1"],"picked":"Bouncing Flask+1","floor":45}],"player_experience":295547,"relics_obtained":[{"floor":9,"key":"Pen Nib"},{"floor":10,"key":"Pantograph"},{"floor":12,"key":"The Courier"},{"floor":21,"key":"Necronomicon"},{"floor":23,"key":"Prayer Wheel"},{"floor":23,"key":"The Specimen"},{"floor":25,"key":"Old Coin"},{"floor":25,"key":"Gambling Chip"},{"floor":26,"key":"Centennial Puzzle"},{"floor":31,"key":"Red Mask"},{"floor":43,"key":"War Paint"},{"floor":45,"key":"Dodecahedron"},{"floor":45,"key":"Frozen Egg 2"}],"event_choices":[{"event_name":"World of Goop","player_choice":"Gather Gold","floor":2,"damage_taken":0},{"event_name":"Shining Light","player_choice":"Entered Light","floor":5,"damage_taken":0},{"event_name":"Golden Wing","player_choice":"Card Removal","floor":14,"damage_taken":0},{"event_name":"The Library","player_choice":"Read","floor":19,"damage_taken":0},{"event_name":"Cursed Tome","player_choice":"Obtained Book","floor":21,"damage_taken":0},{"event_name":"Beggar","player_choice":"Gave Gold","floor":27,"damage_taken":0},{"event_name":"Masked Bandits","player_choice":"Fought Bandits","floor":31,"damage_taken":0},{"event_name":"Purifier","player_choice":"One Purge","floor":44,"damage_taken":0}],"is_beta":false,"boss_relics":[{"not_picked":["WristBlade","Coffee Dripper"],"picked":"Black Star"},{"not_picked":["Snecko Eye","Calling Bell"],"picked":"Velvet Choker"}],"items_purged_floors":[20,39],"is_endless":false,"potions_floor_spawned":[7,10,16,18,25,30,35,36,41,45],"killed_by":"Spire Growth","ascension_level":2}