{"gold_per_floor":[116,69,144,159,171,171,196,196,268,268,301,315,315,334,334,431,431,450,468,36,47,59,59,90,90,143,143,119,137,164,74,74,74],"floor_reached":33,"playtime":2681,"items_purged":["Strike_G"],"score":493,"play_id":"92813a9d-4c3d-4f2b-afc7-0cf2da1f45ad","local_time":"20181025113455","is_ascension_mode":true,"campfire_choices":[{"data":"Sucker Punch","floor":6,"key":"SMITH"},{"data":"Dagger Spray","floor":8,"key":"SMITH"},{"floor":13,"key":"REST"},{"floor":15,"key":"REST"},{"floor":23,"key":"REST"},{"floor":25,"key":"REST"},{"floor":32,"key":"REST"}],"neow_cost":"NONE","seed_source_timestamp":3714712618872486,"circlet_count":0,"master_deck":["Defend_G","Defend_G","Defend_G","Defend_G","Defend_G","Strike_G","Strike_G","Strike_G","Strike_G","Survivor","Neutralize","AscendersBane","Dagger Spray+1","Sucker Punch+1","Sucker Punch","Acrobatics","Footwork","A Thousand Cuts","Slice","Sucker Punch","Underhanded Strike","Bullet Time","Doubt","Pain","Writhe","Dagger Spray","Underhanded Strike","Slice","Acrobatics","Noxious Fumes","Leg Sweep","Expertise","Cloak And Dagger","Die Die Die","Acrobatics","Poisoned Stab+1","Underhanded Strike","Acrobatics"],"relics":["Ring of the Snake","NeowsBlessing","Bottled Lightning","Happy Flower","Ninja Scroll","Bag of Marbles","Calling Bell","Strawberry","Kunai","Incense Burner","Shuriken","Prayer Wheel","Lantern","Omamori"],"potions_floor_usage":[16,18,21,30,30],"damage_taken":[{"damage":0,"enemies":"Cultist","floor":1,"turns":1},{"damage":0,"enemies":"2 Louse","floor":4,"turns":1},{"damage":0,"enemies":"Jaw Worm","floor":5,"turns":1},{"damage":24,"enemies":"3 Sentries","floor":7,"turns":9},{"damage":28,"enemies":"Lagavulin","floor":11,"turns":7},{"damage":0,"enemies":"Red Slaver","floor":12,"turns":1},{"damage":0,"enemies":"3 Louse","floor":14,"turns":2},{"damage":32,"enemies":"Hexaghost","floor":16,"turns":13},{"damage":8,"enemies":"3 Byrds","floor":18,"turns":6},{"damage":8,"enemies":"Shell Parasite","floor":19,"turns":5},{"damage":17,"enemies":"Snecko","floor":21,"turns":4},{"damage":14,"enemies":"Centurion and Healer","floor":22,"turns":6},{"damage":26,"enemies":"Gremlin Leader","floor":24,"turns":8},{"damage":8,"enemies":"3 Cultists","floor":29,"turns":4},{"damage":26,"enemies":"Book of Stabbing","floor":30,"turns":6},{"damage":96,"enemies":"Champ","floor":33,"turns":11}],"seed_played":"6235045546853838039","potions_obtained":[{"floor":4,"key":"SmokeBomb"},{"floor":12,"key":"Block Potion"},{"floor":16,"key":"Poison Potion"},{"floor":18,"key":"GamblersBrew"},{"floor":24,"key":"Regen Potion"},{"floor":29,"key":"AttackPotion"},{"floor":30,"key":"LiquidBronze"}],"is_trial":false,"path_per_floor":["M","$","T","M","M","R","E","R","T","?","E","M","R","M","R","B",null,"M","M","$","M","M","R","E","R","T","?","$","M","E","$","R"],"character_chosen":"THE_SILENT","items_purchased":["Sucker Punch","Shuriken","Slice","Acrobatics","Cloak And Dagger","Underhanded Strike","Acrobatics"],"campfire_rested":5,"item_purchase_floors":[2,20,20,20,28,31,31],"current_hp_per_floor":[63,63,63,63,63,63,39,39,39,39,11,11,32,32,53,21,65,57,49,49,32,18,41,15,38,38,63,63,55,44,44,67,0],"gold":74,"neow_bonus":"THREE_ENEMY_KILL","is_prod":false,"is_daily":false,"chose_seed":false,"campfire_upgraded":2,"win_rate":0,"timestamp":1540485295,"path_taken":["M","?","?","M","?","R","E","R","T","?","E","M","R","?","R","BOSS","M","M","$","M","M","R","E","R","T","?","$","M","E","?","R","BOSS"],"build_version":"2018-10-18","purchased_purges":1,"victory":false,"max_hp_per_floor":[70,70,70,70,70,70,70,70,70,70,70,70,70,70,70,70,77,77,77,77,77,77,77,77,77,77,77,77,77,77,77,77,77],"card_choices":[{"not_picked":["Bane","Bouncing Flask"],"picked":"Dagger Spray","floor":1},{"not_picked":["Dagger Throw","Riddle With Holes"],"picked":"Sucker Punch","floor":4},{"not_picked":["Accuracy","Choke"],"picked":"Acrobatics","floor":5},{"not_picked":["Bouncing Flask","Backstab"],"picked":"Footwork","floor":7},{"not_picked":["Deadly Poison","Deflect"],"picked":"Slice","floor":11},{"not_picked":["Flying Knee","Envenom"],"picked":"Sucker Punch","floor":12},{"not_picked":["Cloak And Dagger","Well Laid Plans"],"picked":"Underhanded Strike","floor":14},{"not_picked":["Doppelganger","Venomology"],"picked":"Bullet Time","floor":16},{"not_picked":["Dodge and Roll","Doppelganger"],"picked":"Dagger Spray","floor":18},{"not_picked":["Slice","PiercingWail"],"picked":"Underhanded Strike","floor":19},{"not_picked":["Deadly Poison","Catalyst"],"picked":"Noxious Fumes","floor":21},{"not_picked":["Flechettes+1","PiercingWail+1"],"picked":"Leg Sweep","floor":22},{"not_picked":["Crippling Poison","Accuracy"],"picked":"Expertise","floor":24},{"not_picked":["PiercingWail","Riddle With Holes"],"picked":"Die Die Die","floor":29},{"not_picked":["Deadly Poison","Bouncing Flask"],"picked":"Acrobatics","floor":29},{"not_picked":["Cloak And Dagger","Skewer"],"picked":"Poisoned Stab+1","floor":30}],"player_experience":859727,"relics_obtained":[{"floor":3,"key":"Bottled Lightning"},{"floor":7,"key":"Happy Flower"},{"floor":9,"key":"Ninja Scroll"},{"floor":11,"key":"Bag of Marbles"},{"floor":17,"key":"Strawberry"},{"floor":17,"key":"Kunai"},{"floor":17,"key":"Incense Burner"},{"floor":24,"key":"Prayer Wheel"},{"floor":26,"key":"Lantern"},{"floor":30,"key":"Omamori"}],"event_choices":[{"damage_healed":0,"gold_gain":0,"player_choice":"1 cards matched","damage_taken":0,"max_hp_gain":0,"max_hp_loss":0,"event_name":"Match and Keep!","floor":10,"gold_loss":0,"cards_obtained":["A Thousand Cuts"]},{"damage_healed":25,"gold_gain":0,"player_choice":"Heal","damage_taken":0,"max_hp_gain":0,"max_hp_loss":0,"event_name":"The Library","floor":27,"gold_loss":0}],"is_beta":false,"boss_relics":[{"not_picked":["Velvet Choker","Coffee Dripper"],"picked":"Calling Bell"}],"items_purged_floors":[20],"is_endless":false,"potions_floor_spawned":[4,12,16,18,24,29,30],"killed_by":"Champ","ascension_level":10}