{"gold_per_floor":[109,122,135,7,82,82,7,7,33,33,44,44,73,248,248,349,349,363,375,388,399,412,430,430],"floor_reached":24,"playtime":3342,"items_purged":["Strike_B"],"score":200,"play_id":"23254c07-6f80-499e-a294-5079833dc774","local_time":"20190322162825","is_ascension_mode":false,"campfire_choices":[{"data":"Defragment","floor":6,"key":"SMITH"},{"data":"Dualcast","floor":8,"key":"SMITH"},{"data":"Stack","floor":10,"key":"SMITH"},{"data":"Darkness","floor":12,"key":"SMITH"},{"data":"Coolheaded","floor":15,"key":"SMITH"}],"neow_cost":"NONE","seed_source_timestamp":530579782600976,"circlet_count":0,"master_deck":["Strike_B","Strike_B","Strike_B","Defend_B","Defend_B","Defend_B","Defend_B","Zap","Dualcast+1","Defragment+1","Stack+1","FTL","Darkness+1","Dramatic Entrance","Ball Lightning","Coolheaded+1","Electrodynamics","Redo+1","Melter+1","Storm+1","Doom and Gloom","Hologram","Skim+1"],"relics":["Cracked Core","Omamori","Juzu Bracelet","Sozu"],"potions_floor_usage":[13,16,16,16,16,16],"damage_taken":[{"damage":2,"enemies":"2 Louse","floor":1,"turns":3},{"damage":3,"enemies":"Jaw Worm","floor":2,"turns":3},{"damage":0,"enemies":"Small Slimes","floor":3,"turns":3},{"damage":7,"enemies":"2 Fungi Beasts","floor":11,"turns":3},{"damage":24,"enemies":"Gremlin Nob","floor":13,"turns":4},{"damage":18,"enemies":"Slime Boss","floor":16,"turns":9},{"damage":0,"enemies":"Chosen","floor":18,"turns":3},{"damage":20,"enemies":"2 Thieves","floor":19,"turns":2},{"damage":19,"enemies":"Shelled Parasite and Fungi","floor":20,"turns":4},{"damage":5,"enemies":"Cultist and Chosen","floor":21,"turns":4},{"damage":20,"enemies":"Snake Plant","floor":22,"turns":3},{"damage":2,"enemies":"Sentry and Sphere","floor":23,"turns":3},{"damage":19,"enemies":"Slavers","floor":24,"turns":1}],"seed_played":"4794079912541926476","potions_obtained":[{"floor":1,"key":"SteroidPotion"},{"floor":2,"key":"Weak Potion"},{"floor":13,"key":"EntropicBrew"}],"is_trial":false,"path_per_floor":["M","M","M","$","?","R","$","R","T","R","M","R","E","?","R","B",null,"M","M","M","M","M","M","E"],"character_chosen":"DEFECT","items_purchased":["Darkness","Dramatic Entrance"],"campfire_rested":0,"item_purchase_floors":[4,4],"current_hp_per_floor":[80,77,77,77,66,66,66,66,66,66,59,59,35,35,35,17,82,82,62,43,38,18,16,0],"gold":430,"neow_bonus":"TEN_PERCENT_HP_BONUS","is_prod":false,"is_daily":false,"chose_seed":false,"campfire_upgraded":5,"win_rate":0.0,"timestamp":1553268505,"path_taken":["M","M","M","$","?","R","$","R","T","R","M","R","E","?","R","BOSS","M","M","M","M","M","M","E"],"build_version":"2019-01-23","purchased_purges":1,"victory":false,"max_hp_per_floor":[82,82,82,82,82,82,82,82,82,82,82,82,82,82,82,82,82,82,82,82,82,82,82,82],"card_choices":[{"not_picked":["Reprogram","Gash"],"picked":"Defragment","floor":1},{"not_picked":["Hello World","Barrage"],"picked":"Stack","floor":2},{"not_picked":["Compile Driver","Sweeping Beam"],"picked":"FTL","floor":3},{"not_picked":["Beam Cell","Leap"],"picked":"Ball Lightning","floor":11},{"not_picked":["Leap","Ball Lightning"],"picked":"Coolheaded","floor":13},{"not_picked":["All For One","Biased Cognition"],"picked":"Electrodynamics","floor":16},{"not_picked":["Steam","Barrage"],"picked":"Redo+1","floor":18},{"not_picked":["Compile Driver","Leap+1"],"picked":"Melter+1","floor":19},{"not_picked":["Loop","Heatsinks"],"picked":"Storm+1","floor":20},{"not_picked":["Chill+1","FTL"],"picked":"Doom and Gloom","floor":21},{"not_picked":["Leap","Beam Cell"],"picked":"Hologram","floor":22},{"not_picked":["Coolheaded+1","Redo"],"picked":"Skim+1","floor":23}],"player_experience":157406,"relics_obtained":[{"floor":9,"key":"Omamori"},{"floor":13,"key":"Juzu Bracelet"}],"event_choices":[{"damage_healed":0,"gold_gain":75,"player_choice":"Gather Gold","damage_taken":11,"max_hp_gain":0,"max_hp_loss":0,"event_name":"World of Goop","floor":5,"gold_loss":0},{"damage_healed":0,"gold_gain":175,"player_choice":"AGREE","damage_taken":0,"max_hp_gain":0,"max_hp_loss":0,"event_name":"Liars Game","floor":14,"gold_loss":0,"cards_obtained":["Doubt"]}],"is_beta":false,"boss_relics":[{"not_picked":["White Beast Statue","Ectoplasm"],"picked":"Sozu"}],"items_purged_floors":[7],"is_endless":false,"potions_floor_spawned":[1,2,13,19,21,22,23],"killed_by":"Slavers","ascension_level":0}