{"gold_per_floor":[112,112,112,131,131,131,147,182,182,31,47,47,78,98,98,223,223,242,168,189,103,123,123,123],"floor_reached":24,"playtime":1786,"items_purged":[],"score":206,"play_id":"76035a45-1c5a-4c20-8300-2c15925ea095","local_time":"20181118003116","is_ascension_mode":false,"campfire_choices":[{"data":"Zap","floor":6,"key":"SMITH"},{"data":"Doom and Gloom","floor":12,"key":"SMITH"},{"floor":15,"key":"REST"},{"data":"Defragment","floor":23,"key":"SMITH"}],"neow_cost":"NONE","seed_source_timestamp":0,"circlet_count":0,"master_deck":["Strike_B","Strike_B","Defend_B","Defend_B","Defend_B","Defend_B","Zap+1","Dualcast","Compile Driver","Gash","Iron Wave","Gash","BootSequence","Doom and Gloom+1","Echo Form","Self Repair","Machine Learning","Cold Snap","Doom and Gloom","Redo","Gash","Defragment+1","Leap"],"special_seed":0,"relics":["Cracked Core","Happy Flower","Golden Idol","Meat on the Bone","Pear","Regal Pillow","Bag of Marbles","Inserter"],"potions_floor_usage":[14,18],"damage_taken":[{"damage":0,"enemies":"Small Slimes","floor":1,"turns":2},{"damage":0,"enemies":"2 Louse","floor":4,"turns":2},{"damage":0,"enemies":"Cultist","floor":7,"turns":2},{"damage":17,"enemies":"Lagavulin","floor":8,"turns":7},{"damage":0,"enemies":"2 Fungi Beasts","floor":11,"turns":2},{"damage":17,"enemies":"3 Sentries","floor":13,"turns":4},{"damage":4,"enemies":"Large Slime","floor":14,"turns":4},{"damage":44,"enemies":"Hexaghost","floor":16,"turns":6},{"damage":17,"enemies":"Spheric Guardian","floor":18,"turns":5},{"damage":7,"enemies":"Shell Parasite","floor":20,"turns":6},{"damage":14,"enemies":"Snecko","floor":22,"turns":5},{"damage":45,"enemies":"Book of Stabbing","floor":24,"turns":5}],"seed_played":"7639977550884557680","potions_obtained":[{"floor":13,"key":"SneckoOil"},{"floor":14,"key":"LiquidBronze"},{"floor":16,"key":"Block Potion"},{"floor":22,"key":"Regen Potion"}],"is_trial":false,"path_per_floor":["M","?","?","M","?","R","M","E","T","$","M","R","E","M","R","B",null,"M","$","M","$","M","R","E"],"character_chosen":"DEFECT","items_purchased":["Regal Pillow","Doom and Gloom","Gash","Defragment"],"campfire_rested":1,"item_purchase_floors":[10,19,21,21],"current_hp_per_floor":[75,68,50,50,50,50,50,33,43,43,43,43,38,46,85,53,85,75,75,82,82,75,75,30],"gold":123,"neow_bonus":"RANDOM_COMMON_RELIC","is_prod":false,"is_daily":false,"chose_seed":false,"campfire_upgraded":3,"win_rate":0,"timestamp":1542522676,"path_taken":["M","?","?","M","?","R","M","E","T","$","M","R","E","M","R","BOSS","M","$","?","$","M","R","E"],"build_version":"2018-11-15","purchased_purges":0,"victory":false,"max_hp_per_floor":[75,75,75,75,75,75,75,75,85,85,85,85,85,85,85,85,85,85,85,85,85,85,85,85],"card_choices":[{"not_picked":["Barrage","Stack"],"picked":"Compile Driver","floor":1},{"not_picked":["Reprogram","Aggregate"],"picked":"Gash","floor":4},{"not_picked":["Stack","Barrage"],"picked":"Gash","floor":7},{"not_picked":["Double Energy","Redo"],"picked":"BootSequence","floor":8},{"not_picked":["Redo","Leap"],"picked":"Doom and Gloom","floor":11},{"not_picked":["Go for the Eyes","Reinforced Body"],"picked":"Echo Form","floor":13},{"not_picked":["White Noise","Genetic Algorithm"],"picked":"Self Repair","floor":14},{"not_picked":["All For One","Multi-Cast"],"picked":"Machine Learning","floor":16},{"not_picked":["Recycle","Sunder"],"picked":"Cold Snap","floor":18},{"not_picked":["Sunder+1","Rebound"],"picked":"Redo","floor":20},{"not_picked":["Beam Cell","Compile Driver+1"],"picked":"Leap","floor":22}],"player_experience":1029823,"relics_obtained":[{"floor":8,"key":"Meat on the Bone"},{"floor":9,"key":"Pear"},{"floor":13,"key":"Bag of Marbles"}],"event_choices":[{"cards_removed":["Strike_B"],"damage_healed":0,"gold_gain":0,"player_choice":"Card Removal","damage_taken":7,"max_hp_gain":0,"max_hp_loss":0,"event_name":"Golden Wing","floor":2,"gold_loss":0},{"damage_healed":0,"gold_gain":0,"player_choice":"Take Damage","damage_taken":18,"relics_obtained":["Golden Idol"],"max_hp_gain":0,"max_hp_loss":0,"event_name":"Golden Idol","floor":3,"gold_loss":0},{"cards_removed":["Strike_B"],"damage_healed":0,"gold_gain":0,"player_choice":"Took Card","damage_taken":0,"max_hp_gain":0,"max_hp_loss":0,"event_name":"NoteForYourself","floor":5,"gold_loss":0,"cards_obtained":["Iron Wave"]}],"is_beta":false,"boss_relics":[{"not_picked":["Fusion Hammer","Ectoplasm"],"picked":"Inserter"}],"items_purged_floors":[],"is_endless":false,"potions_floor_spawned":[13,14,16,22],"killed_by":"Book of Stabbing","ascension_level":0}