{"gold_per_floor":[116,116,45,45,11,11,51,51,99,122,122,157,178,148,148,268,268,282,301,23,47,68,68,103,103,126,167,167,190,190,211,211,335,335,351,374,374,393,293,337,337,371,445,484,507,528,528,542,542,542,542,542,49,92,92],"floor_reached":56,"playtime":7665,"items_purged":["Injury","Strike_G","Strike_G"],"score":1469,"play_id":"4a07b468-43ce-4844-8c59-bb3046fd39ef","local_time":"20190509081147","is_ascension_mode":true,"campfire_choices":[{"data":"Footwork","floor":6.0,"key":"SMITH"},{"floor":8.0,"key":"REST"},{"data":"Neutralize","floor":11.0,"key":"SMITH"},{"data":"Footwork","floor":15.0,"key":"SMITH"},{"data":"Noxious Fumes","floor":23.0,"key":"SMITH"},{"floor":25.0,"key":"REST"},{"data":"Bouncing Flask","floor":28.0,"key":"SMITH"},{"floor":30.0,"key":"REST"},{"data":"Well Laid Plans","floor":32.0,"key":"SMITH"},{"data":"Burst","floor":41,"key":"SMITH"},{"floor":47,"key":"RECALL"},{"data":"Backflip","floor":49,"key":"SMITH"},{"data":"Survivor","floor":52,"key":"SMITH"}],"neow_cost":"NONE","seed_source_timestamp":0,"circlet_count":0,"master_deck":["Defend_G","Defend_G","Defend_G","Defend_G","Defend_G","Survivor+1","Neutralize+1","Noxious Fumes+1","Footwork+1","Footwork+1","Noxious Fumes","Bouncing Flask+1","Well Laid Plans+1","Burst+1","PiercingWail+1","Backflip+1","Doppelganger","Noxious Fumes+1","Footwork+1"],"special_seed":0,"relics":["Ring of the Snake","Dream Catcher","Golden Idol","Dodecahedron","Anchor","Sozu","TwistedFunnel","PreservedInsect","Bronze Scales","Ornamental Fan","Empty Cage","Orichalcum","Blood Vial","The Courier","Nunchaku","Bag of Preparation","Ice Cream","DollysMirror","Sundial"],"potions_floor_usage":[50],"damage_taken":[{"damage":1.0,"enemies":"2 Louse","floor":1.0,"turns":3.0},{"damage":37.0,"enemies":"Gremlin Nob","floor":7.0,"turns":7.0},{"damage":13.0,"enemies":"Small Slimes","floor":10.0,"turns":4.0},{"damage":11.0,"enemies":"3 Sentries","floor":12.0,"turns":8.0},{"damage":0.0,"enemies":"Jaw Worm","floor":13.0,"turns":4.0},{"damage":12.0,"enemies":"Hexaghost","floor":16.0,"turns":10.0},{"damage":16.0,"enemies":"Spheric Guardian","floor":18.0,"turns":5.0},{"damage":0.0,"enemies":"Chosen","floor":19.0,"turns":6.0},{"damage":9.0,"enemies":"Sentry and Sphere","floor":21.0,"turns":5.0},{"damage":1.0,"enemies":"Chosen and Byrds","floor":22.0,"turns":5.0},{"damage":16.0,"enemies":"Gremlin Leader","floor":24.0,"turns":8.0},{"damage":0.0,"enemies":"Book of Stabbing","floor":27.0,"turns":5.0},{"damage":22.0,"enemies":"Shelled Parasite and Fungi","floor":29.0,"turns":6.0},{"damage":18.0,"enemies":"Snecko","floor":31.0,"turns":5.0},{"damage":0.0,"enemies":"Collector","floor":33.0,"turns":9.0},{"damage":0.0,"enemies":"3 Darklings","floor":35.0,"turns":4.0},{"damage":0.0,"enemies":"3 Shapes","floor":36.0,"turns":4.0},{"damage":8.0,"enemies":"Writhing Mass","floor":38.0,"turns":6.0},{"damage":3,"enemies":"Nemesis","floor":40,"turns":7},{"damage":0,"enemies":"Giant Head","floor":42,"turns":7},{"damage":0,"enemies":"Nemesis","floor":44,"turns":7},{"damage":4,"enemies":"Maw","floor":46,"turns":7},{"damage":0,"enemies":"3 Darklings","floor":48,"turns":5},{"damage":48,"enemies":"Awakened One","floor":50,"turns":16},{"damage":3,"enemies":"Shield and Spear","floor":54,"turns":5},{"damage":62,"enemies":"The Heart","floor":55,"turns":11}],"seed_played":"-3948904171552454368","potions_obtained":[{"floor":1.0,"key":"SpeedPotion"},{"floor":12.0,"key":"FearPotion"}],"is_trial":false,"path_per_floor":["M","?","$","?","$","R","E","R","T","M","R","E","M","?","R","B",null,"M","M","$","M","M","R","E","R","T","E","R","M","R","M","R","B",null,"M","M","?","M","$","E","R","E","T","E","T","M","R","M","R","B",null,"R","$","E","B",null],"character_chosen":"THE_SILENT","items_purchased":["Footwork","Noxious Fumes","TwistedFunnel","Ice Cream","DollysMirror"],"campfire_rested":3,"item_purchase_floors":[3,5,20,53,53],"current_hp_per_floor":[69,69,69,69,69,69,32,53,53,40,40,29,29,29,29,17,70,54,54,54,45,44,44,28,49,49,49,49,27,48,30,30,30,70,70,70,70,62,62,59,59,59,59,61,61,59,59,61,61,15,70,70,70,67,7],"gold":92,"neow_bonus":"RANDOM_COMMON_RELIC","is_prod":false,"is_daily":false,"chose_seed":false,"campfire_upgraded":9,"win_rate":0,"timestamp":1557382307,"path_taken":["M","?","$","?","$","R","E","R","T","M","R","E","M","?","R","BOSS","M","M","$","M","M","R","E","R","T","E","R","M","R","M","R","BOSS","M","M","?","M","$","E","R","E","T","E","?","?","R","M","R","BOSS","R","$","E","BOSS"],"build_version":"2019-01-23","purchased_purges":3,"victory":true,"max_hp_per_floor":[70,70,70,70,70,70,70,70,70,70,70,70,70,70,70,70,70,70,70,70,70,70,70,70,70,70,70,70,70,70,70,70,70,70,70,70,70,70,70,70,70,70,70,70,70,70,70,70,70,70,70,70,70,70,70],"card_choices":[{"not_picked":["Prepared","Cloak And Dagger"],"picked":"Noxious Fumes","floor":1.0},{"not_picked":["Prepared","Flying Knee","Finisher"],"picked":"SKIP","floor":7.0},{"not_picked":["Endless Agony","Underhanded Strike"],"picked":"Bouncing Flask","floor":10.0},{"not_picked":["Flying Knee","Concentrate"],"picked":"Well Laid Plans","floor":12.0},{"not_picked":["Acrobatics","Dodge and Roll","Deadly Poison"],"picked":"SKIP","floor":13.0},{"not_picked":["Unload","Doppelganger"],"picked":"Burst","floor":16.0},{"not_picked":["Deflect+1","Acrobatics"],"picked":"PiercingWail+1","floor":18.0},{"not_picked":["Dodge and Roll","Dagger Spray","Eviscerate"],"picked":"SKIP","floor":19.0},{"not_picked":["Dagger Throw+1","Acrobatics","Blade Dance+1"],"picked":"SKIP","floor":21.0},{"not_picked":["Dodge and Roll","A Thousand Cuts","Underhanded Strike"],"picked":"SKIP","floor":22.0},{"not_picked":["Sucker Punch+1","Quick Slash+1"],"picked":"Backflip","floor":24.0},{"not_picked":["Skewer","Dodge and Roll+1","Acrobatics+1"],"picked":"SKIP","floor":27.0},{"not_picked":["Deadly Poison","Dagger Throw","Bane+1"],"picked":"SKIP","floor":29.0},{"not_picked":["Accuracy+1","Sucker Punch","Slice"],"picked":"SKIP","floor":31.0},{"not_picked":["Envenom","Bullet Time"],"picked":"Doppelganger","floor":33.0},{"not_picked":["Terror","Tactician+1","Backstab+1"],"picked":"SKIP","floor":35.0},{"not_picked":["Deflect","Prepared"],"picked":"Noxious Fumes+1","floor":36.0},{"not_picked":["Slice","Sucker Punch","Deadly Poison"],"picked":"SKIP","floor":38.0},{"not_picked":["Bouncing Flask+1","Blade Dance+1","PiercingWail"],"picked":"SKIP","floor":40},{"not_picked":["Concentrate+1","Dagger Throw+1","Heel Hook+1"],"picked":"SKIP","floor":42},{"not_picked":["Deadly Poison+1","Backstab","Bane"],"picked":"SKIP","floor":44},{"not_picked":["Dash+1","Dagger Throw+1","Sucker Punch"],"picked":"SKIP","floor":46},{"not_picked":["Doppelganger","Cloak And Dagger","Outmaneuver+1"],"picked":"SKIP","floor":48},{"not_picked":["Heel Hook+1","Dash+1","Masterful Stab"],"picked":"SKIP","floor":54}],"player_experience":291179,"relics_obtained":[{"floor":7.0,"key":"Dodecahedron"},{"floor":12.0,"key":"Anchor"},{"floor":24.0,"key":"PreservedInsect"},{"floor":26.0,"key":"Bronze Scales"},{"floor":27.0,"key":"Ornamental Fan"},{"floor":40,"key":"Orichalcum"},{"floor":42,"key":"Blood Vial"},{"floor":43,"key":"The Courier"},{"floor":44,"key":"Nunchaku"},{"floor":45,"key":"Bag of Preparation"},{"floor":54,"key":"Sundial"}],"event_choices":[{"damage_healed":0.0,"max_hp_gain":0.0,"max_hp_loss":0.0,"gold_gain":0.0,"event_name":"Golden Idol","player_choice":"Take Wound","floor":2.0,"gold_loss":0.0,"damage_taken":0.0,"relics_obtained":["Golden Idol"],"cards_obtained":["Injury"]},{"damage_healed":0.0,"max_hp_gain":0.0,"max_hp_loss":0.0,"gold_gain":0.0,"cards_transformed":["Strike_G"],"event_name":"Living Wall","player_choice":"Change","floor":4.0,"gold_loss":0.0,"damage_taken":0.0,"cards_obtained":["Footwork"]},{"damage_healed":0.0,"max_hp_gain":0.0,"max_hp_loss":0.0,"gold_gain":0.0,"event_name":"World of Goop","player_choice":"Left Gold","floor":14.0,"gold_loss":30.0,"damage_taken":0.0},{"damage_healed":0.0,"max_hp_gain":0.0,"max_hp_loss":0.0,"gold_gain":0.0,"event_name":"Tomb of Lord Red Mask","player_choice":"Ignored","floor":37.0,"gold_loss":0.0,"damage_taken":0.0}],"is_beta":false,"boss_relics":[{"not_picked":["Calling Bell","White Beast Statue"],"picked":"Sozu"},{"not_picked":["HoveringKite","Black Star"],"picked":"Empty Cage"}],"items_purged_floors":[20,39,53],"is_endless":false,"potions_floor_spawned":[1,12,19,21,24,27,31,35,46,54],"ascension_level":2}