{"gold_per_floor":[209,33,50,50,69,69,69,89,89,264,264,274,274,274,274,373,373,392,392,392,237,237,237,257,13,13,31,31,31],"floor_reached":29,"playtime":1494,"items_purged":[],"score":301,"play_id":"cfdfd985-1a3e-4f1f-8257-12c5f214f480","local_time":"20180909231548","is_ascension_mode":true,"campfire_choices":[{"data":"Cleave","floor":6.0,"key":"SMITH"},{"data":"The Bomb","floor":11.0,"key":"SMITH"},{"data":"Reckless Charge","floor":15.0,"key":"SMITH"},{"data":"Bludgeon","floor":23,"key":"SMITH"},{"data":"Flash of Steel","floor":28,"key":"SMITH"}],"neow_cost":"NONE","seed_source_timestamp":0,"circlet_count":0,"master_deck":["Strike_R+1","Strike_R","Strike_R+1","Defend_R","Defend_R","Defend_R","Defend_R","Bash","Reckless Charge+1","The Bomb+1","Cleave+1","Ghostly Armor","Battle Trance","Inflame","Bludgeon+1","Cleave+1","Cleave","Flash of Steel+1","Shrug It Off+1"],"special_seed":0,"relics":["Burning Blood","Pear","Sundial","Black Star","Spirit Poop","Nilry\u0027s Codex","Bronze Scales","Whetstone","Unceasing Top"],"potions_floor_usage":[22,24,24],"damage_taken":[{"damage":2.0,"enemies":"2 Louse","floor":1.0,"turns":3.0},{"damage":16.0,"enemies":"Jaw Worm","floor":3.0,"turns":4.0},{"damage":0.0,"enemies":"Small Slimes","floor":5.0,"turns":2.0},{"damage":13.0,"enemies":"Red Slaver","floor":8.0,"turns":4.0},{"damage":2.0,"enemies":"Looter","floor":12.0,"turns":3.0},{"damage":47.0,"enemies":"Hexaghost","floor":16.0,"turns":8.0},{"damage":13,"enemies":"Spheric Guardian","floor":18,"turns":4},{"damage":0,"enemies":"Shell Parasite","floor":22,"turns":1},{"damage":15,"enemies":"Snake Plant","floor":24,"turns":3},{"damage":16,"enemies":"Cultist and Chosen","floor":27,"turns":5},{"damage":25,"enemies":"Shelled Parasite and Fungi","floor":29,"turns":4}],"seed_played":"5425377317275397268","potions_obtained":[{"floor":3.0,"key":"SmokeBomb"},{"floor":5.0,"key":"SteroidPotion"},{"floor":12.0,"key":"PowerPotion"},{"floor":18,"key":"EssenceOfSteel"}],"is_trial":false,"path_per_floor":["M","$","M","?","M","R","?","M","T","?","R","M","?","?","R","B",null,"M","?","?","$","M","R","M","$","T","M","R"],"character_chosen":"IRONCLAD","items_purchased":["The Bomb","Bronze Scales","Whetstone","Flash of Steel"],"campfire_rested":0,"item_purchase_floors":[2,21,25,25],"current_hp_per_floor":[76,76,66,59,65,65,72,65,65,65,65,69,69,74,74,33,80,73,73,57,57,63,63,54,54,54,44,44,19],"gold":31,"neow_bonus":"HUNDRED_GOLD","is_prod":false,"is_daily":false,"chose_seed":false,"campfire_upgraded":5,"win_rate":0,"timestamp":1536552948,"path_taken":["M","$","M","?","M","R","?","?","T","?","R","M","?","?","R","BOSS","M","?","?","$","M","R","M","$","T","?","R","M"],"build_version":"2018-09-06","purchased_purges":0,"victory":false,"max_hp_per_floor":[80,80,80,80,80,80,90,90,90,90,90,90,90,95,95,95,95,95,95,95,95,95,95,95,95,95,95,95,95],"card_choices":[{"not_picked":["Havoc","Clash"],"picked":"Reckless Charge","floor":1.0},{"not_picked":["Thunderclap","Ghostly Armor"],"picked":"Cleave","floor":3.0},{"not_picked":["Sentinel","Sword Boomerang"],"picked":"Ghostly Armor","floor":5.0},{"not_picked":["Wild Strike","Armaments"],"picked":"Battle Trance","floor":8.0},{"not_picked":["Wild Strike","Headbutt"],"picked":"Inflame","floor":12.0},{"not_picked":["Barricade","Limit Break"],"picked":"Bludgeon","floor":16.0},{"not_picked":["Clash","Heavy Blade"],"picked":"Cleave+1","floor":18},{"not_picked":["Infernal Blade","Armaments"],"picked":"Cleave","floor":24},{"not_picked":["Clash+1","True Grit+1"],"picked":"Shrug It Off+1","floor":27}],"player_experience":579515,"relics_obtained":[{"floor":9.0,"key":"Sundial"},{"floor":20,"key":"Nilry\u0027s Codex"},{"floor":26,"key":"Unceasing Top"}],"event_choices":[{"event_name":"Golden Wing","player_choice":"Card Removal","floor":4.0,"damage_taken":0.0},{"event_name":"Scrap Ooze","player_choice":"success","floor":7.0,"damage_taken":3.0},{"event_name":"Liars Game","player_choice":"agreed","floor":10.0,"damage_taken":0.0},{"event_name":"Living Wall","player_choice":"Forget","floor":13.0,"damage_taken":0.0},{"event_name":"Big Fish","player_choice":"Donut","floor":14.0,"damage_taken":0.0},{"event_name":"Bonfire Elementals","player_choice":"CURSE","floor":19,"damage_taken":0},{"event_name":"Cursed Tome","player_choice":"Obtained Book","floor":20,"damage_taken":0}],"is_beta":false,"boss_relics":[{"not_picked":["Ectoplasm","Coffee Dripper"],"picked":"Black Star"}],"items_purged_floors":[],"is_endless":false,"potions_floor_spawned":[3,5,12,18,22],"killed_by":"Shelled Parasite and Fungi","ascension_level":6}