{"gold_per_floor":[362,362,375,394,124,163,163,181,181,181,161,205,219,234,234,355,355,370,95,95,95,118,153,153,153,206,206],"floor_reached":27,"playtime":1593,"items_purged":["Writhe"],"score":387,"play_id":"4d50a76f-6bc2-450c-aace-59c0f64d4b6d","local_time":"20180919153449","is_ascension_mode":true,"campfire_choices":[{"floor":7,"key":"REST"},{"data":"Searing Blow","floor":10,"key":"SMITH"},{"floor":15,"key":"REST"},{"floor":25,"key":"REST"}],"neow_cost":"CURSE","seed_source_timestamp":619574002394269,"circlet_count":0,"master_deck":["Strike_R+1","Strike_R+1","Strike_R+1","Strike_R+1","Defend_R+1","Defend_R+1","Defend_R+1","Defend_R+1","Bash","AscendersBane","Headbutt","Wild Strike","Twin Strike","Searing Blow+1","Heavy Blade","Inflame+1","Rampage","Feed","Impervious","Flex","Flame Barrier","Headbutt","Flex","Perfected Strike","Limit Break"],"relics":["Burning Blood","Golden Idol","ClockworkSouvenir","Prayer Wheel","Frozen Egg 2","Pear","Eternal Feather","Strawberry","Turnip","Juzu Bracelet"],"potions_floor_usage":[8,12,13,14,22,23],"damage_taken":[{"damage":12,"enemies":"Jaw Worm","floor":1,"turns":2},{"damage":0,"enemies":"2 Louse","floor":3,"turns":3},{"damage":6,"enemies":"Cultist","floor":4,"turns":3},{"damage":31,"enemies":"Gremlin Nob","floor":6,"turns":4},{"damage":5,"enemies":"Lots of Slimes","floor":8,"turns":2},{"damage":35,"enemies":"3 Sentries","floor":12,"turns":7},{"damage":16,"enemies":"Blue Slaver","floor":13,"turns":3},{"damage":25,"enemies":"Gremlin Gang","floor":14,"turns":4},{"damage":43,"enemies":"Slime Boss","floor":16,"turns":9},{"damage":12,"enemies":"Spheric Guardian","floor":18,"turns":5},{"damage":27,"enemies":"3 Byrds","floor":22,"turns":6},{"damage":58,"enemies":"Slavers","floor":23,"turns":7},{"damage":62,"enemies":"Book of Stabbing","floor":27,"turns":6}],"seed_played":"8279559965570927879","potions_obtained":[{"floor":1,"key":"Explosive Potion"},{"floor":8,"key":"FairyPotion"},{"floor":11,"key":"PowerPotion"},{"floor":12,"key":"BloodPotion"},{"floor":13,"key":"BloodPotion"},{"floor":16,"key":"Swift Potion"}],"is_trial":false,"path_per_floor":["M","?","M","M","$","E","R","M","T","R","?","E","M","M","R","B",null,"M","$","?","?","M","E","?","R","T"],"character_chosen":"IRONCLAD","items_purchased":["ClockworkSouvenir","Strawberry","Headbutt","BloodPotion"],"campfire_rested":3,"item_purchase_floors":[5,19,19,19],"current_hp_per_floor":[66,46,52,52,52,27,51,52,52,52,52,33,32,22,49,12,71,68,75,75,75,67,18,18,64,64,2],"gold":206,"neow_bonus":"TWO_FIFTY_GOLD","is_prod":false,"is_daily":false,"chose_seed":false,"campfire_upgraded":1,"win_rate":0,"timestamp":1537389289,"path_taken":["M","?","?","M","$","E","R","?","T","R","?","E","M","M","R","BOSS","M","$","?","?","M","E","?","R","T","E"],"build_version":"2018-09-06","purchased_purges":1,"victory":false,"max_hp_per_floor":[80,80,80,80,80,80,80,80,80,80,80,90,90,90,90,90,90,93,100,100,100,103,106,106,106,106,106],"card_choices":[{"not_picked":["Burning Pact","Iron Wave"],"picked":"Headbutt","floor":1},{"not_picked":["True Grit","Power Through"],"picked":"Wild Strike","floor":3},{"not_picked":["Bloodletting","Infernal Blade"],"picked":"Twin Strike","floor":4},{"not_picked":["Wild Strike","Combust","True Grit"],"picked":"SKIP","floor":6},{"not_picked":["Wild Strike","Combust"],"picked":"Searing Blow","floor":8},{"not_picked":["Twin Strike","Entrench","Power Through"],"picked":"SKIP","floor":8},{"not_picked":["Burning Pact","Shockwave"],"picked":"Heavy Blade","floor":12},{"not_picked":["Dual Wield","Combust+1"],"picked":"Inflame+1","floor":13},{"not_picked":["Shockwave","Twin Strike"],"picked":"Rampage","floor":13},{"not_picked":["Body Slam","Power Through"],"picked":"Feed","floor":14},{"not_picked":["Armaments","Sword Boomerang","Evolve+1"],"picked":"SKIP","floor":14},{"not_picked":["Dark Embrace+1","Offering"],"picked":"Impervious","floor":16},{"not_picked":["Clothesline","Thunderclap"],"picked":"Flex","floor":18},{"not_picked":["Armaments+1","Sword Boomerang"],"picked":"Flame Barrier","floor":18},{"not_picked":["Thunderclap","Carnage"],"picked":"Flex","floor":22},{"not_picked":["Intimidate","Sword Boomerang"],"picked":"Perfected Strike","floor":22},{"not_picked":["Intimidate","Warcry+1"],"picked":"Limit Break","floor":23}],"player_experience":621326,"relics_obtained":[{"floor":6,"key":"Prayer Wheel"},{"floor":9,"key":"Frozen Egg 2"},{"floor":12,"key":"Pear"},{"floor":23,"key":"Turnip"},{"floor":26,"key":"Juzu Bracelet"}],"event_choices":[{"event_name":"Golden Idol","player_choice":"Take Damage","floor":2,"damage_taken":0},{"event_name":"The Woman in Blue","player_choice":"Bought 1 Potion","floor":11,"damage_taken":0},{"event_name":"Beggar","player_choice":"Ignored","floor":20,"damage_taken":0},{"event_name":"Purifier","player_choice":"One Purge","floor":21,"damage_taken":0},{"event_name":"Back to Basics","player_choice":"Simplicity","floor":24,"damage_taken":0}],"is_beta":false,"boss_relics":[{"not_picked":["Astrolabe","Black Blood"],"picked":"Eternal Feather"}],"items_purged_floors":[5],"is_endless":false,"potions_floor_spawned":[1,8,12,13,16],"killed_by":"Book of Stabbing","ascension_level":10}