{"gold_per_floor":[110,285,304,19,94,94,51,51,75,95,110,110,145,157,157,255,255,272,150,169,169,186,186],"floor_reached":23,"playtime":1205,"items_purged":["Doubt"],"score":191,"play_id":"a2a8045e-04bc-4145-b1c9-6a28dec541cd","local_time":"20190317175521","is_ascension_mode":false,"campfire_choices":[{"data":"Zap","floor":6,"key":"SMITH"},{"data":"Dualcast","floor":8,"key":"SMITH"},{"data":"Defragment","floor":12,"key":"SMITH"},{"data":"Tempest","floor":15,"key":"SMITH"}],"neow_cost":"NONE","seed_source_timestamp":345331696377469,"circlet_count":0,"master_deck":["Strike_B","Strike_B","Strike_B","Strike_B","Defend_B","Defend_B","Defend_B","Defend_B","Zap+1","Dualcast+1","Redo","Leap","Defragment","Ball Lightning","Defragment+1","Multi-Cast","Cold Snap","Ball Lightning","Tempest+1","Creative AI","Stack","Hologram","Leap"],"relics":["Cracked Core","Membership Card","Bag of Preparation","Cables","Inserter","Frozen Egg 2","Orichalcum"],"potions_floor_usage":[14,18],"damage_taken":[{"damage":1,"enemies":"Jaw Worm","floor":1,"turns":3},{"damage":0,"enemies":"2 Louse","floor":3,"turns":2},{"damage":0,"enemies":"Cultist","floor":10,"turns":3},{"damage":1,"enemies":"Looter","floor":11,"turns":3},{"damage":17,"enemies":"Lagavulin","floor":13,"turns":6},{"damage":3,"enemies":"Lots of Slimes","floor":14,"turns":2},{"damage":17,"enemies":"Slime Boss","floor":16,"turns":7},{"damage":0,"enemies":"3 Byrds","floor":18,"turns":3},{"damage":30,"enemies":"2 Thieves","floor":20,"turns":3},{"damage":40,"enemies":"3 Cultists","floor":22,"turns":5},{"damage":0,"enemies":"Gremlin Leader","floor":23,"turns":1}],"seed_played":"-4423810534518332789","potions_obtained":[{"floor":3,"key":"SteroidPotion"},{"floor":11,"key":"Regen Potion"},{"floor":14,"key":"Ancient Potion"},{"floor":16,"key":"PowerPotion"},{"floor":18,"key":"SteroidPotion"},{"floor":20,"key":"Fire Potion"}],"is_trial":false,"path_per_floor":["M","?","M","$","?","R","$","R","T","M","M","R","E","M","R","B",null,"M","$","M","?","M","E"],"character_chosen":"DEFECT","items_purchased":["Membership Card","Defragment","Ball Lightning","Defragment","Frozen Egg 2"],"campfire_rested":0,"item_purchase_floors":[4,4,7,7,19],"current_hp_per_floor":[81,81,81,81,70,70,70,70,70,70,69,69,52,49,49,32,82,82,82,52,52,12,12],"gold":186,"neow_bonus":"TEN_PERCENT_HP_BONUS","is_prod":false,"is_daily":false,"chose_seed":false,"campfire_upgraded":4,"win_rate":0,"timestamp":1552863321,"path_taken":["M","?","M","$","?","R","$","R","T","M","?","R","E","M","R","BOSS","M","$","M","?","M","E"],"build_version":"2019-01-23","purchased_purges":1,"victory":false,"max_hp_per_floor":[82,82,82,82,82,82,82,82,82,82,82,82,82,82,82,82,82,82,82,82,82,82,82],"card_choices":[{"not_picked":["Aggregate","Double Energy"],"picked":"Redo","floor":1},{"not_picked":["Turbo","Coolheaded"],"picked":"Leap","floor":3},{"not_picked":["Leap","Redo"],"picked":"Multi-Cast","floor":10},{"not_picked":["Barrage","Redo"],"picked":"Cold Snap","floor":11},{"not_picked":["Fusion","Loop"],"picked":"Ball Lightning","floor":13},{"not_picked":["Rebound","Cold Snap"],"picked":"Tempest","floor":14},{"not_picked":["Biased Cognition","Multi-Cast"],"picked":"Creative AI","floor":16},{"not_picked":["Gash+1","Force Field"],"picked":"Stack","floor":18},{"not_picked":["Streamline","Stack"],"picked":"Hologram","floor":20},{"not_picked":["Steam","Streamline"],"picked":"Leap","floor":22}],"player_experience":1207490,"relics_obtained":[{"floor":9,"key":"Bag of Preparation"},{"floor":13,"key":"Cables"}],"event_choices":[{"damage_healed":0,"gold_gain":175,"player_choice":"AGREE","damage_taken":0,"max_hp_gain":0,"max_hp_loss":0,"event_name":"Liars Game","floor":2,"gold_loss":0,"cards_obtained":["Doubt"]},{"damage_healed":0,"gold_gain":75,"player_choice":"Gather Gold","damage_taken":11,"max_hp_gain":0,"max_hp_loss":0,"event_name":"World of Goop","floor":5,"gold_loss":0},{"damage_healed":0,"gold_gain":0,"player_choice":"Opened","damage_taken":0,"relics_obtained":["Orichalcum"],"max_hp_gain":0,"max_hp_loss":0,"event_name":"The Mausoleum","floor":21,"gold_loss":0}],"is_beta":false,"boss_relics":[{"not_picked":["Astrolabe","Calling Bell"],"picked":"Inserter"}],"items_purged_floors":[4],"is_endless":false,"potions_floor_spawned":[3,11,14,16,18,20,22],"killed_by":"Gremlin Leader","ascension_level":0}