{"gold_per_floor":[219,169,169,179,194,194,369,369,394,394,410,439,456,456,456,456],"floor_reached":16,"playtime":786,"items_purged":[],"score":135,"play_id":"2a9a2a17-15c1-4c69-8835-b04fd3d9098e","local_time":"20180829125031","is_ascension_mode":true,"campfire_choices":[{"data":"Sucker Punch","floor":6,"key":"SMITH"},{"floor":8,"key":"REST"},{"data":"Quick Slash","floor":10,"key":"SMITH"},{"data":"Heel Hook","floor":15,"key":"SMITH"}],"neow_cost":"NONE","seed_source_timestamp":1375272003118547,"circlet_count":0,"master_deck":["Defend_G+1","Defend_G","Defend_G","Defend_G","Defend_G+1","Strike_G","Strike_G","Strike_G","Strike_G","Survivor+1","Neutralize+1","Quick Slash+1","Infinite Blades","Sucker Punch+1","Doubt","Finisher","Dash","Heel Hook+1"],"relics":["Ring of the Snake","War Paint","Bottled Lightning","Matryoshka"],"potions_floor_usage":[16,16,16],"damage_taken":[{"damage":6,"enemies":"Small Slimes","floor":1,"turns":5},{"damage":0,"enemies":"2 Louse","floor":4,"turns":4},{"damage":7,"enemies":"Jaw Worm","floor":5,"turns":4},{"damage":0,"enemies":"Looter","floor":11,"turns":3},{"damage":8,"enemies":"Gremlin Nob","floor":12,"turns":3},{"damage":0,"enemies":"Red Slaver","floor":13,"turns":4},{"damage":13,"enemies":"Slime Boss","floor":16,"turns":8}],"seed_played":"7801873275408580639","potions_obtained":[{"floor":1,"key":"EssenceOfSteel"},{"floor":11,"key":"LiquidBronze"},{"floor":13,"key":"Energy Potion"}],"is_trial":false,"path_per_floor":["M","?","?","M","M","R","?","R","T","R","M","E","M","T","R"],"character_chosen":"THE_SILENT","items_purchased":[],"campfire_rested":1,"item_purchase_floors":[],"current_hp_per_floor":[57,57,43,43,36,36,36,57,57,57,57,49,49,49,49,36],"gold":456,"neow_bonus":"HUNDRED_GOLD","is_prod":false,"is_daily":false,"chose_seed":false,"campfire_upgraded":3,"win_rate":0,"timestamp":1535565031,"path_taken":["M","?","?","?","M","R","?","R","T","R","M","E","M","?","R","BOSS"],"build_version":"2018-08-23v2","purchased_purges":0,"victory":false,"max_hp_per_floor":[70,70,70,70,70,70,70,70,70,70,70,70,70,70,70,70],"card_choices":[{"not_picked":["Skewer","Tactician"],"picked":"Quick Slash","floor":1},{"not_picked":["Acrobatics","Well Laid Plans"],"picked":"Infinite Blades","floor":4},{"not_picked":["PiercingWail","Expertise"],"picked":"Sucker Punch","floor":5},{"not_picked":["Concentrate","Tactician"],"picked":"Finisher","floor":11},{"not_picked":["Heel Hook","Doppelganger"],"picked":"Dash","floor":12},{"not_picked":["Outmaneuver","Tactician"],"picked":"Heel Hook","floor":13}],"player_experience":557651,"relics_obtained":[{"floor":9,"key":"War Paint"},{"floor":12,"key":"Bottled Lightning"},{"floor":14,"key":"Matryoshka"}],"event_choices":[{"event_name":"The Cleric","player_choice":"Card Removal","floor":2,"damage_taken":0},{"event_name":"Shining Light","player_choice":"Entered Light","floor":3,"damage_taken":0},{"event_name":"Liars Game","player_choice":"agreed","floor":7,"damage_taken":0}],"is_beta":false,"boss_relics":[],"items_purged_floors":[],"is_endless":false,"potions_floor_spawned":[1,11,13],"killed_by":"Slime Boss","ascension_level":7}