{"gold_per_floor":[115,128,141,159,159,159,185,196,220,255,255,255,255,16,16,94,94,111,111],"floor_reached":19,"playtime":1810,"items_purged":[],"score":310,"play_id":"6ba89b14-7c1f-4620-b28f-31f7439d19a0","local_time":"20181005213412","is_ascension_mode":true,"campfire_choices":[{"data":"Flex","floor":6,"key":"SMITH"},{"floor":11,"key":"REST"},{"floor":13,"key":"DIG"},{"floor":15,"key":"DIG"}],"neow_cost":"NONE","seed_source_timestamp":1388642617356971,"circlet_count":0,"master_deck":["Strike_R","Strike_R","Strike_R","Defend_R","Defend_R","Defend_R","Defend_R","Bash","AscendersBane","Flex+1","Flex+1","Pommel Strike","Armaments","Shrug It Off","Iron Wave","Clothesline","Feed"],"relics":["Burning Blood","Gambling Chip","Omamori","Bronze Scales","Shovel","PreservedInsect","Pantograph","Self Forming Clay","Empty Cage"],"potions_floor_usage":[7,10],"damage_taken":[{"damage":4,"enemies":"Jaw Worm","floor":1,"turns":4},{"damage":0,"enemies":"Cultist","floor":2,"turns":3},{"damage":6,"enemies":"2 Louse","floor":3,"turns":3},{"damage":11,"enemies":"Blue Slaver","floor":4,"turns":6},{"damage":48,"enemies":"Gremlin Nob","floor":7,"turns":5},{"damage":0,"enemies":"3 Louse","floor":8,"turns":3},{"damage":30,"enemies":"Lagavulin","floor":10,"turns":8},{"damage":22,"enemies":"The Guardian","floor":16,"turns":12},{"damage":7,"enemies":"3 Byrds","floor":18,"turns":3},{"damage":22,"enemies":"Colosseum Slavers","floor":19,"turns":5},{"damage":39,"enemies":"Colosseum Nobs","floor":19,"turns":5}],"seed_played":"4335521918597557082","potions_obtained":[{"floor":3,"key":"Swift Potion"},{"floor":7,"key":"SkillPotion"}],"is_trial":false,"path_per_floor":["M","M","M","M","?","R","E","M","T","E","R","T","R","$","R","B",null,"M"],"character_chosen":"IRONCLAD","items_purchased":["Pantograph"],"campfire_rested":1,"item_purchase_floors":[14],"current_hp_per_floor":[70,75,75,70,70,70,28,34,34,10,32,32,32,32,32,41,67,66,17],"gold":111,"neow_bonus":"THREE_CARDS","is_prod":false,"is_daily":false,"chose_seed":false,"campfire_upgraded":1,"win_rate":0,"timestamp":1538793252,"path_taken":["M","M","M","M","?","R","E","M","T","E","R","?","R","$","R","BOSS","M","?"],"build_version":"2018-10-04","purchased_purges":0,"victory":false,"max_hp_per_floor":[75,75,75,75,75,75,75,75,75,75,75,75,75,75,75,75,75,75,81],"card_choices":[{"not_picked":["Cleave","Metallicize"],"picked":"Flex","floor":0},{"not_picked":["Heavy Blade","Sword Boomerang"],"picked":"Flex","floor":1},{"not_picked":["Sword Boomerang","Wild Strike"],"picked":"Pommel Strike","floor":2},{"not_picked":["Havoc","Dual Wield"],"picked":"Armaments","floor":3},{"not_picked":["Flex","Double Tap"],"picked":"Shrug It Off","floor":4},{"not_picked":["Sword Boomerang","Second Wind"],"picked":"Iron Wave","floor":7},{"not_picked":["Wild Strike","Sentinel"],"picked":"Clothesline","floor":8},{"not_picked":["Havoc","Corruption","Seeing Red"],"picked":"SKIP","floor":10},{"not_picked":["Impervious","Bludgeon"],"picked":"Feed","floor":16},{"not_picked":["Fire Breathing","Anger","Clash"],"picked":"SKIP","floor":18}],"player_experience":705244,"relics_obtained":[{"floor":7,"key":"Gambling Chip"},{"floor":9,"key":"Omamori"},{"floor":10,"key":"Bronze Scales"},{"floor":12,"key":"Shovel"},{"floor":13,"key":"PreservedInsect"},{"floor":15,"key":"Self Forming Clay"}],"event_choices":[{"event_name":"Living Wall","player_choice":"Grow","floor":5,"damage_taken":0},{"event_name":"Colosseum","player_choice":"Fight","floor":19,"damage_taken":0},{"event_name":"Colosseum","player_choice":"Fought Nobs","floor":19,"damage_taken":0}],"is_beta":false,"boss_relics":[{"not_picked":["Runic Pyramid","Lizard Tail"],"picked":"Empty Cage"}],"items_purged_floors":[],"is_endless":false,"potions_floor_spawned":[3,7,19],"killed_by":"Colosseum Nobs","ascension_level":15}