{"gold_per_floor":[113,188,198,198,208,208,226,226,253,269,279,279,56,70,70,173,173,187,187,200,200],"floor_reached":21,"playtime":2308,"items_purged":["Pain"],"score":216,"play_id":"b4f279d7-d726-4132-9cfe-bece0115297f","local_time":"20190627211541","is_ascension_mode":true,"campfire_choices":[{"floor":6,"key":"REST"},{"floor":8,"key":"REST"},{"floor":12,"key":"REST"},{"floor":15,"key":"REST"}],"neow_cost":"NONE","seed_source_timestamp":1069144233021100,"circlet_count":0,"master_deck":["Defend_G","Defend_G","Defend_G","Defend_G","Defend_G","Strike_G","Strike_G","Strike_G","Strike_G","Strike_G","Survivor","Neutralize","Normality","Injury","Prepared","Backstab","Dagger Throw","Slice","Expertise","A Thousand Cuts","Noxious Fumes","Finesse","Cloak And Dagger","Noxious Fumes","All Out Attack","After Image","Deadly Poison","Escape Plan"],"relics":["Calling Bell","Dream Catcher","The Courier","Shovel","Shuriken","Sozu","Regal Pillow"],"potions_floor_usage":[5,10,16,18],"damage_taken":[{"damage":18,"enemies":"Jaw Worm","floor":1,"turns":5},{"damage":2,"enemies":"2 Louse","floor":3,"turns":5},{"damage":20,"enemies":"Cultist","floor":5,"turns":5},{"damage":4,"enemies":"Exordium Wildlife","floor":7,"turns":5},{"damage":9,"enemies":"Large Slime","floor":10,"turns":6},{"damage":1,"enemies":"3 Louse","floor":11,"turns":3},{"damage":9,"enemies":"Blue Slaver","floor":14,"turns":4},{"damage":43,"enemies":"Slime Boss","floor":16,"turns":8},{"damage":33,"enemies":"Chosen","floor":18,"turns":6},{"damage":20,"enemies":"Shell Parasite","floor":20,"turns":6},{"damage":7,"enemies":"Snake Plant","floor":21,"turns":1}],"seed_played":"-2517940234037647011","potions_obtained":[{"floor":1,"key":"SkillPotion"},{"floor":7,"key":"Energy Potion"},{"floor":14,"key":"SkillPotion"},{"floor":16,"key":"AttackPotion"}],"is_trial":false,"path_per_floor":["M","?","M","T","M","R","M","R","T","M","M","R","$","M","R","B",null,"M","?","M","M"],"character_chosen":"THE_SILENT","items_purchased":["Finesse","Cloak And Dagger","Noxious Fumes"],"campfire_rested":4,"item_purchase_floors":[13,13,13],"current_hp_per_floor":[52,41,39,39,19,40,36,57,57,48,47,68,68,59,70,27,59,26,26,6,0],"gold":200,"neow_bonus":"BOSS_RELIC","is_prod":false,"is_daily":false,"chose_seed":false,"campfire_upgraded":0,"win_rate":0,"timestamp":1561695341,"path_taken":["M","?","M","?","M","R","M","R","T","M","M","R","$","M","R","BOSS","M","?","?","M"],"build_version":"2019-01-23","purchased_purges":1,"victory":false,"max_hp_per_floor":[70,70,70,70,70,70,70,70,70,70,70,70,70,70,70,70,70,70,70,70,70],"card_choices":[{"not_picked":["Finisher","Underhanded Strike"],"picked":"Prepared","floor":1},{"not_picked":["Skewer","Blur"],"picked":"Backstab","floor":3},{"not_picked":["Endless Agony","Acrobatics"],"picked":"Dagger Throw","floor":5},{"not_picked":["Bouncing Flask","Setup"],"picked":"Backflip","floor":7},{"not_picked":["Sucker Punch","All Out Attack"],"picked":"Slice","floor":8},{"not_picked":["Dagger Throw","Blur"],"picked":"Expertise","floor":10},{"not_picked":["Dodge and Roll","Quick Slash"],"picked":"A Thousand Cuts","floor":11},{"not_picked":["Backflip","Bane"],"picked":"Noxious Fumes","floor":12},{"not_picked":["Quick Slash","Dodge and Roll","Tactician"],"picked":"SKIP","floor":14},{"not_picked":["Tactician","Dagger Throw"],"picked":"All Out Attack","floor":15},{"not_picked":["Burst","Grand Finale"],"picked":"After Image","floor":16},{"not_picked":["Outmaneuver+1","Quick Slash"],"picked":"Deadly Poison","floor":18},{"not_picked":["Acrobatics+1","Backflip+1"],"picked":"Escape Plan","floor":20}],"player_experience":573356,"relics_obtained":[{"floor":0,"key":"Dream Catcher"},{"floor":0,"key":"The Courier"},{"floor":0,"key":"Shovel"},{"floor":4,"key":"Shuriken"}],"event_choices":[{"damage_healed":0,"gold_gain":75,"player_choice":"Gather Gold","damage_taken":11,"max_hp_gain":0,"max_hp_loss":0,"event_name":"World of Goop","floor":2,"gold_loss":0},{"cards_removed":["Backflip"],"damage_healed":0,"gold_gain":0,"player_choice":"Gave Card","damage_taken":0,"relics_obtained":["Regal Pillow"],"max_hp_gain":0,"max_hp_loss":0,"event_name":"WeMeetAgain","floor":19,"gold_loss":0}],"is_beta":false,"boss_relics":[{"not_picked":["Fusion Hammer","Black Star"],"picked":"Sozu"}],"items_purged_floors":[13],"is_endless":false,"potions_floor_spawned":[1,7,14,16],"killed_by":"Snake Plant","ascension_level":5}