{"gold_per_floor":[111,183,195,100,117,117,142,142,142,177,177,188,219,219,219,321,371,389,689,466,482,501,501,165,165,165,177,207,307,307,335,335,430,430,449,449,449,520,533,533,560,352,352,363,65,76,76,111,111,111],"floor_reached":51,"playtime":4309,"items_purged":["Rainbow","Shame"],"score":992,"play_id":"f017b9dc-39fc-4130-bd8f-9b16a2f53bd5","local_time":"20181108224514","is_ascension_mode":true,"campfire_choices":[{"data":"Zap","floor":6,"key":"SMITH"},{"data":"Dualcast","floor":8,"key":"SMITH"},{"data":"Defragment","floor":11,"key":"SMITH"},{"floor":15,"key":"REST"},{"data":"Blizzard","floor":23,"key":"SMITH"},{"floor":25,"key":"REST"},{"data":"Redo","floor":30,"key":"SMITH"},{"floor":32,"key":"REST"},{"data":"Redo","floor":40,"key":"SMITH"},{"floor":47,"key":"REST"},{"floor":49,"key":"REST"}],"neow_cost":"NONE","seed_source_timestamp":704257454909688,"circlet_count":0,"master_deck":["Strike_B","Strike_B","Strike_B+1","Strike_B","Defend_B+1","Defend_B+1","Defend_B","Defend_B+1","Zap+1","Dualcast+1","Doom and Gloom+1","Conserve Battery","Cold Snap","Defragment+1","Leap","Sweeping Beam","Turbo","Redo+1","Glacier","Reboot","Blizzard+1","Ball Lightning","Lockon","Sweeping Beam+1","Chill","Redo","Defragment+1","Capacitor+1","Buffer","Redo+1","Cold Snap+1","Echo Form","Redo+1","Static Discharge+1"],"relics":["Cracked Core","Oddly Smooth Stone","Pantograph","Whetstone","PreservedInsect","Tiny House","Old Coin","Happy Flower","Orichalcum","Blood Vial","Symbiotic Virus","Ornamental Fan","Sozu","Strawberry","Pear","Potion Belt","ClockworkSouvenir","Kunai","DataDisk","Anchor","War Paint"],"potions_floor_usage":[13,21,31,33,50,50,50],"damage_taken":[{"damage":0,"enemies":"Cultist","floor":1,"turns":3},{"damage":11,"enemies":"Small Slimes","floor":3,"turns":3},{"damage":1,"enemies":"2 Louse","floor":5,"turns":2},{"damage":10,"enemies":"3 Sentries","floor":7,"turns":5},{"damage":6,"enemies":"Gremlin Nob","floor":10,"turns":3},{"damage":0,"enemies":"Red Slaver","floor":12,"turns":3},{"damage":4,"enemies":"Lagavulin","floor":13,"turns":5},{"damage":20,"enemies":"Hexaghost","floor":16,"turns":9},{"damage":8,"enemies":"Shell Parasite","floor":18,"turns":6},{"damage":8,"enemies":"3 Byrds","floor":21,"turns":3},{"damage":14,"enemies":"Snake Plant","floor":22,"turns":3},{"damage":4,"enemies":"Centurion and Healer","floor":27,"turns":7},{"damage":18,"enemies":"Book of Stabbing","floor":28,"turns":6},{"damage":22,"enemies":"Slavers","floor":31,"turns":4},{"damage":44,"enemies":"Automaton","floor":33,"turns":10},{"damage":13,"enemies":"3 Darklings","floor":35,"turns":4},{"damage":5,"enemies":"3 Shapes","floor":39,"turns":4},{"damage":36,"enemies":"Sphere and 2 Shapes","floor":44,"turns":7},{"damage":0,"enemies":"Maw","floor":46,"turns":8},{"damage":29,"enemies":"Nemesis","floor":48,"turns":5},{"damage":68,"enemies":"Awakened One","floor":50,"turns":13}],"seed_played":"-1603380464723406186","potions_obtained":[{"floor":5,"key":"SteroidPotion"},{"floor":10,"key":"SmokeBomb"},{"floor":12,"key":"Fire Potion"},{"floor":13,"key":"Explosive Potion"},{"floor":22,"key":"Dexterity Potion"},{"floor":28,"key":"Swift Potion"},{"floor":31,"key":"Swift Potion"},{"floor":33,"key":"LiquidBronze"}],"is_trial":false,"path_per_floor":["M","?","M","$","M","R","E","R","T","E","R","M","E","?","R","B",null,"M","?","$","M","M","R","$","R","T","M","E","?","R","E","R","B",null,"M","T","?","T","M","R","T","$","T","M","$","M","R","E","R","B",null],"character_chosen":"DEFECT","items_purchased":["Cold Snap","Defragment","Happy Flower","Chill","Orichalcum","ClockworkSouvenir","DataDisk","Anchor"],"campfire_rested":5,"item_purchase_floors":[4,4,20,24,24,42,45,45],"current_hp_per_floor":[68,68,57,57,56,56,46,46,46,40,40,40,36,36,58,55,75,67,67,67,59,45,45,45,69,69,67,51,51,51,31,55,36,69,58,65,65,75,72,72,72,72,72,38,38,40,69,42,71,29],"gold":111,"neow_bonus":"ONE_RANDOM_RARE_CARD","is_prod":false,"is_daily":false,"chose_seed":false,"campfire_upgraded":6,"win_rate":0,"timestamp":1541738714,"path_taken":["M","?","M","$","M","R","E","R","T","E","R","M","E","?","R","BOSS","M","?","$","M","M","R","$","R","T","M","E","?","R","E","R","BOSS","M","?","?","?","?","R","?","$","T","M","$","M","R","E","R","BOSS"],"build_version":"2018-11-08","purchased_purges":2,"victory":true,"max_hp_per_floor":[75,75,75,75,75,75,75,75,75,75,75,75,75,75,75,75,80,80,80,80,80,80,80,80,80,80,80,80,80,80,80,80,80,80,80,87,87,97,97,97,97,97,97,97,97,97,97,97,97,97],"card_choices":[{"not_picked":["Streamline","Beam Cell"],"picked":"Doom and Gloom","floor":1},{"not_picked":["Storm","Turbo"],"picked":"Conserve Battery","floor":3},{"not_picked":["Reprogram","White Noise"],"picked":"Leap","floor":5},{"not_picked":["Multi-Cast","Force Field"],"picked":"Sweeping Beam","floor":7},{"not_picked":["Force Field","Hologram"],"picked":"Turbo","floor":10},{"not_picked":["Go for the Eyes","Gash"],"picked":"Redo","floor":12},{"not_picked":["BootSequence","Compile Driver"],"picked":"Glacier","floor":13},{"not_picked":["Multi-Cast","All For One"],"picked":"Reboot","floor":16},{"not_picked":["Go for the Eyes","Melter"],"picked":"Blizzard","floor":17},{"not_picked":["Melter","Go for the Eyes+1"],"picked":"Ball Lightning","floor":18},{"not_picked":["Hologram","Steam"],"picked":"Lockon","floor":21},{"not_picked":["Thunder Strike","Barrage"],"picked":"Sweeping Beam+1","floor":22},{"not_picked":["FTL","Beam Cell"],"picked":"Redo","floor":27},{"not_picked":["Streamline","Glacier"],"picked":"Defragment+1","floor":28},{"not_picked":["Force Field+1","Core Surge"],"picked":"Capacitor+1","floor":31},{"not_picked":["Core Surge","Hyperbeam"],"picked":"Buffer","floor":33},{"not_picked":["Sunder","Lockon"],"picked":"Redo","floor":35},{"not_picked":["Lockon+1","Steam"],"picked":"Cold Snap+1","floor":39},{"not_picked":["Rebound","Gash"],"picked":"Echo Form","floor":44},{"not_picked":["Gash+1","Reinforced Body"],"picked":"Redo+1","floor":46},{"not_picked":["Conserve Battery+1","Sweeping Beam+1"],"picked":"Static Discharge+1","floor":48}],"player_experience":962399,"relics_obtained":[{"floor":7,"key":"Oddly Smooth Stone"},{"floor":9,"key":"Pantograph"},{"floor":10,"key":"Whetstone"},{"floor":13,"key":"PreservedInsect"},{"floor":26,"key":"Blood Vial"},{"floor":28,"key":"Symbiotic Virus"},{"floor":31,"key":"Ornamental Fan"},{"floor":36,"key":"Strawberry"},{"floor":38,"key":"Pear"},{"floor":41,"key":"Potion Belt"},{"floor":43,"key":"Kunai"},{"floor":48,"key":"War Paint"}],"event_choices":[{"damage_healed":0,"gold_gain":72,"player_choice":"Gained Gold","damage_taken":0,"max_hp_gain":0,"max_hp_loss":0,"event_name":"Golden Wing","floor":2,"gold_loss":0},{"damage_healed":0,"gold_gain":0,"player_choice":"Bought 0 Potions","damage_taken":0,"max_hp_gain":0,"max_hp_loss":0,"event_name":"The Woman in Blue","floor":14,"gold_loss":0},{"damage_healed":0,"gold_gain":0,"player_choice":"Stole Relic","damage_taken":0,"relics_obtained":["Old Coin"],"max_hp_gain":0,"max_hp_loss":0,"event_name":"Addict","floor":19,"gold_loss":0,"cards_obtained":["Shame"]},{"damage_healed":0,"gold_gain":100,"player_choice":"Pray","damage_taken":0,"max_hp_gain":0,"max_hp_loss":0,"event_name":"Golden Shrine","floor":29,"gold_loss":0},{"damage_healed":0,"gold_gain":0,"player_choice":"Ignored","damage_taken":0,"max_hp_gain":0,"max_hp_loss":0,"event_name":"Tomb of Lord Red Mask","floor":37,"gold_loss":0}],"is_beta":false,"boss_relics":[{"not_picked":["Nuclear Battery","Fusion Hammer"],"picked":"Tiny House"},{"not_picked":["Inserter","Empty Cage"],"picked":"Sozu"}],"items_purged_floors":[20,24],"is_endless":false,"potions_floor_spawned":[5,10,12,13,22,27,28,31,33,46,48],"ascension_level":7}