{"gold_per_floor":[117,117,117,128,203,228,247,247,247,172,202,152,171,188,188,284,284,298,298,310,322,322,322],"floor_reached":23,"playtime":1578,"items_purged":["Strike_R"],"score":216,"play_id":"af5081c3-2896-4e6c-9ab4-e7923f5ade00","local_time":"20190326195304","is_ascension_mode":false,"campfire_choices":[{"data":"Defend_R","floor":8.0,"key":"SMITH"},{"data":"Bash","floor":15.0,"key":"SMITH"}],"neow_cost":"NONE","seed_source_timestamp":889851347813741,"circlet_count":0,"master_deck":["Strike_R","Strike_R","Defend_R+1","Bash+1","Disarm+1","Exhume+1","True Grit+1"],"special_seed":0,"relics":["Burning Blood","NeowsBlessing","Shuriken","Anchor","Astrolabe"],"potions_floor_usage":[],"damage_taken":[{"damage":0.0,"enemies":"Cultist","floor":1.0,"turns":1.0},{"damage":0.0,"enemies":"Small Slimes","floor":4.0,"turns":1.0},{"damage":0.0,"enemies":"3 Sentries","floor":6.0,"turns":1.0},{"damage":0.0,"enemies":"2 Louse","floor":7.0,"turns":2.0},{"damage":1.0,"enemies":"Exordium Wildlife","floor":13.0,"turns":4.0},{"damage":12.0,"enemies":"Exordium Thugs","floor":14.0,"turns":5.0},{"damage":73.0,"enemies":"The Guardian","floor":16.0,"turns":13.0},{"damage":29.0,"enemies":"2 Thieves","floor":18.0,"turns":5.0},{"damage":30.0,"enemies":"Spheric Guardian","floor":20.0,"turns":4.0},{"damage":15.0,"enemies":"Cultist and Chosen","floor":21.0,"turns":6.0},{"damage":89,"enemies":"Book of Stabbing","floor":23,"turns":9}],"seed_played":"5422927688686188041","potions_obtained":[{"floor":4.0,"key":"Weak Potion"},{"floor":7.0,"key":"Ancient Potion"},{"floor":14.0,"key":"Poison Potion"},{"floor":16.0,"key":"Fire Potion"},{"floor":20.0,"key":"SteroidPotion"}],"is_trial":false,"path_per_floor":["M","?","?","M","?","E","M","R","T","$","?","?","M","M","R","B",null,"M","?","M","M","?","E"],"character_chosen":"IRONCLAD","items_purchased":[],"campfire_rested":0,"item_purchase_floors":[],"current_hp_per_floor":[80,80,80,80,69,75,80,80,80,80,80,80,80,74,74,7,80,57,57,33,24,80,0],"gold":322,"neow_bonus":"THREE_ENEMY_KILL","is_prod":false,"is_daily":false,"chose_seed":false,"campfire_upgraded":2,"win_rate":0,"timestamp":1553626384,"path_taken":["M","?","?","M","?","E","M","R","T","$","?","?","M","M","R","BOSS","M","?","?","M","?","E"],"build_version":"2019-01-23","purchased_purges":1,"victory":false,"max_hp_per_floor":[80,80,80,80,80,80,80,80,80,80,80,80,80,80,80,80,80,80,80,80,80,80,80],"card_choices":[{"not_picked":["Thunderclap","Inflame","Power Through"],"picked":"SKIP","floor":1.0},{"not_picked":["Body Slam","Shrug It Off","Headbutt"],"picked":"SKIP","floor":4.0},{"not_picked":["Evolve","Thunderclap","Bloodletting"],"picked":"SKIP","floor":6.0},{"not_picked":["Perfected Strike","Shrug It Off","Metallicize"],"picked":"SKIP","floor":7.0},{"not_picked":["Rage","Body Slam","Perfected Strike"],"picked":"SKIP","floor":13.0},{"not_picked":["Heavy Blade","Burning Pact"],"picked":"Disarm","floor":14.0},{"not_picked":["Combust+1","Reckless Charge","Inflame"],"picked":"SKIP","floor":18.0},{"not_picked":["Entrench","Fire Breathing","Pummel"],"picked":"SKIP","floor":20.0},{"not_picked":["Thunderclap","Seeing Red","Sword Boomerang+1"],"picked":"SKIP","floor":21.0}],"player_experience":240110,"relics_obtained":[{"floor":6.0,"key":"Shuriken"},{"floor":9.0,"key":"Anchor"}],"event_choices":[{"cards_removed":["Defend_R"],"damage_healed":0.0,"max_hp_gain":0.0,"max_hp_loss":0.0,"gold_gain":0.0,"event_name":"Living Wall","player_choice":"Forget","floor":2.0,"gold_loss":0.0,"damage_taken":0.0},{"damage_healed":0.0,"max_hp_gain":0.0,"max_hp_loss":0.0,"gold_gain":0.0,"event_name":"Liars Game","player_choice":"Ignored","floor":3.0,"gold_loss":0.0,"damage_taken":0.0},{"damage_healed":0.0,"max_hp_gain":0.0,"max_hp_loss":0.0,"gold_gain":75.0,"event_name":"World of Goop","player_choice":"Gather Gold","floor":5.0,"gold_loss":0.0,"damage_taken":11.0},{"damage_healed":0.0,"max_hp_gain":0.0,"max_hp_loss":0.0,"gold_gain":30.0,"event_name":"Dead Adventurer","player_choice":"Searched \u00272\u0027 times","floor":11.0,"gold_loss":0.0,"damage_taken":0.0},{"cards_removed":["Defend_R"],"damage_healed":0.0,"max_hp_gain":0.0,"max_hp_loss":0.0,"gold_gain":0.0,"event_name":"The Cleric","player_choice":"Card Removal","floor":12.0,"gold_loss":50.0,"damage_taken":0.0},{"damage_healed":0.0,"max_hp_gain":0.0,"max_hp_loss":0.0,"gold_gain":0.0,"event_name":"Accursed Blacksmith","player_choice":"Forge","floor":19.0,"gold_loss":0.0,"damage_taken":0.0,"cards_upgraded":["Disarm"]},{"cards_removed":["Spot Weakness"],"damage_healed":56.0,"max_hp_gain":0.0,"max_hp_loss":0.0,"gold_gain":0.0,"event_name":"Bonfire Elementals","player_choice":"Offered Uncommon","floor":22.0,"gold_loss":0.0,"damage_taken":0.0}],"is_beta":false,"boss_relics":[{"not_picked":["Velvet Choker","Ectoplasm"],"picked":"Astrolabe"}],"items_purged_floors":[10],"is_endless":false,"potions_floor_spawned":[4,7,14,16,20],"killed_by":"Book of Stabbing","ascension_level":0}