{"gold_per_floor":[112,62,11,24,24,58,58,69,69,69,95,106,126,145,145,240,240,260,260,260,273,24,53,64,98,149,248,258,274,12,0,0,98,98,111,163,163,163,7,7,0,0,0,0,18,50,69,69],"floor_reached":48,"playtime":3886,"items_purged":["Injury"],"score":667,"play_id":"b6d7dd92-37b7-4614-afa7-be5b997b1d66","local_time":"20180813093721","is_ascension_mode":true,"campfire_choices":[{"data":"Cloak And Dagger","floor":7.0,"key":"SMITH"},{"data":"Neutralize","floor":10.0,"key":"SMITH"},{"data":"Slice","floor":15.0,"key":"SMITH"},{"floor":32.0,"key":"REST"},{"floor":40.0,"key":"REST"},{"data":"Cloak And Dagger","floor":42.0,"key":"SMITH"}],"neow_cost":"NONE","seed_source_timestamp":0,"circlet_count":0,"master_deck":["Defend_G","Defend_G","Defend_G","Defend_G","Defend_G+1","Strike_G","Survivor","Neutralize+1","Backstab+1","Slice+1","Cloak And Dagger","Cloak And Dagger+1","Footwork","Leg Sweep","Poisoned Stab+1","Slice+1","Storm of Steel+1","Die Die Die+1","Deflect+1","Bouncing Flask+1","Finisher+1","Necronomicurse","Well Laid Plans","Flash of Steel","Blade Dance","Backstab","Dagger Spray","Cloak And Dagger+1","Caltrops","Tools of the Trade","Sucker Punch+1","Deflect+1","Accuracy","Madness","Madness","Blade Dance","Dodge and Roll+1","Blade Dance+1"],"special_seed":0,"relics":["Ring of the Snake","NeowsBlessing","Mercury Hourglass","Ornamental Fan","Dream Catcher","Astrolabe","Necronomicon","Whetstone","Regal Pillow","Orichalcum","Potion Belt","Kunai","Lizard Tail","Tingsha","Red Mask","Torii","Du-Vu Doll"],"potions_floor_usage":[],"damage_taken":[{"damage":0.0,"enemies":"2 Louse","floor":1.0,"turns":1.0},{"damage":0.0,"enemies":"Small Slimes","floor":4.0,"turns":1.0},{"damage":0.0,"enemies":"3 Sentries","floor":6.0,"turns":1.0},{"damage":0.0,"enemies":"Jaw Worm","floor":8.0,"turns":2.0},{"damage":0.0,"enemies":"Lagavulin","floor":11.0,"turns":7.0},{"damage":0.0,"enemies":"Exordium Thugs","floor":12.0,"turns":4.0},{"damage":0.0,"enemies":"2 Fungi Beasts","floor":13.0,"turns":2.0},{"damage":0.0,"enemies":"Blue Slaver","floor":14.0,"turns":3.0},{"damage":12.0,"enemies":"Slime Boss","floor":16.0,"turns":9.0},{"damage":2.0,"enemies":"Shell Parasite","floor":18.0,"turns":5.0},{"damage":0.0,"enemies":"Chosen","floor":21.0,"turns":4.0},{"damage":4.0,"enemies":"Slavers","floor":23.0,"turns":3.0},{"damage":2.0,"enemies":"Centurion and Healer","floor":24.0,"turns":7.0},{"damage":15.0,"enemies":"Gremlin Leader","floor":25.0,"turns":6.0},{"damage":20.0,"enemies":"Snake Plant","floor":28.0,"turns":4.0},{"damage":1.0,"enemies":"Snecko","floor":29.0,"turns":4.0},{"damage":33.0,"enemies":"Automaton","floor":33.0,"turns":13.0},{"damage":8.0,"enemies":"3 Darklings","floor":35.0,"turns":6.0},{"damage":30.0,"floor":36.0,"turns":7.0},{"damage":0.0,"enemies":"3 Shapes","floor":45.0,"turns":5.0},{"damage":31.0,"enemies":"Giant Head","floor":46.0,"turns":14.0},{"damage":16.0,"enemies":"Transient","floor":47.0,"turns":5.0},{"damage":1,"enemies":"4 Shapes","floor":48,"turns":3}],"seed_played":"-4194076115526334090","potions_obtained":[{"floor":12.0,"key":"AttackPotion"},{"floor":13.0,"key":"Strength Potion"},{"floor":14.0,"key":"Block Potion"},{"floor":21.0,"key":"Block Potion"},{"floor":28.0,"key":"SpeedPotion"},{"floor":29.0,"key":"Fruit Juice"},{"floor":33.0,"key":"Explosive Potion"},{"floor":45.0,"key":"Fire Potion"},{"floor":46.0,"key":"Poison Potion"}],"is_trial":false,"path_per_floor":["M","?","$","M","?","E","R","M","T","R","E","M","M","M","R","B",null,"M","?","?","M","$","E","M","E","T","?","M","M","$","?","R","B",null,"M","?","?","?","$","R","?","R","T","?","M","E","M"],"character_chosen":"THE_SILENT","items_purchased":["Slice","Flash of Steel","Whetstone","Kunai","Accuracy"],"campfire_rested":2,"item_purchase_floors":[3,22,22,30,39],"current_hp_per_floor":[70,70,70,70,56,56,56,56,56,56,56,56,56,56,56,44,70,68,52,52,52,52,48,46,31,31,31,11,10,10,10,46,18,75,67,37,37,37,37,74,74,74,74,65,65,34,18,17],"gold":69,"neow_bonus":"THREE_ENEMY_KILL","is_prod":false,"is_daily":false,"chose_seed":false,"campfire_upgraded":4,"win_rate":0,"timestamp":1534171041,"path_taken":["M","?","$","M","?","E","R","M","T","R","E","M","M","M","R","BOSS","M","?","?","M","$","E","M","E","T","?","M","M","$","?","R","BOSS","M","?","?","?","$","R","?","R","T","?","M","E","?","M"],"build_version":"2018-08-09","purchased_purges":1,"victory":false,"max_hp_per_floor":[70,70,70,70,70,70,70,70,70,70,70,70,70,70,70,70,70,70,70,70,70,70,70,70,70,70,70,70,70,70,70,70,75,75,75,75,75,75,75,75,75,75,75,75,75,75,75,75],"card_choices":[{"not_picked":["Flying Knee","Blade Dance"],"picked":"Backstab","floor":1.0},{"not_picked":["PiercingWail","Sucker Punch"],"picked":"Cloak And Dagger","floor":4.0},{"not_picked":["Tactician","Blade Dance"],"picked":"Cloak And Dagger","floor":6.0},{"not_picked":["Flying Knee","Dagger Throw"],"picked":"Footwork","floor":8.0},{"not_picked":["Prepared","Quick Slash"],"picked":"Leg Sweep","floor":11.0},{"not_picked":["Quick Slash","PiercingWail"],"picked":"Poisoned Stab","floor":12.0},{"not_picked":["Heel Hook","Underhanded Strike"],"picked":"Slice","floor":13.0},{"not_picked":["Deadly Poison","Outmaneuver","Masterful Stab"],"picked":"SKIP","floor":14.0},{"not_picked":["Venomology","Wraith Form v2"],"picked":"Storm of Steel","floor":16.0},{"not_picked":["Dodge and Roll+1","Backflip"],"picked":"Finisher+1","floor":18.0},{"not_picked":["Dodge and Roll","Finisher"],"picked":"Well Laid Plans","floor":21.0},{"not_picked":["Masterful Stab","Bane"],"picked":"Blade Dance","floor":23.0},{"not_picked":["Caltrops","Poisoned Stab"],"picked":"Backstab","floor":24.0},{"not_picked":["Dodge and Roll","Predator","PiercingWail"],"picked":"SKIP","floor":25.0},{"not_picked":["Poisoned Stab","Slice"],"picked":"Dagger Spray","floor":28.0},{"not_picked":["Expertise","Sucker Punch"],"picked":"Cloak And Dagger","floor":29.0},{"not_picked":["Doppelganger","Riddle With Holes"],"picked":"Caltrops","floor":32.0},{"not_picked":["Wraith Form v2","Die Die Die"],"picked":"Tools of the Trade","floor":33.0},{"not_picked":["Terror","Outmaneuver"],"picked":"Sucker Punch+1","floor":35.0},{"not_picked":["Quick Slash+1","Slice+1"],"picked":"Deflect+1","floor":36.0},{"not_picked":["Acrobatics","Dagger Spray"],"picked":"Blade Dance","floor":45.0},{"not_picked":["Leg Sweep","Prepared"],"picked":"Dodge and Roll+1","floor":46.0},{"not_picked":["Backflip+1","Bane+1"],"picked":"Blade Dance+1","floor":47.0}],"player_experience":491255,"relics_obtained":[{"floor":6.0,"key":"Mercury Hourglass"},{"floor":9.0,"key":"Ornamental Fan"},{"floor":11.0,"key":"Dream Catcher"},{"floor":19.0,"key":"Necronomicon"},{"floor":23.0,"key":"Regal Pillow"},{"floor":25.0,"key":"Orichalcum"},{"floor":26.0,"key":"Potion Belt"},{"floor":36.0,"key":"Tingsha"},{"floor":43.0,"key":"Torii"},{"floor":46.0,"key":"Du-Vu Doll"}],"event_choices":[{"event_name":"The Cleric","player_choice":"Card Removal","floor":2.0,"damage_taken":0.0},{"event_name":"Shining Light","player_choice":"Entered Light","floor":5.0,"damage_taken":0.0},{"event_name":"Cursed Tome","player_choice":"Obtained Book","floor":19.0,"damage_taken":0.0},{"event_name":"Drug Dealer","player_choice":"Ignored","floor":20.0,"damage_taken":0.0},{"event_name":"Nest","player_choice":"Stole From Cult","floor":27.0,"damage_taken":0.0},{"event_name":"Masked Bandits","player_choice":"Paid Fearfully","floor":31.0,"damage_taken":0.0},{"event_name":"Mysterious Sphere","player_choice":"Fight","floor":36.0,"damage_taken":0.0},{"event_name":"SensoryStone","player_choice":"Memory 1","floor":37.0,"damage_taken":0.0},{"event_name":"Accursed Blacksmith","player_choice":"Forge","floor":38.0,"damage_taken":0.0},{"event_name":"Tomb of Lord Red Mask","player_choice":"Paid","floor":41.0,"damage_taken":0.0},{"event_name":"Winding Halls","player_choice":"Embrace Madness","floor":44.0,"damage_taken":0.0}],"is_beta":false,"boss_relics":[{"not_picked":["Coffee Dripper","Philosopher\u0027s Stone"],"picked":"Astrolabe"},{"not_picked":["Runic Dome","Velvet Choker"],"picked":"Lizard Tail"}],"items_purged_floors":[39],"is_endless":false,"potions_floor_spawned":[12,13,14,21,28,29,33,45,46],"killed_by":"4 Shapes","ascension_level":3}