{"gold_per_floor":[118,118,118,118,118,159,159,199,222,222,222,243,243,262,262,391,391,406,429,300,316,316,316,344,358,358,358,383,411,52,66,66,161,161,173,222,242,166,179,213,213,313,313,313,324,30,0,19,19,19,19,19,19,53,53],"floor_reached":55,"playtime":3071,"items_purged":["Strike_R"],"score":866,"play_id":"2408c212-7db8-4cc1-9b9c-b48c8c99eb9a","local_time":"20181129125725","is_ascension_mode":false,"campfire_choices":[{"floor":7.0,"key":"RECALL"},{"data":"Searing Blow","floor":11.0,"key":"SMITH"},{"data":"Searing Blow+1","floor":13.0,"key":"SMITH"},{"data":"Searing Blow+2","floor":15.0,"key":"SMITH"},{"data":"Searing Blow+3","floor":23.0,"key":"SMITH"},{"data":"Searing Blow+4","floor":27.0,"key":"SMITH"},{"data":"Searing Blow+5","floor":32.0,"key":"SMITH"},{"data":"Searing Blow+5","floor":44.0,"key":"SMITH"},{"data":"Searing Blow+6","floor":49.0,"key":"SMITH"},{"data":"Searing Blow+6","floor":52.0,"key":"SMITH"}],"neow_cost":"NONE","seed_source_timestamp":0,"circlet_count":0,"master_deck":["Strike_R","Strike_R","Strike_R","Defend_R","Defend_R","Defend_R","Defend_R","Bash","Anger+1","Searing Blow+7","Twin Strike","Flame Barrier+1","Shrug It Off+1","Rage+1","Searing Blow+7","Power Through+1","Headbutt+1","Battle Trance+1","Flame Barrier+1","Double Tap+1","Master of Strategy+1","Armaments+1","Apotheosis+1","Body Slam","Power Through+1","Power Through+1"],"special_seed":0,"relics":["Burning Blood","NeowsBlessing","Singing Bowl","Bloody Idol","WingedGreaves","Toxic Egg 2","Blue Candle","Snecko Eye","Regal Pillow","Mercury Hourglass","Vajra","Art of War","DollysMirror","PreservedInsect","Black Star","FossilizedHelix","Question Card","Dodecahedron","Champion Belt","Sundial","Red Mask","Gremlin Horn","Meat on the Bone"],"potions_floor_usage":[],"damage_taken":[{"damage":0.0,"enemies":"Small Slimes","floor":1.0,"turns":1.0},{"damage":0.0,"enemies":"Lagavulin","floor":6.0,"turns":1.0},{"damage":0.0,"enemies":"3 Sentries","floor":8.0,"turns":2.0},{"damage":1.0,"enemies":"2 Louse","floor":12.0,"turns":2.0},{"damage":0.0,"enemies":"Cultist","floor":14.0,"turns":2.0},{"damage":33.0,"enemies":"The Guardian","floor":16.0,"turns":10.0},{"damage":5.0,"enemies":"Shell Parasite","floor":18.0,"turns":3.0},{"damage":0.0,"enemies":"Chosen","floor":19.0,"turns":2.0},{"damage":0.0,"enemies":"Snake Plant","floor":21.0,"turns":2.0},{"damage":4.0,"enemies":"Slavers","floor":24.0,"turns":5.0},{"damage":27.0,"enemies":"Chosen and Byrds","floor":25.0,"turns":5.0},{"damage":3.0,"enemies":"Gremlin Leader","floor":28.0,"turns":4.0},{"damage":6.0,"enemies":"Slavers","floor":29.0,"turns":4.0},{"damage":0.0,"enemies":"3 Cultists","floor":31.0,"turns":3.0},{"damage":24.0,"enemies":"Champ","floor":33.0,"turns":8.0},{"damage":0.0,"enemies":"3 Darklings","floor":35.0,"turns":3.0},{"damage":40.0,"enemies":"2 Orb Walkers","floor":36.0,"turns":5.0},{"damage":0.0,"enemies":"Orb Walker","floor":37.0,"turns":2.0},{"damage":0.0,"enemies":"4 Shapes","floor":39.0,"turns":4.0},{"damage":12.0,"enemies":"Nemesis","floor":40.0,"turns":3.0},{"damage":24.0,"enemies":"Mind Bloom Boss Battle","floor":42.0,"turns":4.0},{"damage":0.0,"enemies":"Sphere and 2 Shapes","floor":45.0,"turns":3.0},{"damage":8.0,"enemies":"Spire Growth","floor":48.0,"turns":4.0},{"damage":53.0,"enemies":"Awakened One","floor":50.0,"turns":9.0},{"damage":0.0,"enemies":"Shield and Spear","floor":54.0,"turns":2.0},{"damage":104,"enemies":"The Heart","floor":55,"turns":6}],"seed_played":"-752890979380057059","potions_obtained":[{"floor":6.0,"key":"Swift Potion"},{"floor":12.0,"key":"Swift Potion"},{"floor":18.0,"key":"EssenceOfSteel"},{"floor":21.0,"key":"Fire Potion"},{"floor":25.0,"key":"GamblersBrew"},{"floor":35.0,"key":"Block Potion"},{"floor":37.0,"key":"Poison Potion"},{"floor":45.0,"key":"Weak Potion"}],"is_trial":false,"path_per_floor":["M","?","?","?","?","E","R","E","T","T","R","M","R","M","R","B",null,"M","M","$","M","?","R","E","M","T","R","E","E","$","M","R","B",null,"M","?","M","$","M","E","?","?","T","R","M","$","?","M","R","B",null,"R","$","E","B"],"character_chosen":"IRONCLAD","items_purchased":["Shrug It Off+1","DollysMirror","PreservedInsect","Battle Trance+1","Apotheosis+1","Body Slam","Power Through+1"],"campfire_rested":0,"item_purchase_floors":[20,30,30,38,46,46,46],"current_hp_per_floor":[80,80,73,61,41,49,49,55,55,55,55,60,60,66,66,41,84,86,88,88,90,90,90,90,76,76,76,86,93,93,96,96,85,98,100,73,84,84,95,94,94,83,83,83,94,94,94,99,99,52,106,106,106,106,2],"gold":53,"neow_bonus":"THREE_ENEMY_KILL","is_prod":false,"is_daily":false,"chose_seed":false,"campfire_upgraded":9,"win_rate":0,"timestamp":1543517845,"path_taken":["M","?","?","?","?","E","R","E","T","?","R","?","R","M","R","BOSS","M","M","$","M","?","R","E","M","T","R","E","E","$","M","R","BOSS","M","?","M","$","M","E","?","?","T","R","M","$","?","M","R","BOSS","R","$","E","BOSS"],"build_version":"2018-11-15","purchased_purges":1,"victory":false,"max_hp_per_floor":[80,80,80,80,80,82,82,82,82,82,82,82,82,82,82,84,84,86,88,88,90,90,90,90,92,92,92,94,96,96,96,96,98,98,100,102,102,102,102,102,102,104,104,104,104,104,104,106,106,106,106,106,106,106,106],"card_choices":[{"not_picked":["Second Wind","Blood for Blood"],"picked":"Anger","floor":1.0},{"not_picked":["Burning Pact","Clothesline","Reckless Charge"],"picked":"Singing Bowl","floor":6.0},{"not_picked":["Flex","Havoc"],"picked":"Searing Blow","floor":8.0},{"not_picked":["Wild Strike","Rupture"],"picked":"Twin Strike","floor":12.0},{"not_picked":["Corruption","Perfected Strike"],"picked":"Flame Barrier+1","floor":14.0},{"not_picked":["Bludgeon","Juggernaut","Barricade"],"picked":"Singing Bowl","floor":16.0},{"not_picked":["Hemokinesis","Entrench+1","Havoc+1"],"picked":"Singing Bowl","floor":18.0},{"not_picked":["Metallicize","Wild Strike","Havoc+1"],"picked":"Singing Bowl","floor":19.0},{"not_picked":["Thunderclap","Burning Pact+1","Cleave"],"picked":"Singing Bowl","floor":21.0},{"not_picked":["Second Wind+1","Clash"],"picked":"Rage+1","floor":24.0},{"not_picked":["Burning Pact+1","Bloodletting+1","Twin Strike"],"picked":"Singing Bowl","floor":25.0},{"not_picked":["Dark Embrace","Disarm+1","Havoc+1"],"picked":"Singing Bowl","floor":28.0},{"not_picked":["Evolve","Intimidate+1","Rampage"],"picked":"Singing Bowl","floor":29.0},{"not_picked":["Sword Boomerang","Cleave"],"picked":"Power Through+1","floor":31.0},{"not_picked":["Reaper","Immolate","Offering+1"],"picked":"Singing Bowl","floor":33.0},{"not_picked":["Entrench+1","Reckless Charge+1","Flex+1"],"picked":"Singing Bowl","floor":35.0},{"not_picked":["Armaments+1","Cleave","Feel No Pain"],"picked":"Singing Bowl","floor":36.0},{"not_picked":["Havoc+1","Inflame+1"],"picked":"Headbutt+1","floor":37.0},{"not_picked":["Flex+1","Clash"],"picked":"Flame Barrier+1","floor":39.0},{"not_picked":["Twin Strike+1","Sword Boomerang"],"picked":"Double Tap+1","floor":40.0},{"not_picked":["Panacea+1","Deep Breath+1","Finesse+1"],"picked":"Master of Strategy+1","floor":41.0},{"not_picked":["Cleave+1","Inflame","Armaments+1","Twin Strike"],"picked":"Singing Bowl","floor":42.0},{"not_picked":["Sword Boomerang+1","Anger","Perfected Strike"],"picked":"Armaments+1","floor":45.0},{"not_picked":["Metallicize+1","Cleave","Headbutt","Pommel Strike"],"picked":"Singing Bowl","floor":48.0},{"not_picked":["Wild Strike+1","Clothesline","Sever Soul+1"],"picked":"Power Through+1","floor":54.0}],"player_experience":1072133,"relics_obtained":[{"floor":6.0,"key":"WingedGreaves"},{"floor":8.0,"key":"Toxic Egg 2"},{"floor":10.0,"key":"Blue Candle"},{"floor":24.0,"key":"Regal Pillow"},{"floor":26.0,"key":"Mercury Hourglass"},{"floor":28.0,"key":"Vajra"},{"floor":29.0,"key":"Art of War"},{"floor":36.0,"key":"FossilizedHelix"},{"floor":40.0,"key":"Question Card"},{"floor":40.0,"key":"Dodecahedron"},{"floor":42.0,"key":"Champion Belt"},{"floor":43.0,"key":"Sundial"},{"floor":54.0,"key":"Gremlin Horn"},{"floor":54.0,"key":"Meat on the Bone"}],"event_choices":[{"damage_healed":0.0,"max_hp_gain":0.0,"max_hp_loss":0.0,"gold_gain":0.0,"event_name":"Living Wall","player_choice":"Grow","floor":2.0,"gold_loss":0.0,"damage_taken":0.0,"cards_upgraded":["Anger"]},{"cards_removed":["Strike_R"],"damage_healed":0.0,"max_hp_gain":0.0,"max_hp_loss":0.0,"gold_gain":0.0,"event_name":"Golden Wing","player_choice":"Card Removal","floor":3.0,"gold_loss":0.0,"damage_taken":7.0},{"damage_healed":0.0,"max_hp_gain":0.0,"max_hp_loss":0.0,"gold_gain":0.0,"event_name":"Scrap Ooze","player_choice":"Success","floor":4.0,"gold_loss":0.0,"damage_taken":12.0,"relics_obtained":["Singing Bowl"]},{"damage_healed":0.0,"max_hp_gain":0.0,"max_hp_loss":0.0,"gold_gain":0.0,"event_name":"Golden Idol","player_choice":"Take Damage","floor":5.0,"gold_loss":0.0,"damage_taken":20.0,"relics_obtained":["Golden Idol"]},{"damage_healed":0.0,"max_hp_gain":0.0,"max_hp_loss":0.0,"gold_gain":0.0,"event_name":"Forgotten Altar","player_choice":"Gave Idol","floor":22.0,"relics_lost":["Golden Idol"],"gold_loss":0.0,"damage_taken":0.0,"relics_obtained":["Bloody Idol"]},{"damage_healed":0.0,"max_hp_gain":0.0,"max_hp_loss":0.0,"gold_gain":0.0,"event_name":"Mysterious Sphere","player_choice":"Fight","floor":36.0,"gold_loss":0.0,"damage_taken":0.0},{"damage_healed":0.0,"max_hp_gain":0.0,"max_hp_loss":0.0,"gold_gain":0.0,"event_name":"SensoryStone","player_choice":"Memory 1","floor":41.0,"gold_loss":0.0,"damage_taken":0.0},{"damage_healed":0.0,"max_hp_gain":0.0,"max_hp_loss":0.0,"gold_gain":0.0,"event_name":"MindBloom","player_choice":"Fight","floor":42.0,"gold_loss":0.0,"damage_taken":0.0},{"damage_healed":0.0,"max_hp_gain":0.0,"max_hp_loss":0.0,"gold_gain":0.0,"event_name":"Tomb of Lord Red Mask","player_choice":"Paid","floor":47.0,"gold_loss":30.0,"damage_taken":0.0,"relics_obtained":["Red Mask"]}],"is_beta":false,"boss_relics":[{"not_picked":["Ectoplasm","Calling Bell"],"picked":"Snecko Eye"},{"not_picked":["Fusion Hammer","Lizard Tail"],"picked":"Black Star"}],"items_purged_floors":[20],"is_endless":false,"potions_floor_spawned":[6,12,18,21,25,29,35,37,45],"killed_by":"The Heart","ascension_level":0}