{"gold_per_floor":[113,188,205,217,68,93,109,142,142,142,127],"floor_reached":11,"playtime":739,"items_purged":[],"score":83,"play_id":"e4d4f5de-801a-4887-89b9-47cec5aab5a4","local_time":"20190317112418","is_ascension_mode":false,"campfire_choices":[{"floor":10,"key":"REST"}],"neow_cost":"NONE","seed_source_timestamp":322335747703494,"circlet_count":0,"master_deck":["Strike_B","Strike_B","Strike_B","Strike_B","Defend_B","Defend_B","Defend_B","Defend_B","Zap","Dualcast","Finesse","Cold Snap","Redo","Lockon","Thunder Strike","Loop","Rebound","Turbo","Steam Power"],"relics":["Cracked Core","Dodecahedron","Ancient Tea Set","Omamori"],"potions_floor_usage":[6],"damage_taken":[{"damage":0,"enemies":"Small Slimes","floor":1,"turns":3},{"damage":0,"enemies":"Jaw Worm","floor":3,"turns":3},{"damage":0,"enemies":"Cultist","floor":4,"turns":2},{"damage":14,"enemies":"Gremlin Nob","floor":6,"turns":3},{"damage":9,"enemies":"Large Slime","floor":7,"turns":5},{"damage":19,"enemies":"3 Sentries","floor":8,"turns":8},{"damage":5,"enemies":"Looter","floor":11,"turns":2}],"seed_played":"-8979053937895679943","potions_obtained":[{"floor":1,"key":"AttackPotion"},{"floor":3,"key":"Dexterity Potion"},{"floor":6,"key":"LiquidBronze"},{"floor":7,"key":"Weak Potion"}],"is_trial":false,"path_per_floor":["M","?","M","M","$","E","M","E","T","R","M"],"character_chosen":"DEFECT","items_purchased":["Thunder Strike","Loop"],"campfire_rested":1,"item_purchase_floors":[5,5],"current_hp_per_floor":[75,64,64,64,64,50,41,22,22,44,39],"gold":127,"neow_bonus":"RANDOM_COLORLESS","is_prod":false,"is_daily":false,"chose_seed":false,"campfire_upgraded":0,"win_rate":0,"timestamp":1552839858,"path_taken":["M","?","M","M","$","E","M","E","T","R","M"],"build_version":"2019-01-23","purchased_purges":0,"victory":false,"max_hp_per_floor":[75,75,75,75,75,75,75,75,75,75,75],"card_choices":[{"not_picked":["Compile Driver","Aggregate"],"picked":"Cold Snap","floor":1},{"not_picked":["BootSequence","Coolheaded"],"picked":"Redo","floor":3},{"not_picked":["Coolheaded","Reinforced Body"],"picked":"Lockon","floor":4},{"not_picked":["Gash","Leap"],"picked":"Rebound","floor":6},{"not_picked":["Beam Cell","Sweeping Beam"],"picked":"Turbo","floor":7},{"not_picked":["Double Energy","Meteor Strike"],"picked":"Steam Power","floor":8}],"player_experience":1203944,"relics_obtained":[{"floor":6,"key":"Dodecahedron"},{"floor":8,"key":"Ancient Tea Set"},{"floor":9,"key":"Omamori"}],"event_choices":[{"damage_healed":0,"gold_gain":75,"player_choice":"Gather Gold","damage_taken":11,"max_hp_gain":0,"max_hp_loss":0,"event_name":"World of Goop","floor":2,"gold_loss":0}],"is_beta":false,"boss_relics":[],"items_purged_floors":[],"is_endless":false,"potions_floor_spawned":[1,3,6,7],"killed_by":"Looter","ascension_level":0}