{"gold_per_floor":[116,135,85,102,122,122,154,154,154,54,85,98,98,111,111,111],"floor_reached":16,"playtime":718,"items_purged":["Defend_B"],"score":112,"play_id":"59b5069b-6b88-4f36-b866-8ecada1225d2","local_time":"20190619093605","is_ascension_mode":false,"campfire_choices":[{"data":"Gash","floor":6,"key":"SMITH"},{"data":"Leap","floor":13,"key":"SMITH"},{"data":"Ball Lightning","floor":15,"key":"SMITH"}],"neow_cost":"NONE","seed_source_timestamp":178351868140017,"circlet_count":0,"master_deck":["Strike_B","Strike_B","Strike_B","Defend_B","Defend_B","Defend_B","Zap+1","Dualcast","Gash+1","Ball Lightning+1","Leap+1"],"relics":["Cracked Core","Darkstone Periapt","Dodecahedron","Cables","Dream Catcher"],"potions_floor_usage":[7],"damage_taken":[{"damage":0,"enemies":"2 Louse","floor":1,"turns":2},{"damage":2,"enemies":"Small Slimes","floor":2,"turns":3},{"damage":1,"enemies":"Cultist","floor":4,"turns":3},{"damage":0,"enemies":"Looter","floor":5,"turns":3},{"damage":20,"enemies":"Gremlin Nob","floor":7,"turns":4},{"damage":17,"enemies":"3 Sentries","floor":11,"turns":6},{"damage":1,"enemies":"Exordium Thugs","floor":12,"turns":3},{"damage":3,"enemies":"2 Fungi Beasts","floor":14,"turns":3},{"damage":30,"enemies":"Slime Boss","floor":16,"turns":5}],"seed_played":"-7134284936650965232","potions_obtained":[{"floor":1,"key":"SteroidPotion"},{"floor":12,"key":"Strength Potion"},{"floor":14,"key":"EssenceOfSteel"}],"is_trial":false,"path_per_floor":["M","M","?","M","M","R","E","?","T","$","E","M","R","M","R","B"],"character_chosen":"DEFECT","items_purchased":["Leap"],"campfire_rested":0,"item_purchase_floors":[10],"current_hp_per_floor":[75,73,73,72,72,72,52,49,49,49,32,31,31,28,28,0],"gold":111,"neow_bonus":"UPGRADE_CARD","is_prod":false,"is_daily":false,"chose_seed":false,"campfire_upgraded":3,"win_rate":0,"timestamp":1560954965,"path_taken":["M","M","?","M","M","R","E","?","T","$","E","M","R","M","R","BOSS"],"build_version":"2019-01-23","purchased_purges":1,"victory":false,"max_hp_per_floor":[75,75,75,75,75,75,75,75,75,75,75,75,75,75,75,75],"card_choices":[{"not_picked":["Reprogram","Streamline","Redo"],"picked":"SKIP","floor":1},{"not_picked":["Coolheaded","Streamline","Compile Driver"],"picked":"SKIP","floor":2},{"not_picked":["Lockon","Turbo"],"picked":"Gash","floor":4},{"not_picked":["Force Field","Sunder","Defragment"],"picked":"SKIP","floor":5},{"not_picked":["Thunder Strike","Capacitor"],"picked":"Ball Lightning","floor":7},{"not_picked":["Streamline","Chill","Sweeping Beam"],"picked":"SKIP","floor":11},{"not_picked":["Barrage","Steam Power","Heatsinks"],"picked":"SKIP","floor":12},{"not_picked":["Beam Cell","Barrage","Coolheaded"],"picked":"SKIP","floor":14}],"player_experience":1476781,"relics_obtained":[{"floor":7,"key":"Darkstone Periapt"},{"floor":9,"key":"Cables"},{"floor":11,"key":"Dream Catcher"}],"event_choices":[{"cards_removed":["Strike_B"],"damage_healed":0,"gold_gain":0,"player_choice":"Card Removal","damage_taken":0,"max_hp_gain":0,"max_hp_loss":0,"event_name":"The Cleric","floor":3,"gold_loss":50},{"damage_healed":0,"gold_gain":0,"player_choice":"Success","damage_taken":3,"relics_obtained":["Dodecahedron"],"max_hp_gain":0,"max_hp_loss":0,"event_name":"Scrap Ooze","floor":8,"gold_loss":0}],"is_beta":false,"boss_relics":[],"items_purged_floors":[10],"is_endless":false,"potions_floor_spawned":[1,12,14],"killed_by":"Slime Boss","ascension_level":0}