{"gold_per_floor":[117,135,147,97,114,141,141,155,178,178,196,196,222,241,241,337,387,400,257,207,222,236,271,271,282,282,317,317,317,334,369,369,369],"floor_reached":33,"playtime":2472,"items_purged":["Defend_R"],"score":433,"play_id":"960dc589-ab28-4548-a845-37c22dcafc34","local_time":"20181019181035","is_ascension_mode":true,"campfire_choices":[{"floor":7,"key":"REST"},{"data":"Flex","floor":12,"key":"SMITH"},{"data":"Feed","floor":15,"key":"SMITH"},{"floor":24,"key":"REST"},{"floor":32,"key":"REST"}],"neow_cost":"NONE","seed_source_timestamp":204290195296647,"circlet_count":0,"master_deck":["Strike_R","Strike_R+1","Strike_R","Strike_R","Defend_R","Defend_R","Defend_R","Bash","Pommel Strike","Flex+1","Thunderclap","Shrug It Off","Anger","Feed+1","Cleave","Limit Break","Heavy Blade","Flame Barrier","Shrug It Off","Sword Boomerang+1","Inflame+1","Carnage+1","Demon Form","Battle Trance"],"relics":["Burning Blood","Magic Flower","Red Skull","Bronze Scales","Anchor","Tiny House","Dodecahedron","Matryoshka","Sundial","SsserpentHead","Paper Frog"],"potions_floor_usage":[1,5,6,13,16,16,16,16,18,18,21,22,25,27],"damage_taken":[{"damage":6,"enemies":"Jaw Worm","floor":1,"turns":4},{"damage":6,"enemies":"Cultist","floor":2,"turns":3},{"damage":0,"enemies":"2 Louse","floor":3,"turns":2},{"damage":3,"enemies":"2 Fungi Beasts","floor":5,"turns":3},{"damage":23,"enemies":"Gremlin Nob","floor":6,"turns":4},{"damage":4,"enemies":"Lots of Slimes","floor":8,"turns":4},{"damage":10,"enemies":"Red Slaver","floor":11,"turns":4},{"damage":22,"enemies":"Lagavulin","floor":13,"turns":5},{"damage":0,"enemies":"2 Fungi Beasts","floor":14,"turns":2},{"damage":6,"enemies":"Slime Boss","floor":16,"turns":9},{"damage":3,"enemies":"Spheric Guardian","floor":18,"turns":3},{"damage":4,"enemies":"2 Thieves","floor":21,"turns":3},{"damage":11,"enemies":"Shelled Parasite and Fungi","floor":22,"turns":5},{"damage":56,"enemies":"Gremlin Leader","floor":23,"turns":7},{"damage":6,"enemies":"Cultist and Chosen","floor":25,"turns":5},{"damage":56,"enemies":"Slavers","floor":27,"turns":5},{"damage":0,"enemies":"Chosen and Byrds","floor":30,"turns":4},{"damage":74,"enemies":"Book of Stabbing","floor":31,"turns":6},{"damage":113,"enemies":"Automaton","floor":33,"turns":6}],"seed_played":"4778326325953971849","potions_obtained":[{"floor":0,"key":"GamblersBrew"},{"floor":0,"key":"EssenceOfSteel"},{"floor":0,"key":"EssenceOfSteel"},{"floor":1,"key":"Block Potion"},{"floor":11,"key":"Explosive Potion"},{"floor":13,"key":"EntropicBrew"},{"floor":16,"key":"AttackPotion"},{"floor":17,"key":"SneckoOil"},{"floor":21,"key":"Block Potion"},{"floor":23,"key":"PowerPotion"},{"floor":25,"key":"Explosive Potion"},{"floor":31,"key":"FearPotion"}],"is_trial":false,"path_per_floor":["M","M","M","?","M","E","R","M","T","?","M","R","E","M","R","B",null,"M","$","?","M","M","E","R","M","T","E","?","?","M","E","R"],"character_chosen":"IRONCLAD","items_purchased":["Flame Barrier"],"campfire_rested":3,"item_purchase_floors":[19],"current_hp_per_floor":[80,80,80,80,80,63,80,80,80,80,79,79,66,80,80,83,88,92,92,92,96,98,51,81,90,90,49,108,108,112,47,80,0],"gold":369,"neow_bonus":"THREE_SMALL_POTIONS","is_prod":false,"is_daily":false,"chose_seed":false,"campfire_upgraded":2,"win_rate":0,"timestamp":1539997835,"path_taken":["M","M","M","?","?","E","R","?","T","?","M","R","E","M","R","BOSS","M","$","?","M","M","E","R","?","T","E","?","?","M","E","R","BOSS"],"build_version":"2018-10-18","purchased_purges":1,"victory":false,"max_hp_per_floor":[80,80,80,80,80,80,80,80,80,80,80,80,80,83,83,83,88,92,92,92,96,100,100,100,104,104,108,108,108,112,112,112,112],"card_choices":[{"not_picked":["Anger","Iron Wave"],"picked":"Pommel Strike","floor":1},{"not_picked":["Heavy Blade","Thunderclap"],"picked":"Flex","floor":2},{"not_picked":["Second Wind","Corruption"],"picked":"Thunderclap","floor":3},{"not_picked":["Anger","Iron Wave"],"picked":"Shrug It Off","floor":5},{"not_picked":["Offering","Body Slam"],"picked":"Dropkick","floor":6},{"not_picked":["Havoc","Feel No Pain","Rampage"],"picked":"SKIP","floor":8},{"not_picked":["Fire Breathing","Infernal Blade"],"picked":"Anger","floor":11},{"not_picked":["Thunderclap","Wild Strike"],"picked":"Feed","floor":13},{"not_picked":["Clothesline","Evolve"],"picked":"Cleave","floor":14},{"not_picked":["Fiend Fire","Double Tap"],"picked":"Limit Break","floor":16},{"not_picked":["Headbutt","Battle Trance"],"picked":"Heavy Blade","floor":18},{"not_picked":["Clothesline","Uppercut+1"],"picked":"Shrug It Off","floor":21},{"not_picked":["Wild Strike","Cleave"],"picked":"Sword Boomerang+1","floor":22},{"not_picked":["Evolve+1","Twin Strike+1"],"picked":"Inflame+1","floor":23},{"not_picked":["Cleave","Feel No Pain"],"picked":"Carnage+1","floor":25},{"not_picked":["Clash","Headbutt"],"picked":"Demon Form","floor":27},{"not_picked":["Heavy Blade","Clothesline","Brutality"],"picked":"SKIP","floor":30},{"not_picked":["Corruption+1","Havoc+1"],"picked":"Battle Trance","floor":31}],"player_experience":441273,"relics_obtained":[{"floor":6,"key":"Magic Flower"},{"floor":9,"key":"Red Skull"},{"floor":13,"key":"Anchor"},{"floor":23,"key":"Dodecahedron"},{"floor":26,"key":"Matryoshka"},{"floor":27,"key":"Sundial"},{"floor":31,"key":"Paper Frog"}],"event_choices":[{"cards_removed":["Strike_R"],"damage_healed":0,"gold_gain":0,"player_choice":"Card Removal","damage_taken":0,"max_hp_gain":0,"max_hp_loss":0,"event_name":"The Cleric","floor":4,"gold_loss":50},{"damage_healed":0,"gold_gain":0,"player_choice":"Searched \u00272\u0027 times","damage_taken":0,"relics_obtained":["Bronze Scales"],"max_hp_gain":0,"max_hp_loss":0,"event_name":"Dead Adventurer","floor":10,"gold_loss":0},{"damage_healed":0,"gold_gain":0,"player_choice":"Bet on Owner","damage_taken":0,"max_hp_gain":0,"max_hp_loss":0,"event_name":"The Joust","floor":20,"gold_loss":50},{"cards_removed":["Dropkick"],"damage_healed":59,"gold_gain":0,"player_choice":"Offered Uncommon","damage_taken":0,"max_hp_gain":0,"max_hp_loss":0,"event_name":"Bonfire Elementals","floor":28,"gold_loss":0},{"damage_healed":0,"gold_gain":0,"player_choice":"Trade","damage_taken":0,"relics_obtained":["SsserpentHead"],"max_hp_gain":0,"max_hp_loss":0,"event_name":"FaceTrader","floor":29,"gold_loss":0}],"is_beta":false,"boss_relics":[{"not_picked":["Snecko Eye","Busted Crown"],"picked":"Tiny House"}],"items_purged_floors":[19],"is_endless":false,"potions_floor_spawned":[1,2,11,13,16,21,23,25,31],"killed_by":"Automaton","ascension_level":4}