{"gold_per_floor":[114,67,79,79,95,95,121,121,121,121,41,66,79,94,94,189,189,203,203,220,233,233,265,117,117,196,223,223,233,233,264,264,361,361,378,393,393,411,236,246,279,279,279,306,318,359,371,401,413,425,437,449,77,102,102],"floor_reached":56,"playtime":4785,"items_purged":["Strike_B","Strike_B","Strike_B"],"score":1749,"play_id":"500585da-89d9-4f89-9452-6b68052bd555","local_time":"20190702185346","is_ascension_mode":true,"campfire_choices":[{"data":"Cold Snap","floor":6.0,"key":"SMITH"},{"data":"Chill","floor":8.0,"key":"SMITH"},{"data":"Doom and Gloom","floor":15.0,"key":"SMITH"},{"data":"Defragment","floor":25.0,"key":"SMITH"},{"data":"Multi-Cast","floor":30.0,"key":"SMITH"},{"data":"Ghostly","floor":32.0,"key":"SMITH"},{"data":"Ghostly","floor":42.0,"key":"SMITH"},{"data":"Ghostly","floor":45.0,"key":"SMITH"},{"data":"Ghostly","floor":47.0,"key":"SMITH"},{"floor":49,"key":"RECALL"},{"data":"Darkness","floor":52,"key":"SMITH"}],"neow_cost":"NONE","seed_source_timestamp":35646588262541,"circlet_count":0,"master_deck":["Strike_B","Defend_B","Defend_B","Defend_B","Defend_B","Zap","BootSequence","Conserve Battery","Cold Snap+1","Chill+1","Go for the Eyes","Rip and Tear","Doom and Gloom+1","FTL","Multi-Cast+1","Chill","Chill","Coolheaded+1","Defragment+1","FTL+1","Ghostly+1","Ghostly+1","Ghostly+1","Ghostly+1","Ghostly","Darkness+1","Electrodynamics+1","Loop+1","Defragment+1","Thinking Ahead","Dark Shackles","Capacitor+1"],"special_seed":0,"relics":["Cracked Core","WingedGreaves","Cables","Bronze Scales","Philosopher\u0027s Stone","Bag of Marbles","Bag of Preparation","Bottled Lightning","Frozen Egg 2","Omamori","Runic Pyramid","Thread and Needle","MawBank","Du-Vu Doll","Centennial Puzzle"],"potions_floor_usage":[55,55],"damage_taken":[{"damage":7.0,"enemies":"Jaw Worm","floor":1.0,"turns":4.0},{"damage":0.0,"enemies":"Cultist","floor":3.0,"turns":3.0},{"damage":0.0,"enemies":"2 Louse","floor":5.0,"turns":2.0},{"damage":9.0,"enemies":"Lagavulin","floor":7.0,"turns":9.0},{"damage":18.0,"enemies":"3 Sentries","floor":12.0,"turns":7.0},{"damage":0.0,"enemies":"Looter","floor":13.0,"turns":3.0},{"damage":0.0,"enemies":"3 Louse","floor":14.0,"turns":3.0},{"damage":0.0,"enemies":"Slime Boss","floor":16.0,"turns":7.0},{"damage":0.0,"enemies":"3 Byrds","floor":18.0,"turns":3.0},{"damage":0.0,"enemies":"Chosen","floor":20.0,"turns":4.0},{"damage":0.0,"enemies":"Centurion and Healer","floor":21.0,"turns":6.0},{"damage":21.0,"enemies":"Book of Stabbing","floor":23.0,"turns":6.0},{"damage":13.0,"enemies":"Slavers","floor":27.0,"turns":4.0},{"damage":0.0,"enemies":"Cultist and Chosen","floor":29.0,"turns":6.0},{"damage":0.0,"enemies":"Book of Stabbing","floor":31.0,"turns":3.0},{"damage":6.0,"enemies":"Champ","floor":33.0,"turns":8.0},{"damage":0.0,"enemies":"Orb Walker","floor":35.0,"turns":3.0},{"damage":0.0,"enemies":"3 Darklings","floor":36.0,"turns":3.0},{"damage":0.0,"enemies":"Spire Growth","floor":38.0,"turns":5.0},{"damage":0.0,"enemies":"Sphere and 2 Shapes","floor":40.0,"turns":3.0},{"damage":0.0,"enemies":"Reptomancer","floor":41.0,"turns":6.0},{"damage":0.0,"enemies":"Giant Head","floor":44.0,"turns":8.0},{"damage":0.0,"enemies":"Nemesis","floor":46.0,"turns":5.0},{"damage":0.0,"enemies":"4 Shapes","floor":48.0,"turns":2.0},{"damage":0,"enemies":"Time Eater","floor":50,"turns":7},{"damage":0,"enemies":"Shield and Spear","floor":54,"turns":7},{"damage":6,"enemies":"The Heart","floor":55,"turns":10}],"seed_played":"2844906575242336398","potions_obtained":[{"floor":1.0,"key":"Block Potion"},{"floor":5.0,"key":"LiquidBronze"},{"floor":13.0,"key":"SteroidPotion"},{"floor":16.0,"key":"Fire Potion"},{"floor":18.0,"key":"FocusPotion"},{"floor":23.0,"key":"Ancient Potion"},{"floor":29.0,"key":"FearPotion"},{"floor":40.0,"key":"SkillPotion"},{"floor":48.0,"key":"EssenceOfSteel"}],"is_trial":false,"path_per_floor":["M","$","M","?","M","R","E","R","T","?","$","E","M","M","R","B",null,"M","?","M","M","?","E","$","R","T","E","?","M","R","E","R","B",null,"M","M","?","M","$","M","E","R","T","E","R","E","R","M","R","B",null,"R","$","E","B",null],"character_chosen":"DEFECT","items_purchased":["Conserve Battery","Rip and Tear","Defragment","Loop+1","Thinking Ahead","Dark Shackles"],"campfire_rested":0,"item_purchase_floors":[2,11,24,39,53,53],"current_hp_per_floor":[75,75,75,75,75,75,66,66,66,59,59,41,41,41,41,41,82,82,82,82,82,82,61,61,61,61,48,41,41,41,41,41,35,41,41,41,36,36,36,36,36,36,36,36,36,36,36,36,36,36,41,41,41,41,35],"gold":102,"neow_bonus":"TEN_PERCENT_HP_BONUS","is_prod":false,"is_daily":false,"chose_seed":false,"campfire_upgraded":10,"win_rate":0,"timestamp":1562086426,"path_taken":["M","$","M","?","M","R","E","R","T","?","$","E","M","M","R","BOSS","M","?","?","M","?","E","$","R","T","E","?","M","R","E","R","BOSS","M","M","?","M","$","M","E","R","T","E","R","E","R","M","R","BOSS","R","$","E","BOSS"],"build_version":"2019-07-01","purchased_purges":3,"victory":true,"max_hp_per_floor":[82,82,82,82,82,82,82,82,82,82,82,82,82,82,82,82,82,82,82,82,82,82,82,82,82,82,82,41,41,41,41,41,41,41,41,41,41,41,41,41,41,41,41,41,41,41,41,41,41,41,41,41,41,41,41],"card_choices":[{"not_picked":["Turbo","Barrage"],"picked":"BootSequence","floor":1.0},{"not_picked":["Recycle","Conserve Battery"],"picked":"Cold Snap","floor":3.0},{"not_picked":["Beam Cell","Steam Power"],"picked":"Chill","floor":5.0},{"not_picked":["Cold Snap","Reprogram"],"picked":"Go for the Eyes","floor":7.0},{"not_picked":["Ball Lightning","BootSequence"],"picked":"Doom and Gloom","floor":12.0},{"not_picked":["Force Field","Rip and Tear"],"picked":"FTL","floor":13.0},{"not_picked":["Gash","Fusion","Lockon"],"picked":"SKIP","floor":14.0},{"not_picked":["Thunder Strike","Machine Learning"],"picked":"Multi-Cast","floor":16.0},{"not_picked":["Storm+1","Tempest"],"picked":"Chill","floor":18.0},{"not_picked":["Steam","Self Repair","Steam Power"],"picked":"SKIP","floor":20.0},{"not_picked":["Darkness","Barrage"],"picked":"Chill","floor":21.0},{"not_picked":["Auto Shields","Gash"],"picked":"Coolheaded+1","floor":23.0},{"not_picked":["Stack+1","Force Field"],"picked":"FTL+1","floor":27.0},{"not_picked":["Hello World+1","Undo","Doom and Gloom"],"picked":"SKIP","floor":29.0},{"not_picked":["Coolheaded","Compile Driver+1"],"picked":"Darkness","floor":31.0},{"not_picked":["Hyperbeam","Machine Learning+1"],"picked":"Electrodynamics+1","floor":33.0},{"not_picked":["Cold Snap","Rip and Tear+1","Reinforced Body"],"picked":"SKIP","floor":35.0},{"not_picked":["Sweeping Beam+1","Hologram","Stack"],"picked":"SKIP","floor":36.0},{"not_picked":["Sweeping Beam+1","Hologram","Stack"],"picked":"SKIP","floor":36.0},{"not_picked":["Conserve Battery","Beam Cell","Undo"],"picked":"SKIP","floor":38.0},{"not_picked":["Rebound+1","Sweeping Beam","Compile Driver+1"],"picked":"SKIP","floor":40.0},{"not_picked":["Recycle+1","Fusion","Hyperbeam"],"picked":"SKIP","floor":41.0},{"not_picked":["Coolheaded","Tempest"],"picked":"Defragment+1","floor":44.0},{"not_picked":["Coolheaded","Stack+1","FTL"],"picked":"SKIP","floor":46.0},{"not_picked":["Coolheaded","Stack+1","FTL"],"picked":"SKIP","floor":46.0},{"not_picked":["Stack","Chaos","Cold Snap"],"picked":"SKIP","floor":48.0},{"not_picked":["Chill","Loop+1"],"picked":"Capacitor+1","floor":54}],"player_experience":413676,"relics_obtained":[{"floor":7.0,"key":"WingedGreaves"},{"floor":9.0,"key":"Cables"},{"floor":12.0,"key":"Bronze Scales"},{"floor":23.0,"key":"Bag of Preparation"},{"floor":26.0,"key":"Bottled Lightning"},{"floor":27.0,"key":"Frozen Egg 2"},{"floor":31.0,"key":"Omamori"},{"floor":41.0,"key":"Thread and Needle"},{"floor":44.0,"key":"MawBank"},{"floor":46.0,"key":"Du-Vu Doll"},{"floor":54,"key":"Centennial Puzzle"}],"event_choices":[{"damage_healed":0.0,"max_hp_gain":0.0,"max_hp_loss":0.0,"gold_gain":0.0,"event_name":"Liars Game","player_choice":"Ignored","floor":4.0,"gold_loss":0.0,"damage_taken":0.0},{"cards_removed":["Dualcast"],"damage_healed":0.0,"max_hp_gain":0.0,"max_hp_loss":0.0,"gold_gain":0.0,"event_name":"Golden Wing","player_choice":"Card Removal","floor":10.0,"gold_loss":0.0,"damage_taken":7.0},{"damage_healed":0.0,"max_hp_gain":0.0,"max_hp_loss":0.0,"gold_gain":0.0,"event_name":"WeMeetAgain","player_choice":"Gave Potion","floor":19.0,"gold_loss":0.0,"damage_taken":0.0,"relics_obtained":["Bag of Marbles"]},{"damage_healed":0.0,"max_hp_gain":0.0,"max_hp_loss":0.0,"gold_gain":0.0,"event_name":"Vampires","player_choice":"Ignored","floor":22.0,"gold_loss":0.0,"damage_taken":0.0},{"damage_healed":0.0,"max_hp_gain":0.0,"max_hp_loss":41.0,"gold_gain":0.0,"event_name":"Ghosts","player_choice":"Became a Ghost","floor":28.0,"gold_loss":0.0,"damage_taken":0.0,"cards_obtained":["Ghostly","Ghostly","Ghostly","Ghostly","Ghostly"]},{"damage_healed":0.0,"max_hp_gain":0.0,"max_hp_loss":0.0,"gold_gain":0.0,"event_name":"SensoryStone","player_choice":"Memory 2","floor":37.0,"gold_loss":0.0,"damage_taken":5.0}],"is_beta":false,"boss_relics":[{"not_picked":["Runic Dome","FrozenCore"],"picked":"Philosopher\u0027s Stone"},{"not_picked":["Coffee Dripper","Orrery"],"picked":"Runic Pyramid"}],"items_purged_floors":[24,39,53],"is_endless":false,"potions_floor_spawned":[1,5,13,16,18,23,29,31,40,44,46,48],"ascension_level":4}