{"gold_per_floor":[117,129,149,165,165,165,175,189,269,269,269,344,344,358,358,456,456,473,69,84,84,104,130,144,144,144,158,158,187,187,214,214,318,318,338,338,560,100,118,152,152,172,197,209,209,235,235,250,250,250],"floor_reached":50,"playtime":5892,"items_purged":["Rupture"],"score":644,"play_id":"0c505e80-a499-4ad1-9cad-76966af528a8","local_time":"20190627013621","is_ascension_mode":false,"campfire_choices":[{"data":"Armaments","floor":6,"key":"SMITH"},{"data":"Juggernaut","floor":10,"key":"SMITH"},{"data":"Metallicize","floor":13,"key":"SMITH"},{"data":"Shrug It Off","floor":15,"key":"SMITH"},{"data":"Whirlwind","floor":25,"key":"SMITH"},{"data":"Feed","floor":28,"key":"SMITH"},{"data":"Searing Blow+1","floor":30,"key":"SMITH"},{"floor":32,"key":"REST"},{"data":"Thinking Ahead","floor":41,"key":"SMITH"},{"floor":45,"key":"REST"},{"floor":49,"key":"REST"}],"neow_cost":"PERCENT_DAMAGE","seed_source_timestamp":1673239424364497,"circlet_count":0,"master_deck":["Strike_R+1","Strike_R+1","Strike_R+1","Strike_R+1","Strike_R+1","Defend_R+1","Defend_R+1","Defend_R+1","Defend_R+1","Bash+1","Armaments+1","Fire Breathing","Metallicize+1","Burning Pact","Juggernaut+1","Headbutt","Shrug It Off+1","Reaper","Reckless Charge+1","Mayhem","Whirlwind+1","Body Slam+1","Feed+1","Searing Blow+3","Warcry+1","Pommel Strike+1","Barricade","Body Slam","Juggernaut+1","Thinking Ahead+1","Iron Wave+1","Inflame","True Grit+1","Warcry+1","Intimidate+1","Madness","Madness","Disarm"],"relics":["Burning Blood","Thread and Needle","Pear","Sozu","Medical Kit","Calipers","Bag of Marbles","Red Mask","Oddly Smooth Stone","Runic Pyramid","DollysMirror","Whetstone","Regal Pillow","Dream Catcher"],"potions_floor_usage":[],"damage_taken":[{"damage":0,"enemies":"2 Louse","floor":1,"turns":4},{"damage":0,"enemies":"Jaw Worm","floor":2,"turns":8},{"damage":0,"enemies":"Small Slimes","floor":3,"turns":5},{"damage":0,"enemies":"Looter","floor":4,"turns":5},{"damage":0,"enemies":"Blue Slaver","floor":7,"turns":6},{"damage":3,"enemies":"2 Fungi Beasts","floor":8,"turns":4},{"damage":6,"enemies":"3 Sentries","floor":11,"turns":6},{"damage":1,"enemies":"Looter","floor":14,"turns":3},{"damage":33,"enemies":"Slime Boss","floor":16,"turns":11},{"damage":6,"enemies":"Spheric Guardian","floor":18,"turns":6},{"damage":4,"enemies":"3 Byrds","floor":20,"turns":4},{"damage":4,"enemies":"Snecko","floor":22,"turns":4},{"damage":32,"enemies":"Slavers","floor":23,"turns":6},{"damage":6,"enemies":"Chosen and Byrds","floor":24,"turns":6},{"damage":0,"enemies":"Centurion and Healer","floor":27,"turns":5},{"damage":23,"enemies":"Masked Bandits","floor":29,"turns":4},{"damage":25,"enemies":"Gremlin Leader","floor":31,"turns":6},{"damage":42,"enemies":"Champ","floor":33,"turns":10},{"damage":8,"enemies":"Orb Walker","floor":35,"turns":5},{"damage":0,"enemies":"3 Shapes","floor":39,"turns":6},{"damage":59,"enemies":"Nemesis","floor":40,"turns":7},{"damage":27,"enemies":"Jaw Worm Horde","floor":42,"turns":5},{"damage":31,"enemies":"4 Shapes","floor":44,"turns":3},{"damage":35,"enemies":"Reptomancer","floor":46,"turns":5},{"damage":8,"enemies":"Spire Growth","floor":48,"turns":5},{"damage":108,"enemies":"Awakened One","floor":50,"turns":8}],"seed_played":"-3078546286396454642","potions_obtained":[{"floor":2,"key":"LiquidBronze"},{"floor":8,"key":"PowerPotion"},{"floor":14,"key":"SkillPotion"},{"floor":16,"key":"Block Potion"}],"is_trial":false,"path_per_floor":["M","M","M","M","?","R","M","M","T","R","E","?","R","M","R","B",null,"M","$","M","?","M","E","M","R","T","M","R","?","R","E","R","B",null,"M","?","?","$","M","E","R","M","T","M","R","E","?","M","R","B"],"character_chosen":"IRONCLAD","items_purchased":["Medical Kit","Mayhem","DollysMirror","Thinking Ahead"],"campfire_rested":3,"item_purchase_floors":[19,19,38,38],"current_hp_per_floor":[62,68,74,80,64,64,70,73,83,83,83,72,72,77,77,50,90,90,90,90,90,90,74,82,82,82,93,93,80,80,70,97,61,97,95,95,95,95,101,52,52,35,35,22,70,62,47,45,95,0],"gold":250,"neow_bonus":"ONE_RARE_RELIC","is_prod":false,"is_daily":false,"chose_seed":false,"campfire_upgraded":8,"win_rate":0.0,"timestamp":1561620981,"path_taken":["M","M","M","M","?","R","M","M","T","R","E","?","R","M","R","BOSS","M","$","M","?","M","E","M","R","T","M","R","?","R","E","R","BOSS","M","?","?","$","M","E","R","M","T","M","R","E","?","M","R","BOSS"],"build_version":"2019-01-23","purchased_purges":1,"victory":false,"max_hp_per_floor":[80,80,80,80,80,80,80,80,90,90,90,90,90,90,90,90,90,90,90,90,90,90,90,90,90,90,93,93,97,97,97,97,97,97,97,97,97,97,101,105,105,109,109,113,113,117,117,117,117,121],"card_choices":[{"not_picked":["Heavy Blade","Cleave"],"picked":"Armaments","floor":1},{"not_picked":["Clothesline","Armaments"],"picked":"Fire Breathing","floor":2},{"not_picked":["Rage","Clothesline"],"picked":"Metallicize","floor":3},{"not_picked":["Thunderclap","Flame Barrier"],"picked":"Burning Pact","floor":4},{"not_picked":["Shrug It Off","Thunderclap"],"picked":"Juggernaut","floor":7},{"not_picked":["Anger","Armaments"],"picked":"Rupture","floor":8},{"not_picked":["Flex","Sever Soul"],"picked":"Headbutt","floor":11},{"not_picked":["Cleave","Headbutt"],"picked":"Shrug It Off","floor":14},{"not_picked":["Impervious","Brutality"],"picked":"Reaper","floor":16},{"not_picked":["Warcry","Carnage+1"],"picked":"Reckless Charge+1","floor":18},{"not_picked":["Clash","Twin Strike"],"picked":"Whirlwind","floor":20},{"not_picked":["Heavy Blade","Shrug It Off"],"picked":"Body Slam+1","floor":22},{"not_picked":["Dark Embrace","Flex"],"picked":"Feed","floor":23},{"not_picked":["Rage+1","Burning Pact+1"],"picked":"Searing Blow+1","floor":24},{"not_picked":["Armaments","Dropkick+1"],"picked":"Dual Wield","floor":27},{"not_picked":["Armaments","Clash"],"picked":"Warcry+1","floor":29},{"not_picked":["Headbutt","Warcry"],"picked":"Pommel Strike+1","floor":31},{"not_picked":["Brutality","Impervious"],"picked":"Barricade","floor":33},{"not_picked":["Rage","Warcry"],"picked":"Body Slam","floor":35},{"not_picked":["Anger+1","Rampage"],"picked":"Iron Wave","floor":39},{"not_picked":["Dual Wield+1","Barricade"],"picked":"Inflame","floor":40},{"not_picked":["Thunderclap","Body Slam"],"picked":"True Grit+1","floor":42},{"not_picked":["Dual Wield","Second Wind+1"],"picked":"Warcry+1","floor":44},{"not_picked":["Thunderclap+1","Corruption+1"],"picked":"Intimidate+1","floor":46},{"not_picked":["Anger","Body Slam","Flex"],"picked":"SKIP","floor":48},{"not_picked":["Twin Strike+1","Blood for Blood"],"picked":"Disarm","floor":49}],"player_experience":4954,"relics_obtained":[{"floor":9,"key":"Pear"},{"floor":23,"key":"Calipers"},{"floor":26,"key":"Bag of Marbles"},{"floor":29,"key":"Red Mask"},{"floor":31,"key":"Oddly Smooth Stone"},{"floor":40,"key":"Whetstone"},{"floor":43,"key":"Regal Pillow"},{"floor":46,"key":"Dream Catcher"}],"event_choices":[{"damage_healed":0,"gold_gain":0,"player_choice":"Entered Light","damage_taken":16,"max_hp_gain":0,"max_hp_loss":0,"event_name":"Shining Light","floor":5,"gold_loss":0,"cards_upgraded":["Defend_R","Bash"]},{"damage_healed":0,"gold_gain":75,"player_choice":"Gather Gold","damage_taken":11,"max_hp_gain":0,"max_hp_loss":0,"event_name":"World of Goop","floor":12,"gold_loss":0},{"damage_healed":0,"gold_gain":0,"player_choice":"Simplicity","damage_taken":0,"max_hp_gain":0,"max_hp_loss":0,"event_name":"Back to Basics","floor":21,"gold_loss":0,"cards_upgraded":["Strike_R","Strike_R","Strike_R","Strike_R","Strike_R","Defend_R","Defend_R","Defend_R"]},{"damage_healed":0,"gold_gain":0,"player_choice":"Fought Bandits","damage_taken":0,"max_hp_gain":0,"max_hp_loss":0,"event_name":"Masked Bandits","floor":29,"gold_loss":0},{"cards_removed":["Dual Wield"],"damage_healed":0,"gold_gain":0,"player_choice":"Removed Skill","damage_taken":0,"max_hp_gain":0,"max_hp_loss":0,"event_name":"Falling","floor":36,"gold_loss":0},{"damage_healed":0,"gold_gain":222,"player_choice":"Wore Mask","damage_taken":0,"max_hp_gain":0,"max_hp_loss":0,"event_name":"Tomb of Lord Red Mask","floor":37,"gold_loss":0},{"damage_healed":0,"gold_gain":0,"player_choice":"Embrace Madness","damage_taken":15,"max_hp_gain":0,"max_hp_loss":0,"event_name":"Winding Halls","floor":47,"gold_loss":0,"cards_obtained":["Madness","Madness"]}],"is_beta":false,"boss_relics":[{"not_picked":["Philosopher\u0027s Stone","Mark of Pain"],"picked":"Sozu"},{"not_picked":["Eternal Feather","Black Blood"],"picked":"Runic Pyramid"}],"items_purged_floors":[38],"is_endless":false,"potions_floor_spawned":[2,8,11,14,16,20,24,27,29,40,42,44,46],"killed_by":"Awakened One","ascension_level":0}