{"gold_per_floor":[117,117,117,117,131,131,171,171,171,201,220,66,66,89,89,208,208,227,242,341,341,341,341,368,368,368,379,134,144,144,161,161,264,264,280,290,215,234,234,234,248,248,248,248,260,273,273,292,292,292],"floor_reached":51,"playtime":4898,"items_purged":["Defend_B"],"score":717,"play_id":"e6133233-03af-4fcb-9534-f8e85e7d9389","local_time":"20190607120259","is_ascension_mode":false,"campfire_choices":[{"data":"Skim","floor":6,"key":"SMITH"},{"data":"Zap","floor":8,"key":"SMITH"},{"data":"Strike_B","floor":13,"key":"PURGE"},{"data":"Strike_B","floor":15,"key":"PURGE"},{"data":"Hologram","floor":23,"key":"SMITH"},{"data":"Defend_B","floor":25,"key":"PURGE"},{"data":"Defend_B","floor":30,"key":"PURGE"},{"data":"Scrape","floor":32,"key":"SMITH"},{"data":"Defend_B","floor":40,"key":"PURGE"},{"data":"Strike_B+1","floor":42,"key":"PURGE"},{"data":"Dualcast+1","floor":44,"key":"PURGE"},{"data":"Zap+1","floor":49,"key":"PURGE"}],"neow_cost":"NONE","seed_source_timestamp":1956976469632248,"circlet_count":0,"master_deck":["Gash","Skim+1","Hologram+1","Gash","Scrape+1","Beam Cell+1","Gash"],"relics":["Cracked Core","Bloody Idol","Torii","Vajra","Dodecahedron","Peace Pipe","Blood Vial","Sozu","Pen Nib","Bottled Lightning","Gremlin Horn","Runic Pyramid","Du-Vu Doll","Shuriken"],"potions_floor_usage":[16,24],"damage_taken":[{"damage":5,"enemies":"Small Slimes","floor":1,"turns":3},{"damage":1,"enemies":"Jaw Worm","floor":5,"turns":2},{"damage":27,"enemies":"Lagavulin","floor":7,"turns":7},{"damage":0,"enemies":"2 Louse","floor":11,"turns":2},{"damage":1,"enemies":"Exordium Thugs","floor":14,"turns":3},{"damage":16,"enemies":"Hexaghost","floor":16,"turns":6},{"damage":0,"enemies":"3 Byrds","floor":18,"turns":3},{"damage":1,"enemies":"Chosen","floor":19,"turns":3},{"damage":0,"enemies":"Book of Stabbing","floor":24,"turns":3},{"damage":1,"enemies":"Centurion and Healer","floor":27,"turns":2},{"damage":0,"enemies":"Cultist and Chosen","floor":29,"turns":3},{"damage":0,"enemies":"Chosen and Byrds","floor":31,"turns":2},{"damage":6,"enemies":"Champ","floor":33,"turns":3},{"damage":0,"enemies":"Orb Walker","floor":35,"turns":1},{"damage":0,"enemies":"3 Darklings","floor":36,"turns":1},{"damage":0,"enemies":"Jaw Worm Horde","floor":38,"turns":1},{"damage":0,"enemies":"Transient","floor":41,"turns":5},{"damage":3,"enemies":"4 Shapes","floor":45,"turns":1},{"damage":0,"enemies":"Maw","floor":46,"turns":2},{"damage":0,"enemies":"Jaw Worm Horde","floor":48,"turns":1},{"damage":15,"enemies":"Awakened One","floor":50,"turns":3}],"seed_played":"9172747810876278202","potions_obtained":[{"floor":11,"key":"Explosive Potion"},{"floor":14,"key":"PowerPotion"}],"is_trial":false,"path_per_floor":["M","?","?","T","M","R","E","R","T","?","M","$","R","M","R","B",null,"M","M","?","?","?","R","E","R","T","M","$","M","R","M","R","B",null,"M","M","$","M","?","R","M","R","T","R","M","M","T","M","R","B",null],"character_chosen":"DEFECT","items_purchased":["Blood Vial","Gremlin Horn"],"campfire_rested":0,"item_purchase_floors":[12,28],"current_hp_per_floor":[77,61,61,61,60,60,33,33,33,33,33,33,33,34,34,20,76,76,75,75,75,75,75,76,76,76,76,76,76,76,76,76,75,76,76,76,76,76,72,72,72,72,72,72,72,72,72,72,72,57],"gold":292,"neow_bonus":"TEN_PERCENT_HP_BONUS","is_prod":false,"is_daily":false,"chose_seed":false,"campfire_upgraded":4,"win_rate":0,"timestamp":1559926979,"path_taken":["M","?","?","?","M","R","E","R","T","?","M","?","R","M","R","BOSS","M","M","?","?","?","R","E","R","T","M","?","M","R","M","R","BOSS","M","M","$","M","?","R","M","R","T","R","M","M","?","M","R","BOSS"],"build_version":"2019-01-23","purchased_purges":1,"victory":true,"max_hp_per_floor":[82,82,76,76,76,76,76,76,76,76,76,76,76,76,76,76,76,76,76,76,76,76,76,76,76,76,76,76,76,76,76,76,76,76,76,76,76,76,72,72,72,72,72,72,72,72,72,72,72,72],"card_choices":[{"not_picked":["Streamline","Lockon"],"picked":"Gash","floor":1},{"not_picked":["Barrage","Steam"],"picked":"Skim","floor":5},{"not_picked":["Steam","Glacier"],"picked":"Hologram","floor":7},{"not_picked":["Coolheaded","Redo"],"picked":"Gash","floor":11},{"not_picked":["Go for the Eyes","Self Repair"],"picked":"Scrape","floor":14},{"not_picked":["Melter+1","Leap+1","Blizzard"],"picked":"SKIP","floor":18},{"not_picked":["Reprogram+1","Sweeping Beam"],"picked":"Beam Cell+1","floor":19},{"not_picked":["Compile Driver","Reinforced Body","Cold Snap"],"picked":"SKIP","floor":24},{"not_picked":["Steam","Rebound","Capacitor"],"picked":"SKIP","floor":27},{"not_picked":["Redo","Leap+1","Meteor Strike"],"picked":"SKIP","floor":29},{"not_picked":["Ball Lightning","Sweeping Beam+1","Cold Snap"],"picked":"SKIP","floor":31},{"not_picked":["Turbo","Steam","Compile Driver"],"picked":"SKIP","floor":35},{"not_picked":["Stack","Steam+1","Skim+1"],"picked":"SKIP","floor":36},{"not_picked":["Go for the Eyes","Compile Driver","Steam+1"],"picked":"SKIP","floor":38},{"not_picked":["Multi-Cast","Conserve Battery+1"],"picked":"Gash","floor":41},{"not_picked":["Steam+1","Redo+1","BootSequence+1"],"picked":"SKIP","floor":45},{"not_picked":["Barrage+1","Cold Snap+1","Ball Lightning"],"picked":"SKIP","floor":46},{"not_picked":["Stack","Chill+1","Compile Driver"],"picked":"SKIP","floor":48}],"player_experience":1417707,"relics_obtained":[{"floor":4,"key":"Torii"},{"floor":7,"key":"Vajra"},{"floor":9,"key":"Dodecahedron"},{"floor":24,"key":"Pen Nib"},{"floor":26,"key":"Bottled Lightning"},{"floor":43,"key":"Du-Vu Doll"},{"floor":47,"key":"Shuriken"}],"event_choices":[{"damage_healed":0,"gold_gain":0,"player_choice":"Entered Light","damage_taken":16,"max_hp_gain":0,"max_hp_loss":0,"event_name":"Shining Light","floor":2,"gold_loss":0,"cards_upgraded":["Strike_B","Dualcast"]},{"damage_healed":0,"gold_gain":0,"player_choice":"Lose Max HP","damage_taken":0,"relics_obtained":["Golden Idol"],"max_hp_gain":0,"max_hp_loss":6,"event_name":"Golden Idol","floor":3,"gold_loss":0},{"damage_healed":0,"gold_gain":30,"player_choice":"Searched \u00273\u0027 times","damage_taken":0,"relics_obtained":["Peace Pipe"],"max_hp_gain":0,"max_hp_loss":0,"event_name":"Dead Adventurer","floor":10,"gold_loss":0},{"damage_healed":0,"gold_gain":99,"player_choice":"Stole From Cult","damage_taken":0,"max_hp_gain":0,"max_hp_loss":0,"event_name":"Nest","floor":20,"gold_loss":0},{"cards_removed":["Strike_B"],"damage_healed":0,"gold_gain":0,"player_choice":"Elegance","damage_taken":0,"max_hp_gain":0,"max_hp_loss":0,"event_name":"Back to Basics","floor":21,"gold_loss":0},{"damage_healed":0,"gold_gain":0,"player_choice":"Gave Idol","damage_taken":0,"relics_obtained":["Bloody Idol"],"max_hp_gain":0,"max_hp_loss":0,"event_name":"Forgotten Altar","floor":22,"relics_lost":["Golden Idol"],"gold_loss":0},{"damage_healed":0,"gold_gain":0,"player_choice":"Max HP","damage_taken":0,"max_hp_gain":0,"max_hp_loss":4,"event_name":"Winding Halls","floor":39,"gold_loss":0}],"is_beta":false,"boss_relics":[{"not_picked":["Tiny House","Lizard Tail"],"picked":"Sozu"},{"not_picked":["Pandora\u0027s Box","Snecko Eye"],"picked":"Runic Pyramid"}],"items_purged_floors":[37],"is_endless":false,"potions_floor_spawned":[11,14,24,29,33,36,46],"ascension_level":0}