{"gold_per_floor":[213,231,245,245,264,264,165,165,165,178,207,207,207,207,207,332,332,353,353,353,182,195,214,214,254,292,304,335,360,396,433,445,581,593,623,659,671,683,764,776,345,370,370,385,385,398,439,439,439,439],"floor_reached":51,"playtime":3730,"items_purged":["Strike_B","Strike_B","Defend_B"],"score":722,"play_id":"a0aa33eb-d91f-4978-91c4-28b36660c55c","local_time":"20180726141433","is_ascension_mode":false,"campfire_choices":[{"data":"Gash","floor":6,"key":"SMITH"},{"data":"Gash","floor":8,"key":"SMITH"},{"floor":13,"key":"REST"},{"data":"Zap","floor":15,"key":"SMITH"},{"data":"Conserve Battery","floor":24,"key":"SMITH"},{"floor":27,"key":"REST"},{"data":"Skim","floor":32,"key":"SMITH"},{"floor":40,"key":"REST"},{"floor":45,"key":"REST"},{"floor":49,"key":"REST"}],"neow_cost":"NONE","seed_source_timestamp":2583098387071169,"circlet_count":0,"master_deck":["Strike_B+1","Defend_B","Defend_B","Zap+1","Dualcast","Gash+1","Gash+1","Gash+1","Conserve Battery+1","Reboot","Doom and Gloom+1","RitualDagger+1","Skim+1","Chaos+1","Conserve Battery+1","Compile Driver+1","Beam Cell+1","Gash+1","Rebound+1","Echo Form","Beam Cell+1","Static Discharge","Rebound+1","Reinforced Body","Ball Lightning+1","Sweeping Beam+1","Sweeping Beam+1","Skim+1","Compile Driver+1","Go for the Eyes+1"],"relics":["Cracked Core","Bottled Flame","Molten Egg 2","Golden Idol","Sozu","MawBank","Blood Vial","Dream Catcher","Busted Crown","Question Card","Du-Vu Doll","Medical Kit","Pen Nib","Regal Pillow"],"potions_floor_usage":[10,22],"damage_taken":[{"damage":0,"enemies":"Cultist","floor":1,"turns":3},{"damage":15,"enemies":"Jaw Worm","floor":2,"turns":4},{"damage":0,"enemies":"2 Louse","floor":3,"turns":2},{"damage":0,"enemies":"Large Slime","floor":5,"turns":4},{"damage":1,"enemies":"Looter","floor":10,"turns":3},{"damage":12,"enemies":"3 Sentries","floor":11,"turns":7},{"damage":27,"enemies":"Hexaghost","floor":16,"turns":9},{"damage":2,"enemies":"Shell Parasite","floor":18,"turns":4},{"damage":5,"enemies":"3 Byrds","floor":22,"turns":3},{"damage":6,"enemies":"3 Cultists","floor":23,"turns":3},{"damage":15,"enemies":"Gremlin Leader","floor":25,"turns":6},{"damage":0,"enemies":"Chosen and Byrds","floor":28,"turns":3},{"damage":0,"enemies":"Cultist and Chosen","floor":29,"turns":3},{"damage":0,"enemies":"Snake Plant","floor":31,"turns":3},{"damage":16,"enemies":"Collector","floor":33,"turns":6},{"damage":17,"enemies":"3 Darklings","floor":35,"turns":4},{"damage":2,"enemies":"3 Shapes","floor":36,"turns":3},{"damage":47,"floor":39,"turns":5},{"damage":8,"enemies":"Flame Bruiser 2 Orb","floor":42,"turns":5},{"damage":0,"enemies":"Transient","floor":44,"turns":5},{"damage":22,"enemies":"Spire Growth","floor":46,"turns":3},{"damage":8,"enemies":"Giant Head","floor":47,"turns":6},{"damage":49,"enemies":"Awakened One","floor":50,"turns":11}],"seed_played":"8740281908344997691","potions_obtained":[{"floor":2,"key":"SteroidPotion"},{"floor":3,"key":"EssenceOfSteel"},{"floor":11,"key":"Fire Potion"}],"is_trial":false,"path_per_floor":["M","M","M","?","M","R","$","R","T","M","E","?","R","?","R","B",null,"M","?","?","$","M","M","R","E","T","R","M","M","T","M","R","B",null,"M","M","T","?","?","R","$","M","T","M","R","M","E","?","R","B"],"character_chosen":"DEFECT","items_purchased":["Conserve Battery","Skim","Reinforced Body","Ball Lightning+1","Medical Kit"],"campfire_rested":5,"item_purchase_floors":[7,21,41,41,41],"current_hp_per_floor":[75,60,60,45,45,45,45,45,45,44,32,32,52,57,57,30,74,72,66,66,66,61,55,55,40,40,62,64,66,66,68,68,54,74,57,57,57,57,12,34,34,28,28,30,52,32,26,26,63,16],"gold":439,"neow_bonus":"HUNDRED_GOLD","is_prod":false,"is_daily":false,"chose_seed":false,"campfire_upgraded":5,"win_rate":0.0,"timestamp":1532632473,"path_taken":["M","?","M","?","?","R","?","R","T","M","E","?","R","?","R","BOSS","M","?","?","$","M","M","R","E","T","R","M","?","?","M","R","BOSS","M","M","?","?","?","R","$","M","T","?","R","M","E","?","R","BOSS"],"build_version":"2018-07-19v2","purchased_purges":3,"victory":true,"max_hp_per_floor":[75,75,75,75,75,75,75,75,75,75,75,69,69,74,74,74,74,74,74,74,74,74,74,74,74,74,74,74,74,74,74,74,74,74,74,74,74,74,74,74,74,74,74,74,74,74,74,74,74,74],"card_choices":[{"not_picked":["Hologram","Static Discharge"],"picked":"Gash","floor":1},{"not_picked":["Auto Shields","Streamline"],"picked":"Gash","floor":2},{"not_picked":["Rip and Tear","Stack","BootSequence"],"picked":"SKIP","floor":3},{"not_picked":["Hologram","BootSequence"],"picked":"Gash","floor":5},{"not_picked":["Beam Cell","Cold Snap","Conserve Battery"],"picked":"SKIP","floor":10},{"not_picked":["Chaos","Redo","Storm"],"picked":"SKIP","floor":11},{"not_picked":["Electrodynamics","Rainbow"],"picked":"Reboot","floor":16},{"not_picked":["Beam Cell+1","Cold Snap+1"],"picked":"Doom and Gloom+1","floor":18},{"not_picked":["Ball Lightning+1","Storm"],"picked":"Chaos+1","floor":22},{"not_picked":["BootSequence","Rebound+1"],"picked":"Conserve Battery+1","floor":23},{"not_picked":["Reprogram","Thunder Strike+1"],"picked":"Compile Driver+1","floor":25},{"not_picked":["White Noise","BootSequence"],"picked":"Beam Cell+1","floor":28},{"not_picked":["Chaos","Go for the Eyes+1"],"picked":"Gash+1","floor":29},{"not_picked":["Barrage+1","Cold Snap+1"],"picked":"Rebound+1","floor":31},{"not_picked":["Multi-Cast","Electrodynamics"],"picked":"Echo Form","floor":33},{"not_picked":["Redo"],"picked":"SKIP","floor":35},{"not_picked":[],"picked":"Beam Cell+1","floor":36},{"not_picked":["Stack"],"picked":"Static Discharge","floor":39},{"not_picked":["Auto Shields"],"picked":"Rebound+1","floor":40},{"not_picked":["Rebound+1"],"picked":"Sweeping Beam+1","floor":42},{"not_picked":["Sweeping Beam+1","Electrodynamics"],"picked":"SKIP","floor":44},{"not_picked":["Go for the Eyes+1"],"picked":"Sweeping Beam+1","floor":45},{"not_picked":["Cold Snap+1"],"picked":"Skim+1","floor":46},{"not_picked":["Leap"],"picked":"Compile Driver+1","floor":47},{"not_picked":["Cold Snap+1"],"picked":"Go for the Eyes+1","floor":49}],"player_experience":342111,"relics_obtained":[{"floor":9,"key":"Bottled Flame"},{"floor":11,"key":"Molten Egg 2"},{"floor":25,"key":"MawBank"},{"floor":26,"key":"Blood Vial"},{"floor":30,"key":"Dream Catcher"},{"floor":37,"key":"Question Card"},{"floor":39,"key":"Du-Vu Doll"},{"floor":43,"key":"Pen Nib"},{"floor":47,"key":"Regal Pillow"}],"event_choices":[{"event_name":"Shining Light","player_choice":"Entered Light","floor":4,"damage_taken":0},{"event_name":"Golden Idol","player_choice":"Lose Max HP","floor":12,"damage_taken":0},{"event_name":"Big Fish","player_choice":"Donut","floor":14,"damage_taken":0},{"event_name":"Nest","player_choice":"Joined the Cult","floor":19,"damage_taken":0},{"event_name":"Bonfire Elementals","player_choice":"BASIC","floor":20,"damage_taken":0},{"event_name":"The Woman in Blue","player_choice":"Bought 0 Potions","floor":38,"damage_taken":0},{"event_name":"Mysterious Sphere","player_choice":"Fight","floor":39,"damage_taken":0},{"event_name":"Falling","player_choice":"Removed Skill","floor":48,"damage_taken":0}],"is_beta":false,"boss_relics":[{"not_picked":["White Beast Statue","Inserter"],"picked":"Sozu"},{"not_picked":["Lizard Tail","Runic Pyramid"],"picked":"Busted Crown"}],"items_purged_floors":[7,21,41],"is_endless":false,"potions_floor_spawned":[2,3,11,18,22,28,31,36,39,42],"ascension_level":0}