{"gold_per_floor":[13,23,23,42,59,59,134,161,161,237,255,255,274,286,286,390,390,403,403,253,253,268,268],"floor_reached":23,"playtime":1737,"items_purged":["Defend_R"],"score":218,"play_id":"421dcbe8-1655-47ce-be50-c475d8cfefd0","local_time":"20180716143502","is_ascension_mode":false,"campfire_choices":[{"data":"Body Slam","floor":6,"key":"SMITH"},{"floor":12,"key":"DIG"},{"floor":15,"key":"DIG"}],"neow_cost":"NO_GOLD","seed_source_timestamp":1721751052963020,"circlet_count":0,"master_deck":["Strike_R","Strike_R","Strike_R","Strike_R","Strike_R","Defend_R","Defend_R","Defend_R","Bash","Flame Barrier","Body Slam+1","Shrug It Off","Ghostly Armor","Metallicize","Immolate","Rampage","Shrug It Off+1"],"relics":["Burning Blood","Bird Faced Urn","Shovel","Magic Flower","Matryoshka","Regal Pillow","Black Star"],"potions_floor_usage":[5,16,16,16,23],"damage_taken":[{"damage":10,"enemies":"Jaw Worm","floor":1,"turns":4},{"damage":2,"enemies":"2 Louse","floor":2,"turns":4},{"damage":0,"enemies":"Cultist","floor":4,"turns":4},{"damage":11,"enemies":"Lots of Slimes","floor":5,"turns":6},{"damage":38,"enemies":"Gremlin Nob","floor":8,"turns":5},{"damage":0,"enemies":"Large Slime","floor":11,"turns":9},{"damage":0,"enemies":"Looter","floor":13,"turns":4},{"damage":1,"enemies":"2 Fungi Beasts","floor":14,"turns":4},{"damage":48,"enemies":"The Guardian","floor":16,"turns":19},{"damage":20,"enemies":"3 Byrds","floor":18,"turns":7},{"damage":21,"enemies":"Shell Parasite","floor":22,"turns":7},{"damage":65,"enemies":"Slavers","floor":23,"turns":4}],"seed_played":"5610424003146998021","potions_obtained":[{"floor":1,"key":"Fire Potion"},{"floor":2,"key":"FearPotion"},{"floor":8,"key":"FearPotion"},{"floor":13,"key":"SteroidPotion"},{"floor":14,"key":"Energy Potion"},{"floor":22,"key":"LiquidBronze"}],"is_trial":false,"path_per_floor":["M","M","?","M","M","R","?","E","T","T","M","R","M","M","R","B",null,"M","?","$","?","M"],"character_chosen":"IRONCLAD","items_purchased":["Rampage"],"campfire_rested":0,"item_purchase_floors":[20],"current_hp_per_floor":[92,96,84,90,85,85,74,42,42,42,51,51,60,68,68,32,96,85,66,66,66,57,0],"gold":268,"neow_bonus":"TWENTY_PERCENT_HP_BONUS","is_prod":false,"is_daily":false,"chose_seed":false,"campfire_upgraded":1,"win_rate":0,"timestamp":1531769702,"path_taken":["M","M","?","M","?","R","?","E","T","?","M","R","?","M","R","BOSS","M","?","$","?","M","E"],"build_version":"2018-07-12","purchased_purges":1,"victory":false,"max_hp_per_floor":[96,96,96,96,96,96,96,96,96,96,96,96,96,96,96,96,96,96,101,101,101,101,101],"card_choices":[{"not_picked":["Feel No Pain","Rage"],"picked":"Flame Barrier","floor":1},{"not_picked":["Pummel","Anger"],"picked":"Body Slam","floor":2},{"not_picked":["True Grit","Havoc"],"picked":"Shrug It Off","floor":4},{"not_picked":["Thunderclap","Body Slam","Clash"],"picked":"SKIP","floor":5},{"not_picked":["Blood for Blood","Anger","Thunderclap"],"picked":"SKIP","floor":8},{"not_picked":["True Grit","Wild Strike"],"picked":"Ghostly Armor","floor":11},{"not_picked":["Evolve","Reckless Charge","Clash"],"picked":"SKIP","floor":13},{"not_picked":["Twin Strike","Disarm"],"picked":"Metallicize","floor":14},{"not_picked":["Impervious","Demon Form"],"picked":"Immolate","floor":16},{"not_picked":["Heavy Blade","Anger","Blood for Blood"],"picked":"SKIP","floor":18},{"not_picked":["Havoc","Twin Strike"],"picked":"Shrug It Off+1","floor":22}],"player_experience":192718,"relics_obtained":[{"floor":8,"key":"Shovel"},{"floor":9,"key":"Magic Flower"},{"floor":10,"key":"Matryoshka"},{"floor":15,"key":"Regal Pillow"}],"event_choices":[{"event_name":"Scrap Ooze","player_choice":"success","floor":3,"damage_taken":12},{"event_name":"World of Goop","player_choice":"Gather Gold","floor":7,"damage_taken":0},{"event_name":"Forgotten Altar","player_choice":"Shed Blood","floor":19,"damage_taken":0},{"event_name":"Ghosts","player_choice":"Ignored","floor":21,"damage_taken":0}],"boss_relics":[{"not_picked":["Philosopher\u0027s Stone","Orrery"],"picked":"Black Star"}],"items_purged_floors":[20],"is_endless":false,"potions_floor_spawned":[1,2,8,13,14,22],"killed_by":"Slavers","ascension_level":0}