{"gold_per_floor":[110,123,139,153,18,18,29,29,77,77],"floor_reached":10,"playtime":521,"items_purged":[],"score":75,"play_id":"b71a0620-6fbe-4750-8ede-47aa0d7654cc","local_time":"20190614093728","is_ascension_mode":true,"campfire_choices":[{"floor":6,"key":"REST"}],"neow_cost":"NONE","seed_source_timestamp":1884929788089799,"circlet_count":0,"master_deck":["Strike_G","Strike_G","Strike_G","Strike_G","Strike_G","Defend_G","Defend_G","Defend_G","Defend_G","Defend_G","Survivor","Neutralize","Night Terror","Dagger Throw","Deadly Poison","Heel Hook","Escape Plan","Glass Knife","Backflip","Injury"],"relics":["Ring of the Snake","Golden Idol"],"potions_floor_usage":[10,10],"damage_taken":[{"damage":9,"enemies":"Cultist","floor":1,"turns":5},{"damage":4,"enemies":"Small Slimes","floor":2,"turns":4},{"damage":0,"enemies":"2 Louse","floor":3,"turns":2},{"damage":30,"enemies":"Lots of Slimes","floor":4,"turns":6},{"damage":18,"enemies":"Large Slime","floor":7,"turns":5},{"damage":30,"enemies":"Lagavulin","floor":10,"turns":7}],"seed_played":"-2252141049032919233","potions_obtained":[{"floor":3,"key":"Ancient Potion"},{"floor":7,"key":"Block Potion"}],"is_trial":false,"path_per_floor":["M","M","M","M","$","R","M","?","T","E"],"character_chosen":"THE_SILENT","items_purchased":["Glass Knife"],"campfire_rested":1,"item_purchase_floors":[5],"current_hp_per_floor":[61,57,57,27,27,48,30,30,30,0],"gold":77,"neow_bonus":"ONE_RANDOM_RARE_CARD","is_prod":false,"is_daily":false,"chose_seed":false,"campfire_upgraded":0,"win_rate":0,"timestamp":1560497848,"path_taken":["M","M","M","?","$","R","M","?","T","E"],"build_version":"2019-06-12","purchased_purges":0,"victory":false,"max_hp_per_floor":[70,70,70,70,70,70,70,70,70,70],"card_choices":[{"not_picked":["Deadly Poison","Flying Knee"],"picked":"Dagger Throw","floor":1},{"not_picked":["Deflect","Acrobatics"],"picked":"Deadly Poison","floor":2},{"not_picked":["Flechettes","Outmaneuver"],"picked":"Heel Hook","floor":3},{"not_picked":["Concentrate","Underhanded Strike"],"picked":"Escape Plan","floor":4},{"not_picked":["Tools of the Trade","Bouncing Flask"],"picked":"Backflip","floor":7}],"player_experience":379624,"relics_obtained":[],"event_choices":[{"damage_healed":0,"gold_gain":0,"player_choice":"Take Wound","damage_taken":0,"relics_obtained":["Golden Idol"],"max_hp_gain":0,"max_hp_loss":0,"event_name":"Golden Idol","floor":8,"gold_loss":0,"cards_obtained":["Injury"]}],"is_beta":true,"boss_relics":[],"items_purged_floors":[],"is_endless":false,"potions_floor_spawned":[3,7],"killed_by":"Lagavulin","ascension_level":5}