{"gold_per_floor":[110,126,140,218,231,231,251,276,276,294,324,324,4,27,27,147,177,196,196,196,2,2,2,15,15,315,315,338,359,359,382,382,506,506,524,8,8,26,26,26,49,49,72,72,93,112,136,161,161,161,161,161,5,41,41],"floor_reached":55,"playtime":4896,"items_purged":["Injury"],"score":708,"play_id":"94f2c62c-0fee-484f-b785-294722b164e8","local_time":"20190701104111","is_ascension_mode":false,"campfire_choices":[{"floor":15,"key":"RECALL"},{"data":"Body Slam","floor":23,"key":"SMITH"},{"data":"Barricade","floor":27,"key":"SMITH"},{"floor":32,"key":"REST"},{"data":"Apotheosis","floor":40,"key":"SMITH"},{"data":"Body Slam","floor":42,"key":"SMITH"},{"data":"Secret Weapon","floor":49,"key":"SMITH"},{"data":"True Grit","floor":52,"key":"SMITH"}],"neow_cost":"NONE","seed_source_timestamp":0,"circlet_count":0,"master_deck":["Strike_R","Strike_R","Strike_R","Strike_R","Strike_R","Defend_R","Defend_R","Defend_R","Bash","Flex","Shrug It Off","Wild Strike","Headbutt","Shrug It Off","Reaper","Pommel Strike","Armaments","Flex","Barricade+1","Clumsy","True Grit+1","Necronomicurse","Body Slam+1","Cleave","Body Slam+1","Iron Wave","Uppercut","Immolate","Dropkick","Apotheosis+1","Seeing Red+1","Anger+1","Secret Weapon+1","Dramatic Entrance","Panacea","Feel No Pain+1","Infernal Blade+1","Parasite","Uppercut+1","Disarm","Double Tap"],"special_seed":0,"relics":["Burning Blood","Bronze Scales","Ginger","Golden Idol","Self Forming Clay","Calling Bell","Tiny Chest","Pear","StoneCalendar","Necronomicon","Toy Ornithopter","Shuriken","Old Coin","Charon\u0027s Ashes","Empty Cage","ClockworkSouvenir","Centennial Puzzle","Potion Belt","Orichalcum","Strawberry","Gambling Chip"],"potions_floor_usage":[16,16,33,33,50,50,55],"damage_taken":[{"damage":6.0,"enemies":"Jaw Worm","floor":1.0,"turns":4.0},{"damage":2.0,"enemies":"2 Louse","floor":2.0,"turns":3.0},{"damage":1.0,"enemies":"Cultist","floor":3.0,"turns":3.0},{"damage":7.0,"enemies":"Looter","floor":5.0,"turns":3.0},{"damage":19.0,"enemies":"Exordium Thugs","floor":7.0,"turns":8.0},{"damage":29.0,"enemies":"Gremlin Nob","floor":8.0,"turns":5.0},{"damage":1,"enemies":"2 Fungi Beasts","floor":10,"turns":4},{"damage":26,"enemies":"Lagavulin","floor":11,"turns":6},{"damage":8,"enemies":"3 Louse","floor":14,"turns":2},{"damage":59,"enemies":"The Guardian","floor":16,"turns":15},{"damage":15,"enemies":"Chosen","floor":18,"turns":7},{"damage":14,"enemies":"Spheric Guardian","floor":24,"turns":5},{"damage":26,"enemies":"Cultist and Chosen","floor":28,"turns":7},{"damage":43,"enemies":"Centurion and Healer","floor":29,"turns":7},{"damage":17,"enemies":"Snake Plant","floor":31,"turns":3},{"damage":54,"enemies":"Champ","floor":33,"turns":12},{"damage":14,"enemies":"3 Darklings","floor":35,"turns":4},{"damage":0,"enemies":"3 Shapes","floor":38,"turns":2},{"damage":21,"enemies":"Writhing Mass","floor":41,"turns":6},{"damage":23,"enemies":"Jaw Worm Horde","floor":45,"turns":2},{"damage":7,"enemies":"Maw","floor":46,"turns":5},{"damage":23,"enemies":"Writhing Mass","floor":47,"turns":4},{"damage":8,"enemies":"Spire Growth","floor":48,"turns":4},{"damage":69,"enemies":"Time Eater","floor":50,"turns":9},{"damage":41,"enemies":"Shield and Spear","floor":54,"turns":3},{"damage":103,"enemies":"The Heart","floor":55,"turns":5}],"seed_played":"6753540165430610397","potions_obtained":[{"floor":1.0,"key":"BloodPotion"},{"floor":6.0,"key":"EssenceOfSteel"},{"floor":6.0,"key":"Regen Potion"},{"floor":28,"key":"Energy Potion"},{"floor":31,"key":"Dexterity Potion"},{"floor":33,"key":"Swift Potion"},{"floor":35,"key":"SteroidPotion"},{"floor":38,"key":"GamblersBrew"},{"floor":47,"key":"GamblersBrew"},{"floor":48,"key":"SteroidPotion"}],"is_trial":false,"path_per_floor":["M","M","M","?","M","?","M","E","T","M","E","?","$","M","R","B",null,"M","?","?","$","?","R","M","?","T","R","M","M","T","M","R","B",null,"M","$","?","M","T","R","M","R","T","?","M","M","M","M","R","B",null,"R","$","E","B"],"character_chosen":"IRONCLAD","items_purchased":["Self Forming Clay","Toy Ornithopter","ClockworkSouvenir","Apotheosis","Centennial Puzzle","Strawberry"],"campfire_rested":1,"item_purchase_floors":[13,21,36,36,36,53],"current_hp_per_floor":[88,88,88,88,87,87,74,51,51,62,42,42,42,40,40,8,98,93,93,77,77,77,77,69,69,69,69,57,32,32,21,50,15,98,90,90,90,96,96,96,88,88,88,78,61,84,98,96,96,40,98,98,105,70,0],"gold":41,"neow_bonus":"TEN_PERCENT_HP_BONUS","is_prod":false,"is_daily":false,"chose_seed":false,"campfire_upgraded":6,"win_rate":0,"timestamp":1561970471,"path_taken":["M","M","M","?","M","?","?","E","T","M","E","?","$","M","R","BOSS","M","?","?","$","?","R","M","?","T","R","M","?","?","M","R","BOSS","M","$","?","M","?","R","M","R","T","?","M","M","M","?","R","BOSS","R","$","E","BOSS"],"build_version":"2019-01-23","purchased_purges":1,"victory":false,"max_hp_per_floor":[88,88,88,88,88,88,88,88,88,88,88,88,88,88,88,88,98,98,98,98,98,98,98,98,98,98,98,98,98,98,98,98,98,98,98,98,98,98,98,98,98,98,98,98,98,98,98,98,98,98,98,98,105,105,105],"card_choices":[{"not_picked":["Power Through","Second Wind"],"picked":"Flex","floor":1.0},{"not_picked":["Warcry","True Grit"],"picked":"Shrug It Off","floor":2.0},{"not_picked":["Burning Pact","Corruption"],"picked":"Wild Strike","floor":3.0},{"not_picked":["Combust","Clash"],"picked":"Headbutt","floor":5.0},{"not_picked":["Twin Strike","Iron Wave"],"picked":"Shrug It Off","floor":7.0},{"not_picked":["Perfected Strike","Body Slam"],"picked":"Reaper","floor":8},{"not_picked":["Armaments","Warcry"],"picked":"Pommel Strike","floor":10},{"not_picked":["Infernal Blade","Corruption"],"picked":"Armaments","floor":11},{"not_picked":["Headbutt","Ghostly Armor"],"picked":"Flex","floor":14},{"not_picked":["Immolate","Demon Form"],"picked":"Barricade","floor":16},{"not_picked":["Havoc+1","Perfected Strike"],"picked":"True Grit","floor":18},{"not_picked":["Clash","Anger"],"picked":"Cleave","floor":24},{"not_picked":["Uppercut","Shockwave+1"],"picked":"Body Slam","floor":28},{"not_picked":["Twin Strike","Hemokinesis+1"],"picked":"Iron Wave","floor":29},{"not_picked":["Twin Strike","Fire Breathing"],"picked":"Uppercut","floor":31},{"not_picked":["Berserk","Double Tap"],"picked":"Immolate","floor":33},{"not_picked":["Sword Boomerang","Sever Soul+1"],"picked":"Dropkick","floor":35},{"not_picked":["Shrug It Off","Spot Weakness"],"picked":"Seeing Red+1","floor":38},{"not_picked":["Cleave","Warcry"],"picked":"Anger+1","floor":41},{"not_picked":["Secret Technique","Apotheosis"],"picked":"Secret Weapon","floor":44},{"not_picked":["Bandage Up","Magnetism"],"picked":"Dramatic Entrance","floor":44},{"not_picked":["Secret Weapon","Discovery"],"picked":"Panacea","floor":44},{"not_picked":["Clash+1","Shrug It Off"],"picked":"Feel No Pain+1","floor":45},{"not_picked":["Second Wind+1","Bloodletting"],"picked":"Infernal Blade+1","floor":46},{"not_picked":["Iron Wave+1","Clothesline"],"picked":"Uppercut+1","floor":47},{"not_picked":["Anger+1","Sword Boomerang+1"],"picked":"Disarm","floor":48},{"not_picked":["Wild Strike+1","Cleave+1"],"picked":"Double Tap","floor":54}],"player_experience":123851,"relics_obtained":[{"floor":8,"key":"Bronze Scales"},{"floor":11,"key":"Ginger"},{"floor":17,"key":"Tiny Chest"},{"floor":17,"key":"Pear"},{"floor":17,"key":"StoneCalendar"},{"floor":20,"key":"Necronomicon"},{"floor":26,"key":"Old Coin"},{"floor":30,"key":"Charon\u0027s Ashes"},{"floor":39,"key":"Potion Belt"},{"floor":43,"key":"Orichalcum"},{"floor":54,"key":"Gambling Chip"}],"event_choices":[{"damage_healed":0.0,"max_hp_gain":0.0,"max_hp_loss":0.0,"gold_gain":78.0,"event_name":"Golden Wing","player_choice":"Gained Gold","floor":4.0,"gold_loss":0.0,"damage_taken":0.0},{"damage_healed":0.0,"max_hp_gain":0.0,"max_hp_loss":0.0,"gold_gain":0.0,"event_name":"Lab","player_choice":"Got Potions","floor":6.0,"gold_loss":0.0,"damage_taken":0.0},{"damage_healed":0,"gold_gain":0,"player_choice":"Take Wound","damage_taken":0,"relics_obtained":["Golden Idol"],"max_hp_gain":0,"max_hp_loss":0,"event_name":"Golden Idol","floor":12,"gold_loss":0,"cards_obtained":["Injury"]},{"damage_healed":0,"gold_gain":0,"player_choice":"Ignored","damage_taken":0,"max_hp_gain":0,"max_hp_loss":0,"event_name":"Ghosts","floor":19,"gold_loss":0},{"damage_healed":0,"gold_gain":0,"player_choice":"Obtained Book","damage_taken":16,"max_hp_gain":0,"max_hp_loss":0,"event_name":"Cursed Tome","floor":20,"gold_loss":0},{"damage_healed":0,"gold_gain":0,"player_choice":"Read","damage_taken":0,"max_hp_gain":0,"max_hp_loss":0,"event_name":"The Library","floor":22,"gold_loss":0,"cards_obtained":["Body Slam"]},{"damage_healed":0,"gold_gain":0,"player_choice":"Gave Potion","damage_taken":0,"relics_obtained":["Shuriken"],"max_hp_gain":0,"max_hp_loss":0,"event_name":"WeMeetAgain","floor":25,"gold_loss":0},{"cards_removed":["Defend_R"],"damage_healed":0,"gold_gain":0,"player_choice":"Removed Skill","damage_taken":0,"max_hp_gain":0,"max_hp_loss":0,"event_name":"Falling","floor":37,"gold_loss":0},{"damage_healed":0,"gold_gain":0,"player_choice":"Memory 3","damage_taken":10,"max_hp_gain":0,"max_hp_loss":0,"event_name":"SensoryStone","floor":44,"gold_loss":0}],"is_beta":false,"boss_relics":[{"not_picked":["Fusion Hammer","Coffee Dripper"],"picked":"Calling Bell"},{"not_picked":["Busted Crown","Philosopher\u0027s Stone"],"picked":"Empty Cage"}],"items_purged_floors":[13],"is_endless":false,"potions_floor_spawned":[1,10,11,28,31,33,35,38,47,48],"killed_by":"The Heart","ascension_level":0}