{"gold_per_floor":[113,126,140,18,36,36,61,61,106,116,143,23,23,34,34,137,137,150,162,177,188,201,231,249,249],"floor_reached":25,"playtime":2587,"items_purged":["Strike_G"],"score":254,"play_id":"10717a6b-fbb3-43f6-8e13-ad5fc221c4c4","local_time":"20190311083920","is_ascension_mode":false,"campfire_choices":[{"data":"Accuracy","floor":6,"key":"SMITH"},{"data":"Cloak And Dagger","floor":8,"key":"SMITH"},{"floor":15,"key":"REST"}],"neow_cost":"NONE","seed_source_timestamp":325177854805006,"circlet_count":0,"master_deck":["Defend_G","Defend_G","Defend_G","Defend_G","Strike_G","Strike_G","Survivor","Neutralize","Poisoned Stab","Poisoned Stab","Cloak And Dagger+1","Accuracy+1","Blade Dance","Blade Dance","Poisoned Stab","Bane","Adrenaline","Slice","Caltrops","Tools of the Trade","Predator+1","All Out Attack+1","After Image+1","Acrobatics+1","Poisoned Stab","Endless Agony","Deflect+1","Slice","Blade Dance","Dash+1"],"relics":["Ring of the Snake","Odd Mushroom","Blood Vial","Bronze Scales","CultistMask","Astrolabe","Bag of Preparation"],"potions_floor_usage":[5,18,22,22],"damage_taken":[{"damage":1,"enemies":"Cultist","floor":1,"turns":5},{"damage":0,"enemies":"Jaw Worm","floor":2,"turns":4},{"damage":0,"enemies":"Small Slimes","floor":3,"turns":3},{"damage":0,"enemies":"Exordium Thugs","floor":5,"turns":4},{"damage":9,"enemies":"The Mushroom Lair","floor":7,"turns":4},{"damage":1,"enemies":"Blue Slaver","floor":10,"turns":4},{"damage":33,"enemies":"3 Sentries","floor":11,"turns":7},{"damage":0,"enemies":"Gremlin Gang","floor":14,"turns":4},{"damage":25,"enemies":"The Guardian","floor":16,"turns":9},{"damage":7,"enemies":"Shell Parasite","floor":18,"turns":4},{"damage":4,"enemies":"3 Byrds","floor":19,"turns":1},{"damage":6,"enemies":"Sentry and Sphere","floor":20,"turns":5},{"damage":20,"enemies":"Snake Plant","floor":21,"turns":3},{"damage":1,"enemies":"Snecko","floor":22,"turns":5},{"damage":34,"enemies":"Slavers","floor":23,"turns":5},{"damage":3,"enemies":"Centurion and Healer","floor":24,"turns":6}],"seed_played":"7874173310168079453","potions_obtained":[{"floor":2,"key":"Energy Potion"},{"floor":7,"key":"Ancient Potion"},{"floor":11,"key":"PowerPotion"},{"floor":14,"key":"Dexterity Potion"},{"floor":19,"key":"Dexterity Potion"},{"floor":23,"key":"Ancient Potion"}],"is_trial":false,"path_per_floor":["M","M","M","$","M","R","?","R","T","M","E","$","?","M","R","B",null,"M","M","M","M","M","E","M","?"],"character_chosen":"THE_SILENT","items_purchased":["Accuracy","Blade Dance","Slice"],"campfire_rested":1,"item_purchase_floors":[4,4,12],"current_hp_per_floor":[76,76,76,76,76,76,67,67,67,68,37,37,37,39,62,39,77,70,68,64,46,47,15,14,0],"gold":249,"neow_bonus":"TEN_PERCENT_HP_BONUS","is_prod":false,"is_daily":false,"chose_seed":false,"campfire_upgraded":2,"win_rate":0,"timestamp":1552311560,"path_taken":["M","M","M","?","M","R","?","R","T","M","E","?","?","M","R","BOSS","M","M","M","M","M","E","M","?"],"build_version":"2019-01-23","purchased_purges":1,"victory":false,"max_hp_per_floor":[77,77,77,77,77,77,77,77,77,77,77,77,77,77,77,77,77,77,77,77,77,77,77,77,82],"card_choices":[{"not_picked":["Dodge and Roll","Distraction"],"picked":"Poisoned Stab","floor":1},{"not_picked":["Bane","Finisher"],"picked":"Poisoned Stab","floor":2},{"not_picked":["Predator","PiercingWail"],"picked":"Cloak And Dagger","floor":3},{"not_picked":["Footwork","Caltrops"],"picked":"Blade Dance","floor":5},{"not_picked":["Dagger Spray","Backflip"],"picked":"Poisoned Stab","floor":7},{"not_picked":["Deflect","Dodge and Roll"],"picked":"Bane","floor":10},{"not_picked":["Slice","Endless Agony"],"picked":"Adrenaline","floor":11},{"not_picked":["Dodge and Roll","Bane"],"picked":"Caltrops","floor":14},{"not_picked":["Phantasmal Killer","Wraith Form v2"],"picked":"Tools of the Trade","floor":16},{"not_picked":["Deadly Poison","PiercingWail+1"],"picked":"Acrobatics+1","floor":18},{"not_picked":["Setup","PiercingWail+1"],"picked":"Poisoned Stab","floor":19},{"not_picked":["Reflex","Outmaneuver+1"],"picked":"Endless Agony","floor":20},{"not_picked":["Expertise","Riddle With Holes"],"picked":"Deflect+1","floor":21},{"not_picked":["Acrobatics","Dagger Spray"],"picked":"Slice","floor":22},{"not_picked":["Dodge and Roll","Distraction"],"picked":"Blade Dance","floor":23},{"not_picked":["Outmaneuver+1","Bouncing Flask"],"picked":"Dash+1","floor":24}],"player_experience":1152367,"relics_obtained":[{"floor":7,"key":"Odd Mushroom"},{"floor":9,"key":"Blood Vial"},{"floor":11,"key":"Bronze Scales"},{"floor":23,"key":"Bag of Preparation"}],"event_choices":[{"damage_healed":0,"gold_gain":0,"player_choice":"Fought Mushrooms","damage_taken":0,"max_hp_gain":0,"max_hp_loss":0,"event_name":"Mushrooms","floor":7,"gold_loss":0},{"damage_healed":0,"gold_gain":0,"player_choice":"Trade","damage_taken":0,"relics_obtained":["CultistMask"],"max_hp_gain":0,"max_hp_loss":0,"event_name":"FaceTrader","floor":13,"gold_loss":0}],"is_beta":false,"boss_relics":[{"not_picked":["Ectoplasm","Snecko Eye"],"picked":"Astrolabe"}],"items_purged_floors":[12],"is_endless":false,"potions_floor_spawned":[2,7,11,14,16,19,20,23],"ascension_level":0}