{"gold_per_floor":[117,135,135,149,169,169,203,222,249,249,279,279,305,58,58,132,132,146,146,157,170,199,225,225],"floor_reached":24,"playtime":2064,"items_purged":[],"score":455,"play_id":"a03fc3b3-a7c3-4ded-adb2-89e614878a2b","local_time":"20190326153454","is_ascension_mode":true,"campfire_choices":[{"floor":6,"key":"REST"},{"floor":12,"key":"REST"},{"data":"Zap","floor":15,"key":"SMITH"}],"neow_cost":"NONE","seed_source_timestamp":528815836833995,"circlet_count":0,"master_deck":["AscendersBane","Strike_B+1","Strike_B","Strike_B","Defend_B","Defend_B","Defend_B+1","Defend_B+1","Zap+1","Dualcast","Chaos+1","Conserve Battery","Ball Lightning+1","Ball Lightning","Barrage","Defragment+1","Sweeping Beam+1","Thunder Strike","Reboot","Cold Snap","RitualDagger","Turbo"],"relics":["Cracked Core","War Paint","Strawberry","Pen Nib","Whetstone","Pantograph","Busted Crown","Red Mask","Boot"],"potions_floor_usage":[16,16,16,18],"damage_taken":[{"damage":6,"enemies":"Small Slimes","floor":1,"turns":4},{"damage":1,"enemies":"2 Louse","floor":2,"turns":3},{"damage":7,"enemies":"Jaw Worm","floor":4,"turns":3},{"damage":13,"enemies":"Blue Slaver","floor":5,"turns":3},{"damage":27,"enemies":"Lagavulin","floor":7,"turns":5},{"damage":0,"enemies":"Looter","floor":8,"turns":2},{"damage":19,"enemies":"Gremlin Nob","floor":13,"turns":4},{"damage":0,"enemies":"Slime Boss","floor":16,"turns":4},{"damage":0,"enemies":"3 Byrds","floor":18,"turns":3},{"damage":0,"enemies":"Spheric Guardian","floor":20,"turns":2},{"damage":8,"enemies":"Snecko","floor":21,"turns":3},{"damage":22,"enemies":"Masked Bandits","floor":22,"turns":3},{"damage":28,"enemies":"Gremlin Leader","floor":23,"turns":7},{"damage":0,"enemies":"Centurion and Healer","floor":24,"turns":1}],"seed_played":"3681055470479766607","potions_obtained":[{"floor":4,"key":"Strength Potion"},{"floor":5,"key":"Explosive Potion"},{"floor":7,"key":"EntropicBrew"},{"floor":22,"key":"Poison Potion"}],"is_trial":false,"path_per_floor":["M","M","?","M","M","R","E","M","T","?","?","R","E","$","R","B",null,"M","?","M","M","?","E","M"],"character_chosen":"DEFECT","items_purchased":["Pantograph"],"campfire_rested":2,"item_purchase_floors":[14],"current_hp_per_floor":[62,61,46,39,26,48,21,21,28,28,28,52,33,33,33,58,76,76,70,70,62,40,12,12],"gold":225,"neow_bonus":"TRANSFORM_CARD","is_prod":false,"is_daily":false,"chose_seed":false,"campfire_upgraded":1,"win_rate":0,"timestamp":1553632494,"path_taken":["M","M","?","M","M","R","E","M","T","?","?","R","E","$","R","BOSS","M","?","M","M","?","E","M"],"build_version":"2019-01-23","purchased_purges":0,"victory":false,"max_hp_per_floor":[75,75,75,75,75,75,75,75,82,82,82,82,82,82,82,82,82,82,82,82,82,82,82,82],"card_choices":[{"not_picked":["FTL","Gash"],"picked":"Conserve Battery","floor":1},{"not_picked":["Turbo","Heatsinks"],"picked":"Ball Lightning","floor":2},{"not_picked":["Redo","White Noise"],"picked":"Ball Lightning","floor":4},{"not_picked":["Steam","Tempest"],"picked":"Barrage","floor":5},{"not_picked":["Fusion","Aggregate"],"picked":"Defragment","floor":7},{"not_picked":["Beam Cell","Force Field"],"picked":"Sweeping Beam","floor":8},{"not_picked":["Cold Snap","Beam Cell"],"picked":"Thunder Strike","floor":13},{"not_picked":["Multi-Cast","Amplify"],"picked":"Reboot","floor":16},{"not_picked":[],"picked":"Cold Snap","floor":18},{"not_picked":["Redo"],"picked":"SKIP","floor":20},{"not_picked":[],"picked":"Turbo","floor":21},{"not_picked":["Sunder"],"picked":"SKIP","floor":23}],"player_experience":1287534,"relics_obtained":[{"floor":7,"key":"War Paint"},{"floor":9,"key":"Strawberry"},{"floor":13,"key":"Whetstone"},{"floor":22,"key":"Red Mask"},{"floor":23,"key":"Boot"}],"event_choices":[{"damage_healed":0,"gold_gain":0,"player_choice":"Entered Light","damage_taken":15,"max_hp_gain":0,"max_hp_loss":0,"event_name":"Shining Light","floor":3,"gold_loss":0,"cards_upgraded":["Strike_B","Defend_B"]},{"damage_healed":0,"gold_gain":0,"player_choice":"Grow","damage_taken":0,"max_hp_gain":0,"max_hp_loss":0,"event_name":"Living Wall","floor":10,"gold_loss":0,"cards_upgraded":["Defragment"]},{"damage_healed":0,"gold_gain":30,"player_choice":"Searched \u00273\u0027 times","damage_taken":0,"relics_obtained":["Pen Nib"],"max_hp_gain":0,"max_hp_loss":0,"event_name":"Dead Adventurer","floor":11,"gold_loss":0},{"damage_healed":0,"gold_gain":0,"player_choice":"Joined the Cult","damage_taken":6,"max_hp_gain":0,"max_hp_loss":0,"event_name":"Nest","floor":19,"gold_loss":0,"cards_obtained":["RitualDagger"]},{"damage_healed":0,"gold_gain":0,"player_choice":"Fought Bandits","damage_taken":0,"max_hp_gain":0,"max_hp_loss":0,"event_name":"Masked Bandits","floor":22,"gold_loss":0}],"is_beta":false,"boss_relics":[{"not_picked":["Inserter","Runic Pyramid"],"picked":"Busted Crown"}],"items_purged_floors":[],"is_endless":false,"potions_floor_spawned":[4,5,7,8,22],"killed_by":"Centurion and Healer","ascension_level":13}