{"gold_per_floor":[111,111,126,51,51,51,77,77,77,94,106,106,181,197,197,293,293,306,320,320,320,332,360,360,373,396,53,103,118,136,150,150,150],"floor_reached":33,"playtime":2069,"items_purged":["Defend_R","Defend_R"],"score":269,"play_id":"22dabcd0-ce71-4c2d-b282-e1386f38cafd","local_time":"20180718113408","is_ascension_mode":false,"campfire_choices":[{"data":"Iron Wave","floor":6,"key":"SMITH"},{"data":"Headbutt","floor":8,"key":"SMITH"},{"floor":15,"key":"REST"},{"floor":24,"key":"REST"},{"floor":32,"key":"REST"}],"neow_cost":"TEN_PERCENT_HP_LOSS","seed_source_timestamp":1883872753636271,"circlet_count":0,"master_deck":["Strike_R+1","Strike_R+1","Defend_R","Bash+1","Headbutt+1","Iron Wave+1","Pommel Strike+1","Heavy Blade","Shrug It Off","Fiend Fire+1","Shrug It Off","Iron Wave","Flex","Seeing Red"],"relics":["Burning Blood","Whetstone","Unceasing Top","Mark of Pain","Frozen Egg 2","Bird Faced Urn","Boot","Singing Bowl"],"potions_floor_usage":[16,16,23,25,33],"damage_taken":[{"damage":6,"enemies":"Jaw Worm","floor":1,"turns":5},{"damage":3,"enemies":"2 Louse","floor":3,"turns":3},{"damage":15,"enemies":"3 Sentries","floor":7,"turns":8},{"damage":2,"enemies":"Small Slimes","floor":10,"turns":2},{"damage":7,"enemies":"Exordium Thugs","floor":11,"turns":4},{"damage":0,"enemies":"Looter","floor":14,"turns":3},{"damage":13,"enemies":"Slime Boss","floor":16,"turns":10},{"damage":5,"enemies":"Shell Parasite","floor":18,"turns":3},{"damage":9,"enemies":"Spheric Guardian","floor":19,"turns":4},{"damage":0,"enemies":"Snake Plant","floor":22,"turns":2},{"damage":48,"enemies":"Gremlin Leader","floor":23,"turns":8},{"damage":1,"enemies":"Cultist and Chosen","floor":25,"turns":5},{"damage":22,"enemies":"Sentry and Sphere","floor":29,"turns":4},{"damage":28,"enemies":"Snake Plant","floor":30,"turns":4},{"damage":8,"enemies":"Snecko","floor":31,"turns":3},{"damage":81,"enemies":"Automaton","floor":33,"turns":6}],"seed_played":"5076475751467028864","potions_obtained":[{"floor":3,"key":"Ancient Potion"},{"floor":10,"key":"Ancient Potion"},{"floor":11,"key":"Explosive Potion"},{"floor":14,"key":"Energy Potion"},{"floor":18,"key":"SkillPotion"},{"floor":23,"key":"Swift Potion"},{"floor":31,"key":"Poison Potion"}],"is_trial":false,"path_per_floor":["M","?","M","$","?","R","E","R","T","M","M","?","?","M","R","B",null,"M","M","T","?","M","E","R","M","T","$","?","M","M","M","R"],"character_chosen":"IRONCLAD","items_purchased":["Singing Bowl"],"campfire_rested":3,"item_purchase_floors":[27],"current_hp_per_floor":[72,72,72,72,65,65,56,56,56,60,59,45,34,40,61,54,72,72,69,69,69,72,30,51,56,56,56,56,42,22,22,45,0],"gold":150,"neow_bonus":"REMOVE_TWO","is_prod":false,"is_daily":false,"chose_seed":false,"campfire_upgraded":2,"win_rate":0,"timestamp":1531931648,"path_taken":["M","?","M","$","?","R","E","R","T","M","?","?","?","M","R","BOSS","M","?","?","?","M","E","R","M","T","$","?","M","M","M","R","BOSS"],"build_version":"2018-07-12","purchased_purges":2,"victory":false,"max_hp_per_floor":[72,72,72,72,72,72,72,72,72,72,72,72,72,72,72,72,72,72,72,72,72,72,72,72,72,72,72,72,74,76,78,78,78],"card_choices":[{"not_picked":["Anger","Armaments"],"picked":"Headbutt","floor":1},{"not_picked":["Armaments","Burning Pact"],"picked":"Iron Wave","floor":3},{"not_picked":["Sever Soul","Rupture"],"picked":"Pommel Strike","floor":7},{"not_picked":["Bloodletting","Body Slam"],"picked":"Heavy Blade","floor":10},{"not_picked":["Sword Boomerang","Infernal Blade"],"picked":"Shrug It Off","floor":11},{"not_picked":["Heavy Blade","Offering","Clothesline"],"picked":"SKIP","floor":14},{"not_picked":["Limit Break","Berserk"],"picked":"Fiend Fire","floor":16},{"not_picked":["Power Through+1","Fire Breathing"],"picked":"Shrug It Off","floor":18},{"not_picked":["Infernal Blade","Uppercut","Anger"],"picked":"SKIP","floor":19},{"not_picked":["Carnage","Blood for Blood+1"],"picked":"Iron Wave","floor":22},{"not_picked":["Twin Strike","Searing Blow"],"picked":"Flex","floor":23},{"not_picked":["Twin Strike","Iron Wave"],"picked":"Seeing Red","floor":25},{"not_picked":["Hemokinesis","Flex","Wild Strike"],"picked":"Singing Bowl","floor":29},{"not_picked":["Havoc","Whirlwind","Shockwave"],"picked":"Singing Bowl","floor":30},{"not_picked":["Intimidate","Exhume","Shrug It Off"],"picked":"Singing Bowl","floor":31}],"player_experience":210177,"relics_obtained":[{"floor":7,"key":"Whetstone"},{"floor":9,"key":"Unceasing Top"},{"floor":20,"key":"Frozen Egg 2"},{"floor":23,"key":"Bird Faced Urn"},{"floor":26,"key":"Boot"}],"event_choices":[{"event_name":"Living Wall","player_choice":"Forget","floor":2,"damage_taken":0},{"event_name":"Golden Wing","player_choice":"Card Removal","floor":5,"damage_taken":0},{"event_name":"Shining Light","player_choice":"Entered Light","floor":12,"damage_taken":0},{"event_name":"World of Goop","player_choice":"Gather Gold","floor":13,"damage_taken":0},{"event_name":"Accursed Blacksmith","player_choice":"Forge","floor":21,"damage_taken":0},{"event_name":"The Joust","player_choice":"Bet on Murderer","floor":28,"damage_taken":0}],"boss_relics":[{"not_picked":["Eternal Feather","Black Star"],"picked":"Mark of Pain"}],"items_purged_floors":[4,27],"is_endless":false,"potions_floor_spawned":[3,10,11,14,18,23,31],"killed_by":"Automaton","ascension_level":0}