{"gold_per_floor":[19,19,19,33,46,46,46,46,46,63,77,152,179,199,199,199],"floor_reached":16,"playtime":1166,"items_purged":[],"score":92,"play_id":"6ba14d76-9c2f-4da2-98fd-b2f64a7e68a2","local_time":"20180709085048","is_ascension_mode":false,"campfire_choices":[{"data":"Searing Blow","floor":6,"key":"SMITH"},{"data":"Searing Blow+1","floor":8,"key":"SMITH"},{"data":"Searing Blow+2","floor":15,"key":"SMITH"}],"neow_cost":"NO_GOLD","seed_source_timestamp":1097412685410239,"circlet_count":0,"master_deck":["Strike_R","Strike_R","Strike_R","Defend_R","Defend_R","Defend_R","Bash","Battle Trance","Shrug It Off","Searing Blow+3","Iron Wave","Pommel Strike","Headbutt","Seeing Red"],"relics":["Burning Blood","Kunai","Odd Mushroom"],"potions_floor_usage":[16,16],"damage_taken":[{"damage":1,"enemies":"2 Louse","floor":1,"turns":3},{"damage":1,"enemies":"Cultist","floor":4,"turns":4},{"damage":7,"enemies":"Jaw Worm","floor":5,"turns":4},{"damage":18,"enemies":"Exordium Thugs","floor":10,"turns":6},{"damage":13,"enemies":"3 Louse","floor":11,"turns":4},{"damage":13,"floor":13,"turns":4},{"damage":0,"enemies":"Looter","floor":14,"turns":3},{"damage":52,"enemies":"The Guardian","floor":16,"turns":9}],"seed_played":"-1688597826728267379","potions_obtained":[{"floor":4,"key":"SpeedPotion"},{"floor":10,"key":"Swift Potion"},{"floor":13,"key":"EssenceOfSteel"}],"is_trial":false,"path_per_floor":["M","?","$","M","M","R","?","R","T","M","M","?","?","M","R"],"character_chosen":"IRONCLAD","items_purchased":[],"campfire_rested":0,"item_purchase_floors":[],"current_hp_per_floor":[80,80,80,80,79,79,79,79,79,67,60,49,42,48,48,0],"gold":199,"neow_bonus":"TRANSFORM_TWO_CARDS","is_prod":false,"is_daily":false,"chose_seed":false,"campfire_upgraded":3,"win_rate":0,"timestamp":1531144248,"path_taken":["M","?","$","M","M","R","?","R","T","M","?","?","?","?","R","BOSS"],"build_version":"2018-07-05","purchased_purges":0,"victory":false,"max_hp_per_floor":[80,80,80,80,80,80,80,80,80,80,80,80,80,80,80,80],"card_choices":[{"not_picked":["Clash","Heavy Blade"],"picked":"Shrug It Off","floor":1},{"not_picked":["Sword Boomerang","Clothesline"],"picked":"Searing Blow","floor":4},{"not_picked":["Rupture","Pummel","Clothesline"],"picked":"SKIP","floor":5},{"not_picked":["Sword Boomerang","Metallicize"],"picked":"Iron Wave","floor":10},{"not_picked":["Shockwave","Iron Wave"],"picked":"Pommel Strike","floor":11},{"not_picked":["Twin Strike","Heavy Blade"],"picked":"Headbutt","floor":13},{"not_picked":["Burning Pact","Body Slam"],"picked":"Seeing Red","floor":14}],"player_experience":116398,"relics_obtained":[{"floor":9,"key":"Kunai"},{"floor":13,"key":"Odd Mushroom"}],"event_choices":[{"event_name":"Purifier","player_choice":"One Purge","floor":2,"damage_taken":0},{"event_name":"Bonfire Elementals","player_choice":"BASIC","floor":7,"damage_taken":0},{"event_name":"World of Goop","player_choice":"Gather Gold","floor":12,"damage_taken":0},{"event_name":"Mushrooms","player_choice":"Fought Mushrooms","floor":13,"damage_taken":0}],"boss_relics":[],"items_purged_floors":[],"is_endless":false,"potions_floor_spawned":[4,10,13],"killed_by":"The Guardian","ascension_level":0}