{"gold_per_floor":[118,68,68,83,358,358,369,382,436,34,47,72,88,113,113,187,187,203,203,7,7,18,18,18,35,35,64,64,98,13,28,28,105,105,123,123,523,523,328,328,355,355,355,355,367,377,46,64,64,64],"floor_reached":51,"playtime":3830,"items_purged":["Regret"],"score":1262,"play_id":"36656d25-6a5a-4605-95e4-458d7dc4b6a2","local_time":"20190328214803","is_ascension_mode":true,"campfire_choices":[{"data":"Zap","floor":6.0,"key":"SMITH"},{"data":"Thunder Strike","floor":15.0,"key":"SMITH"},{"floor":24.0,"key":"REST"},{"floor":28.0,"key":"REST"},{"data":"Thunder Strike","floor":32.0,"key":"SMITH"},{"floor":40.0,"key":"REST"},{"data":"Tempest","floor":42.0,"key":"SMITH"},{"data":"Dualcast","floor":44.0,"key":"SMITH"},{"floor":49.0,"key":"REST"}],"neow_cost":"NONE","seed_source_timestamp":0,"circlet_count":0,"master_deck":["AscendersBane","Strike_B","Strike_B","Defend_B","Defend_B","Defend_B","Defend_B","Zap+1","Dualcast+1","Ball Lightning","Barrage","Compile Driver","Leap","Thunder Strike+1","Steam","Cold Snap","Tempest+1","Cold Snap","Electrodynamics","Hologram+1","Thunder Strike+1","Double Energy+1","BootSequence","Normality","Conserve Battery+1","Thunder Strike+1","Conserve Battery+1","Thunder Strike","Turbo+1","Madness+1","Madness+1","Cold Snap","Apotheosis+1","Chill+1","Steam Power+1","Hologram+1","Seek+1","Conserve Battery+1","Ball Lightning"],"special_seed":0,"relics":["Cracked Core","Bag of Marbles","Meat on the Bone","Regal Pillow","WingedGreaves","Cursed Key","DollysMirror","FossilizedHelix","Toxic Egg 2","Darkstone Periapt","Ice Cream","Omamori","Nuclear Battery","Old Coin","Runic Capacitor","PreservedInsect","Bottled Flame","Happy Flower"],"potions_floor_usage":[],"damage_taken":[{"damage":1.0,"enemies":"Cultist","floor":1.0,"turns":4.0},{"damage":2.0,"enemies":"Jaw Worm","floor":4.0,"turns":3.0},{"damage":5.0,"enemies":"2 Louse","floor":7.0,"turns":2.0},{"damage":25.0,"enemies":"Lots of Slimes","floor":8.0,"turns":4.0},{"damage":3.0,"enemies":"Looter","floor":11.0,"turns":3.0},{"damage":10.0,"enemies":"Gremlin Nob","floor":12.0,"turns":3.0},{"damage":7.0,"enemies":"3 Louse","floor":13.0,"turns":3.0},{"damage":20.0,"enemies":"3 Sentries","floor":14.0,"turns":5.0},{"damage":36.0,"enemies":"The Guardian","floor":16.0,"turns":8.0},{"damage":1.0,"enemies":"3 Byrds","floor":18.0,"turns":3.0},{"damage":18.0,"enemies":"2 Thieves","floor":22.0,"turns":4.0},{"damage":6.0,"enemies":"Cultist and Chosen","floor":25.0,"turns":3.0},{"damage":44.0,"enemies":"Slavers","floor":27.0,"turns":4.0},{"damage":6.0,"enemies":"Gremlin Leader","floor":29.0,"turns":4.0},{"damage":17.0,"enemies":"Snake Plant","floor":31.0,"turns":4.0},{"damage":24.0,"enemies":"Champ","floor":33.0,"turns":6.0},{"damage":0.0,"enemies":"3 Shapes","floor":35.0,"turns":3.0},{"damage":19.0,"enemies":"Mind Bloom Boss Battle","floor":37.0,"turns":5.0},{"damage":0.0,"enemies":"Giant Head","floor":41.0,"turns":5.0},{"damage":32.0,"enemies":"3 Darklings","floor":45.0,"turns":6.0},{"damage":0.0,"enemies":"4 Shapes","floor":46.0,"turns":3.0},{"damage":0.0,"enemies":"Maw","floor":48.0,"turns":4.0},{"damage":24,"enemies":"Donu and Deca","floor":50,"turns":4}],"seed_played":"433343539398619349","potions_obtained":[{"floor":8.0,"key":"GamblersBrew"},{"floor":14.0,"key":"Regen Potion"},{"floor":16.0,"key":"Fire Potion"},{"floor":22.0,"key":"FearPotion"},{"floor":27.0,"key":"EssenceOfSteel"},{"floor":35.0,"key":"PowerPotion"},{"floor":41.0,"key":"Regen Potion"}],"is_trial":false,"path_per_floor":["M","?","?","M","?","R","M","M","T","$","M","E","M","E","R","B",null,"M","?","$","?","M","$","R","M","T","E","R","E","?","M","R","B",null,"M","?","?","?","$","R","E","R","T","R","M","M","$","M","R","B",null],"character_chosen":"DEFECT","items_purchased":["Thunder Strike","Meat on the Bone","DollysMirror","Runic Capacitor","Happy Flower","Seek+1","Conserve Battery+1"],"campfire_rested":4,"item_purchase_floors":[10,10,20,39,47,47,47],"current_hp_per_floor":[70,70,63,61,61,61,56,31,31,31,40,42,47,39,39,30,66,65,65,65,65,47,47,78,72,72,40,78,72,72,55,55,43,69,69,59,40,40,40,78,78,78,78,78,46,46,46,55,78,54],"gold":64,"neow_bonus":"TEN_PERCENT_HP_BONUS","is_prod":false,"is_daily":false,"chose_seed":false,"campfire_upgraded":5,"win_rate":0,"timestamp":1553827683,"path_taken":["M","?","?","M","?","R","M","?","T","$","M","E","M","E","R","BOSS","M","?","$","?","M","$","R","M","T","E","R","E","?","M","R","BOSS","M","?","?","?","$","R","E","R","T","R","M","M","$","M","R","BOSS"],"build_version":"2019-01-23","purchased_purges":1,"victory":true,"max_hp_per_floor":[78,78,78,78,78,78,78,78,78,78,78,78,78,78,78,78,78,78,78,78,78,78,78,78,78,78,78,78,78,78,78,78,78,78,78,78,78,78,78,78,78,78,78,78,78,78,78,78,78,78],"card_choices":[{"not_picked":["Coolheaded","Gash"],"picked":"Ball Lightning","floor":1.0},{"not_picked":["Stack","Go for the Eyes"],"picked":"Barrage","floor":4.0},{"not_picked":["Rebound","Go for the Eyes"],"picked":"Compile Driver","floor":7.0},{"not_picked":["Redo","Steam"],"picked":"Leap","floor":8.0},{"not_picked":["Redo","BootSequence"],"picked":"Steam","floor":11.0},{"not_picked":["Blizzard","Barrage"],"picked":"Cold Snap","floor":12.0},{"not_picked":["Machine Learning","Cold Snap"],"picked":"Tempest","floor":13.0},{"not_picked":["Barrage","Hologram"],"picked":"Cold Snap","floor":14.0},{"not_picked":["Fission","Reboot"],"picked":"Electrodynamics","floor":16.0},{"not_picked":["Reprogram","Cold Snap+1"],"picked":"Hologram+1","floor":18.0},{"not_picked":["Recycle","Beam Cell"],"picked":"Double Energy+1","floor":22.0},{"not_picked":["Heatsinks","Aggregate"],"picked":"BootSequence","floor":25.0},{"not_picked":["Lockon","Melter"],"picked":"Conserve Battery+1","floor":27.0},{"not_picked":["Hologram+1","Hello World"],"picked":"Thunder Strike","floor":29.0},{"not_picked":["Rip and Tear+1","Storm+1"],"picked":"Conserve Battery+1","floor":31.0},{"not_picked":["All For One","Core Surge"],"picked":"Thunder Strike","floor":33.0},{"not_picked":["Rip and Tear","Consume+1"],"picked":"Turbo+1","floor":35.0},{"not_picked":["Redo+1","Sweeping Beam"],"picked":"Cold Snap","floor":37.0},{"not_picked":["Magnetism","Forethought+1"],"picked":"Apotheosis+1","floor":38.0},{"not_picked":["Scrape","Recycle+1"],"picked":"Chill+1","floor":41.0},{"not_picked":["Undo+1","Coolheaded+1"],"picked":"Steam Power+1","floor":45.0},{"not_picked":["Reinforced Body+1","Go for the Eyes"],"picked":"Hologram+1","floor":46.0},{"not_picked":["Redo+1","Cold Snap"],"picked":"Ball Lightning","floor":48.0}],"player_experience":1299559,"relics_obtained":[{"floor":9.0,"key":"Bag of Marbles"},{"floor":12.0,"key":"Regal Pillow"},{"floor":14.0,"key":"WingedGreaves"},{"floor":26.0,"key":"Toxic Egg 2"},{"floor":27.0,"key":"Darkstone Periapt"},{"floor":29.0,"key":"Ice Cream"},{"floor":37.0,"key":"Old Coin"},{"floor":41.0,"key":"PreservedInsect"},{"floor":43.0,"key":"Bottled Flame"}],"event_choices":[{"cards_removed":["Strike_B"],"damage_healed":0.0,"max_hp_gain":0.0,"max_hp_loss":0.0,"gold_gain":0.0,"event_name":"The Cleric","player_choice":"Card Removal","floor":2.0,"gold_loss":50.0,"damage_taken":0.0},{"cards_removed":["Strike_B"],"damage_healed":0.0,"max_hp_gain":0.0,"max_hp_loss":0.0,"gold_gain":0.0,"event_name":"Golden Wing","player_choice":"Card Removal","floor":3.0,"gold_loss":0.0,"damage_taken":7.0},{"damage_healed":0.0,"max_hp_gain":0.0,"max_hp_loss":0.0,"gold_gain":275.0,"event_name":"Golden Shrine","player_choice":"Desecrate","floor":5.0,"gold_loss":0.0,"damage_taken":0.0,"cards_obtained":["Regret"]},{"damage_healed":0.0,"max_hp_gain":0.0,"max_hp_loss":0.0,"gold_gain":0.0,"event_name":"Vampires","player_choice":"Ignored","floor":19.0,"gold_loss":0.0,"damage_taken":0.0},{"damage_healed":0.0,"max_hp_gain":0.0,"max_hp_loss":0.0,"gold_gain":0.0,"event_name":"The Mausoleum","player_choice":"Opened","floor":21.0,"gold_loss":0.0,"damage_taken":0.0,"relics_obtained":["FossilizedHelix"]},{"damage_healed":0.0,"max_hp_gain":0.0,"max_hp_loss":0.0,"gold_gain":0.0,"event_name":"Addict","player_choice":"Obtained Relic","floor":30.0,"gold_loss":85.0,"damage_taken":0.0,"relics_obtained":["Omamori"]},{"damage_healed":0.0,"max_hp_gain":0.0,"max_hp_loss":0.0,"gold_gain":0.0,"event_name":"Winding Halls","player_choice":"Embrace Madness","floor":36.0,"gold_loss":0.0,"damage_taken":10.0,"cards_obtained":["Madness","Madness"]},{"damage_healed":0.0,"max_hp_gain":0.0,"max_hp_loss":0.0,"gold_gain":0.0,"event_name":"MindBloom","player_choice":"Fight","floor":37.0,"gold_loss":0.0,"damage_taken":0.0},{"damage_healed":0.0,"max_hp_gain":0.0,"max_hp_loss":0.0,"gold_gain":0.0,"event_name":"SensoryStone","player_choice":"Memory 1","floor":38.0,"gold_loss":0.0,"damage_taken":0.0}],"is_beta":false,"boss_relics":[{"not_picked":["Fusion Hammer","Pandora\u0027s Box"],"picked":"Cursed Key"},{"not_picked":["Lizard Tail","Coffee Dripper"],"picked":"Nuclear Battery"}],"items_purged_floors":[10],"is_endless":false,"potions_floor_spawned":[8,14,16,22,27,29,35,41,45,46],"ascension_level":14}