{"gold_per_floor":[119,132,207,219,71,71,92,156,207,207,382,382,397,15,15,119,119,132,47,60,160,7,7,27,43,66,84,96,96,96,96,96,200,200,213,6,16,16,16,45,63,27,27,45,70,81,6,19,19,19],"floor_reached":50,"playtime":3991,"items_purged":[],"score":577,"play_id":"64285df4-8598-4150-ba1c-aaa446cf1c8f","local_time":"20181120101700","is_ascension_mode":false,"campfire_choices":[{"data":"Streamline","floor":6.0,"key":"SMITH"},{"data":"Barrage","floor":12.0,"key":"SMITH"},{"floor":15.0,"key":"REST"},{"floor":23.0,"key":"REST"},{"data":"Zap","floor":29.0,"key":"SMITH"},{"data":"Dualcast","floor":32.0,"key":"SMITH"},{"data":"Rainbow","floor":49.0,"key":"SMITH"}],"neow_cost":"NONE","seed_source_timestamp":0,"circlet_count":0,"master_deck":["Strike_B","Strike_B","Defend_B","Defend_B","Defend_B","Defend_B","Zap+1","Dualcast+1","Streamline+1","Ball Lightning","Rebound","Barrage+1","Self Repair","Sweeping Beam","Defragment","Ball Lightning+1","Doom and Gloom","Dramatic Entrance","Rainbow+1","Compile Driver","BootSequence+1","Beam Cell","Lockon+1","Strike_B","Thunder Strike","Rebound+1","Doom and Gloom+1","Go for the Eyes","Auto Shields","Leap+1","Ball Lightning","Leap","Stack+1"],"special_seed":0,"relics":["Cracked Core","Boot","Regal Pillow","Odd Mushroom","Tiny Chest","Oddly Smooth Stone","Pantograph","Vajra","Busted Crown","Ornamental Fan","Incense Burner","Shuriken","Omamori","Orichalcum","Empty Cage","Whetstone","Symbiotic Virus","Meat on the Bone","PreservedInsect","Juzu Bracelet"],"potions_floor_usage":[],"damage_taken":[{"damage":6.0,"enemies":"Jaw Worm","floor":1.0,"turns":3.0},{"damage":1.0,"enemies":"2 Louse","floor":2.0,"turns":2.0},{"damage":0.0,"enemies":"Small Slimes","floor":4.0,"turns":3.0},{"damage":16.0,"enemies":"The Mushroom Lair","floor":7.0,"turns":4.0},{"damage":16.0,"enemies":"Gremlin Nob","floor":8.0,"turns":3.0},{"damage":10.0,"enemies":"Looter","floor":13.0,"turns":2.0},{"damage":0.0,"enemies":"Slime Boss","floor":16.0,"turns":5.0},{"damage":4.0,"enemies":"Chosen","floor":18.0,"turns":2.0},{"damage":2.0,"enemies":"3 Byrds","floor":20.0,"turns":3.0},{"damage":16.0,"enemies":"Colosseum Slavers","floor":21.0,"turns":4.0},{"damage":33.0,"enemies":"Colosseum Nobs","floor":21.0,"turns":4.0},{"damage":10.0,"enemies":"Snake Plant","floor":24.0,"turns":3.0},{"damage":6.0,"enemies":"Shelled Parasite and Fungi","floor":25.0,"turns":4.0},{"damage":0.0,"enemies":"Centurion and Healer","floor":27.0,"turns":4.0},{"damage":0.0,"enemies":"Cultist and Chosen","floor":28.0,"turns":3.0},{"damage":37.0,"enemies":"Collector","floor":33.0,"turns":7.0},{"damage":3.0,"enemies":"Orb Walker","floor":35.0,"turns":3.0},{"damage":0.0,"enemies":"3 Shapes","floor":37.0,"turns":4.0},{"damage":50.0,"enemies":"Giant Head","floor":40.0,"turns":8.0},{"damage":8.0,"enemies":"3 Darklings","floor":41.0,"turns":3.0},{"damage":1.0,"enemies":"Transient","floor":44.0,"turns":5.0},{"damage":16.0,"enemies":"Nemesis","floor":45.0,"turns":5.0},{"damage":6.0,"enemies":"Maw","floor":46.0,"turns":5.0},{"damage":25.0,"enemies":"Spire Growth","floor":48.0,"turns":4.0},{"damage":55,"enemies":"Awakened One","floor":50,"turns":11}],"seed_played":"-1299085858532419680","potions_obtained":[{"floor":2.0,"key":"GamblersBrew"},{"floor":8.0,"key":"Energy Potion"},{"floor":13.0,"key":"LiquidBronze"},{"floor":16.0,"key":"Fire Potion"},{"floor":20.0,"key":"Explosive Potion"},{"floor":21.0,"key":"Weak Potion"},{"floor":28.0,"key":"SkillPotion"},{"floor":37.0,"key":"SkillPotion"},{"floor":44.0,"key":"FearPotion"}],"is_trial":false,"path_per_floor":["M","M","?","M","$","R","?","E","T","T","?","R","M","$","R","B",null,"M","?","M","?","$","R","M","M","T","M","M","R","?","?","R","B",null,"M","$","M","T","?","E","M","$","T","M","E","M","$","M","R","B"],"character_chosen":"DEFECT","items_purchased":["Regal Pillow","Vajra","Defragment","Ball Lightning","Doom and Gloom","Dramatic Entrance","Omamori","Rebound","Whetstone","Auto Shields","Ball Lightning","Leap"],"campfire_rested":2,"item_purchase_floors":[5,14,14,14,14,14,22,36,36,42,47,47],"current_hp_per_floor":[69,68,57,57,57,57,41,25,25,25,25,25,22,22,59,75,75,71,71,69,27,27,64,54,55,55,62,62,62,62,62,62,45,75,72,72,72,72,72,29,33,33,33,51,54,55,55,42,42,12],"gold":19,"neow_bonus":"RANDOM_COMMON_RELIC","is_prod":false,"is_daily":false,"chose_seed":false,"campfire_upgraded":5,"win_rate":0,"timestamp":1542730620,"path_taken":["M","M","?","M","$","R","?","E","T","?","?","R","M","?","R","BOSS","M","?","M","?","$","R","M","M","T","M","M","R","?","?","R","BOSS","M","$","?","?","?","E","M","$","T","M","E","M","?","M","R","BOSS"],"build_version":"2018-11-15","purchased_purges":0,"victory":false,"max_hp_per_floor":[75,75,75,75,75,75,75,75,75,75,75,75,75,75,75,75,75,75,75,75,75,75,75,75,75,75,75,75,75,75,75,75,75,75,75,75,75,75,75,75,75,75,75,75,75,75,75,75,75,75],"card_choices":[{"not_picked":["Hologram","Beam Cell"],"picked":"Streamline","floor":1.0},{"not_picked":["Conserve Battery","Undo"],"picked":"Ball Lightning","floor":2.0},{"not_picked":["Gash","Go for the Eyes"],"picked":"Rebound","floor":4.0},{"not_picked":["Hologram","Fusion"],"picked":"Barrage","floor":7.0},{"not_picked":["Force Field","Steam"],"picked":"Self Repair","floor":8.0},{"not_picked":["Hologram","Coolheaded"],"picked":"Sweeping Beam","floor":13.0},{"not_picked":["Multi-Cast","Creative AI"],"picked":"Rainbow","floor":16.0},{"not_picked":[],"picked":"Compile Driver","floor":18.0},{"not_picked":[],"picked":"BootSequence+1","floor":20.0},{"not_picked":[],"picked":"Beam Cell","floor":21.0},{"not_picked":[],"picked":"Lockon+1","floor":24.0},{"not_picked":["Stack"],"picked":"SKIP","floor":25.0},{"not_picked":["Hello World"],"picked":"SKIP","floor":27.0},{"not_picked":["Stack"],"picked":"SKIP","floor":28.0},{"not_picked":[],"picked":"Thunder Strike","floor":33.0},{"not_picked":["Fusion+1"],"picked":"SKIP","floor":35.0},{"not_picked":["Reprogram+1"],"picked":"SKIP","floor":37.0},{"not_picked":[],"picked":"Doom and Gloom+1","floor":40.0},{"not_picked":[],"picked":"Go for the Eyes","floor":41.0},{"not_picked":["Reprogram+1"],"picked":"SKIP","floor":44.0},{"not_picked":["Consume"],"picked":"SKIP","floor":45.0},{"not_picked":[],"picked":"Leap+1","floor":46.0},{"not_picked":[],"picked":"Stack+1","floor":48.0}],"player_experience":1033098,"relics_obtained":[{"floor":7.0,"key":"Odd Mushroom"},{"floor":8.0,"key":"Tiny Chest"},{"floor":9.0,"key":"Oddly Smooth Stone"},{"floor":10.0,"key":"Pantograph"},{"floor":21.0,"key":"Incense Burner"},{"floor":21.0,"key":"Shuriken"},{"floor":26.0,"key":"Orichalcum"},{"floor":38.0,"key":"Symbiotic Virus"},{"floor":40.0,"key":"Meat on the Bone"},{"floor":43.0,"key":"PreservedInsect"},{"floor":45.0,"key":"Juzu Bracelet"}],"event_choices":[{"damage_healed":0.0,"max_hp_gain":0.0,"max_hp_loss":0.0,"gold_gain":75.0,"event_name":"World of Goop","player_choice":"Gather Gold","floor":3.0,"gold_loss":0.0,"damage_taken":11.0},{"damage_healed":0.0,"max_hp_gain":0.0,"max_hp_loss":0.0,"gold_gain":0.0,"event_name":"Mushrooms","player_choice":"Fought Mushrooms","floor":7.0,"gold_loss":0.0,"damage_taken":0.0},{"damage_healed":0.0,"max_hp_gain":0.0,"max_hp_loss":0.0,"gold_gain":175.0,"event_name":"Liars Game","player_choice":"AGREE","floor":11.0,"gold_loss":0.0,"damage_taken":0.0,"cards_obtained":["Doubt"]},{"damage_healed":0.0,"max_hp_gain":0.0,"max_hp_loss":0.0,"gold_gain":0.0,"event_name":"Addict","player_choice":"Obtained Relic","floor":19.0,"gold_loss":85.0,"damage_taken":0.0,"relics_obtained":["Ornamental Fan"]},{"damage_healed":0.0,"max_hp_gain":0.0,"max_hp_loss":0.0,"gold_gain":0.0,"event_name":"Colosseum","player_choice":"Fight","floor":21.0,"gold_loss":0.0,"damage_taken":0.0},{"damage_healed":0.0,"max_hp_gain":0.0,"max_hp_loss":0.0,"gold_gain":0.0,"event_name":"Colosseum","player_choice":"Fought Nobs","floor":21.0,"gold_loss":0.0,"damage_taken":0.0},{"damage_healed":0.0,"max_hp_gain":0.0,"max_hp_loss":0.0,"gold_gain":0.0,"event_name":"Ghosts","player_choice":"Ignored","floor":30.0,"gold_loss":0.0,"damage_taken":0.0},{"cards_removed":["Doubt"],"damage_healed":0.0,"max_hp_gain":0.0,"max_hp_loss":0.0,"gold_gain":0.0,"event_name":"NoteForYourself","player_choice":"Took Card","floor":31.0,"gold_loss":0.0,"damage_taken":0.0,"cards_obtained":["Strike_B"]},{"damage_healed":0.0,"max_hp_gain":0.0,"max_hp_loss":0.0,"gold_gain":0.0,"event_name":"SensoryStone","player_choice":"Memory 1","floor":39.0,"gold_loss":0.0,"damage_taken":0.0}],"is_beta":false,"boss_relics":[{"not_picked":["White Beast Statue","FrozenCore"],"picked":"Busted Crown"},{"not_picked":["Lizard Tail","Coffee Dripper"],"picked":"Empty Cage"}],"items_purged_floors":[],"is_endless":false,"potions_floor_spawned":[2,8,13,16,20,21,28,37,44],"killed_by":"Awakened One","ascension_level":0}