{"gold_per_floor":[119,119,14,89,38,71,88,88,88,118,118,129,141,151,151,248,248,248],"floor_reached":18,"playtime":1836,"items_purged":[],"score":187,"play_id":"d50c6498-bda4-4c3e-bfd6-11913e3ee2e3","local_time":"20180808150200","is_ascension_mode":true,"campfire_choices":[{"data":"Cloak And Dagger","floor":8,"key":"SMITH"},{"floor":15,"key":"REST"}],"neow_cost":"NONE","seed_source_timestamp":3711186735416922,"circlet_count":0,"master_deck":["Defend_G","Defend_G","Defend_G","Defend_G","Defend_G","Strike_G","Strike_G","Strike_G","Survivor","Neutralize+1","Blade Dance","Footwork","Blur","Cloak And Dagger+1","Escape Plan","Cloak And Dagger","Adrenaline","Sucker Punch","Backflip"],"relics":["Ring of the Snake","Ornamental Fan","Regal Pillow","Gambling Chip","GremlinMask","Empty Cage"],"potions_floor_usage":[10,16,16],"damage_taken":[{"damage":9,"enemies":"2 Louse","floor":1,"turns":4},{"damage":12,"enemies":"3 Sentries","floor":6,"turns":13},{"damage":0,"enemies":"Cultist","floor":7,"turns":5},{"damage":11,"enemies":"Gremlin Nob","floor":10,"turns":5},{"damage":0,"enemies":"Jaw Worm","floor":12,"turns":4},{"damage":0,"enemies":"Red Slaver","floor":13,"turns":6},{"damage":0,"enemies":"Exordium Wildlife","floor":14,"turns":7},{"damage":12,"enemies":"The Guardian","floor":16,"turns":18},{"damage":0,"enemies":"3 Byrds","floor":18,"turns":3}],"seed_played":"5575185304009036559","potions_obtained":[{"floor":6,"key":"Fire Potion"},{"floor":12,"key":"AttackPotion"},{"floor":13,"key":"PowerPotion"},{"floor":16,"key":"Swift Potion"}],"is_trial":false,"path_per_floor":["M","?","$","?","$","E","M","R","T","E","?","M","M","M","R","B",null],"character_chosen":"THE_SILENT","items_purchased":["Footwork","Blur","Cloak And Dagger"],"campfire_rested":1,"item_purchase_floors":[3,3,5],"current_hp_per_floor":[61,66,66,55,55,43,43,43,43,32,32,32,32,32,69,57,75,75],"gold":248,"neow_bonus":"UPGRADE_CARD","is_prod":false,"is_daily":false,"chose_seed":false,"campfire_upgraded":1,"win_rate":0,"timestamp":1533758520,"path_taken":["M","?","$","?","?","E","M","R","T","E","?","M","M","M","R","BOSS","M"],"build_version":"2018-08-02","purchased_purges":0,"victory":false,"max_hp_per_floor":[70,75,75,75,75,75,75,75,75,75,75,75,75,75,75,75,75,75],"card_choices":[{"not_picked":["Dagger Throw","Flying Knee"],"picked":"Blade Dance","floor":1},{"not_picked":["Reflex","Flying Knee"],"picked":"Escape Plan","floor":6},{"not_picked":["Deadly Poison","Slice"],"picked":"Cloak And Dagger","floor":7},{"not_picked":["Deflect","Finisher"],"picked":"Adrenaline","floor":10},{"not_picked":["Masterful Stab","Predator"],"picked":"Sucker Punch","floor":12},{"not_picked":["Underhanded Strike","PiercingWail"],"picked":"Backflip","floor":13},{"not_picked":["Predator","Slice","Prepared"],"picked":"SKIP","floor":14}],"player_experience":449461,"relics_obtained":[{"floor":6,"key":"Ornamental Fan"},{"floor":9,"key":"Regal Pillow"},{"floor":10,"key":"Gambling Chip"}],"event_choices":[{"event_name":"Big Fish","player_choice":"Donut","floor":2,"damage_taken":0},{"event_name":"World of Goop","player_choice":"Gather Gold","floor":4,"damage_taken":0},{"event_name":"FaceTrader","player_choice":"Trade","floor":11,"damage_taken":0}],"is_beta":false,"boss_relics":[{"not_picked":["Coffee Dripper","Busted Crown"],"picked":"Empty Cage"}],"items_purged_floors":[],"is_endless":false,"potions_floor_spawned":[6,12,13,16],"killed_by":"3 Byrds","ascension_level":2}