{"gold_per_floor":[16,32,32,32,32,32,7,7,7,7,7,23,44,88,88,207,207,230,230,230,230,145,145,173,173,173,55,66,66,79,95,95,190,190,207,49,64,64,74,74,101,116,195,211,211,224,224,10,10,10],"floor_reached":51,"playtime":2959,"items_purged":["Strike_R+1"],"score":760,"play_id":"753b6045-8de2-48b0-9ac9-21197fbd2d22","local_time":"20180729233113","is_ascension_mode":true,"campfire_choices":[{"data":"Flex","floor":6,"key":"SMITH"},{"data":"Shrug It Off","floor":8,"key":"SMITH"},{"data":"Bash","floor":11,"key":"SMITH"},{"floor":15,"key":"REST"},{"data":"RitualDagger","floor":23,"key":"SMITH"},{"data":"Pommel Strike","floor":25,"key":"SMITH"},{"floor":32,"key":"REST"},{"data":"Iron Wave","floor":40,"key":"SMITH"},{"data":"Spot Weakness","floor":45,"key":"SMITH"},{"data":"Cleave","floor":47,"key":"SMITH"},{"floor":49,"key":"REST"}],"neow_cost":"NO_GOLD","seed_source_timestamp":103313434377821,"circlet_count":0,"master_deck":["Strike_R+1","Strike_R+1","Strike_R+1","Defend_R+1","Defend_R+1","Defend_R+1","Bash+1","Spot Weakness+1","Flex+1","Shrug It Off+1","Pommel Strike+1","Battle Trance","Cleave+1","RitualDagger+1","Heavy Blade+1","Writhe","Iron Wave+1","Ghostly Armor+1","Impervious+1","Iron Wave+1","Madness+1","Madness+1","Inflame+1","Master of Strategy+1"],"relics":["Burning Blood","Charon\u0027s Ashes","Bloody Idol","Bottled Flame","Singing Bowl","Mark of Pain","Question Card","Toxic Egg 2","The Courier","Juzu Bracelet","Bird Faced Urn","Sozu","ClockworkSouvenir","Vajra","Kunai"],"potions_floor_usage":[13,24,33,33,41],"damage_taken":[{"damage":6,"enemies":"2 Louse","floor":1,"turns":4},{"damage":7,"enemies":"Small Slimes","floor":2,"turns":4},{"damage":0,"enemies":"Cultist","floor":12,"turns":3},{"damage":2,"enemies":"Large Slime","floor":13,"turns":5},{"damage":24,"enemies":"3 Sentries","floor":14,"turns":6},{"damage":53,"enemies":"The Guardian","floor":16,"turns":8},{"damage":7,"enemies":"Chosen","floor":18,"turns":3},{"damage":30,"enemies":"Slavers","floor":24,"turns":5},{"damage":5,"enemies":"3 Byrds","floor":28,"turns":5},{"damage":16,"enemies":"Snake Plant","floor":30,"turns":2},{"damage":17,"enemies":"Slaver and Parasite","floor":31,"turns":6},{"damage":51,"enemies":"Champ","floor":33,"turns":8},{"damage":9,"enemies":"Flame Bruiser 1 Orb","floor":35,"turns":3},{"damage":21,"enemies":"3 Shapes","floor":37,"turns":4},{"damage":14,"enemies":"Spire Growth","floor":39,"turns":3},{"damage":22,"enemies":"2 Orb Walkers","floor":41,"turns":4},{"damage":23,"enemies":"Maw","floor":42,"turns":6},{"damage":2,"enemies":"Transient","floor":44,"turns":5},{"damage":0,"enemies":"Flame Bruiser 2 Orb","floor":46,"turns":2},{"damage":55,"enemies":"Awakened One","floor":50,"turns":9}],"seed_played":"1028743488889243426","potions_obtained":[{"floor":1,"key":"Fire Potion"},{"floor":14,"key":"Poison Potion"},{"floor":18,"key":"Ancient Potion"},{"floor":30,"key":"Dexterity Potion"},{"floor":31,"key":"AttackPotion"}],"is_trial":false,"path_per_floor":["M","M","?","$","?","R","$","R","T","?","R","M","M","E","R","B",null,"M","?","?","?","?","R","E","R","T","$","M","?","M","M","R","B",null,"M","$","M","?","M","R","E","M","T","M","R","M","R","$","R","B"],"character_chosen":"IRONCLAD","items_purchased":["Shrug It Off","Juzu Bracelet","ClockworkSouvenir","Master of Strategy+1"],"campfire_rested":3,"item_purchase_floors":[7,27,36,48],"current_hp_per_floor":[80,79,59,59,59,59,59,59,59,59,59,65,69,51,75,30,82,81,75,75,75,75,75,56,56,56,56,64,64,59,53,78,38,84,84,84,76,65,64,64,55,45,50,59,59,72,72,72,94,47],"gold":10,"neow_bonus":"ONE_RARE_RELIC","is_prod":false,"is_daily":false,"chose_seed":false,"campfire_upgraded":8,"win_rate":0,"timestamp":1532925073,"path_taken":["M","M","?","$","?","R","$","R","T","?","R","?","M","E","R","BOSS","M","?","?","?","?","R","E","R","T","?","M","?","M","M","R","BOSS","M","$","M","?","M","R","E","M","T","M","R","M","R","?","R","BOSS"],"build_version":"2018-07-26","purchased_purges":1,"victory":true,"max_hp_per_floor":[80,80,80,80,80,80,80,80,80,80,80,80,80,80,80,82,82,82,82,82,82,82,82,82,82,82,82,84,84,84,84,84,84,84,84,84,86,86,88,88,90,92,92,92,92,94,94,94,94,94],"card_choices":[{"not_picked":["Reckless Charge","Wild Strike"],"picked":"Spot Weakness","floor":1},{"not_picked":["Dropkick","Feel No Pain"],"picked":"Flex","floor":2},{"not_picked":["Rupture","Thunderclap","Havoc"],"picked":"SKIP","floor":12},{"not_picked":["Thunderclap","Body Slam"],"picked":"Pommel Strike","floor":13},{"not_picked":["Flex","Warcry"],"picked":"Battle Trance","floor":14},{"not_picked":["Barricade","Demon Form","Impervious"],"picked":"Singing Bowl","floor":16},{"not_picked":["Clash","Twin Strike"],"picked":"Cleave","floor":18},{"not_picked":["Flame Barrier+1","Inflame","Limit Break"],"picked":"Heavy Blade+1","floor":24},{"not_picked":["Twin Strike","Whirlwind","Warcry+1","Havoc+1"],"picked":"Singing Bowl","floor":28},{"not_picked":["Armaments+1","Carnage","Sword Boomerang"],"picked":"Iron Wave","floor":30},{"not_picked":["Wild Strike","True Grit+1","Warcry+1"],"picked":"Ghostly Armor+1","floor":31},{"not_picked":["Barricade","Offering+1","Dark Embrace"],"picked":"Impervious+1","floor":33},{"not_picked":["Shrug It Off+1","Twin Strike","Cleave+1"],"picked":"Iron Wave+1","floor":35},{"not_picked":["Thunderclap","Shrug It Off+1","Corruption","Whirlwind"],"picked":"Singing Bowl","floor":37},{"not_picked":["Armaments+1","Iron Wave","Anger","Sword Boomerang+1"],"picked":"Singing Bowl","floor":39},{"not_picked":["Twin Strike","Fire Breathing+1","Second Wind+1","Corruption+1"],"picked":"Singing Bowl","floor":41},{"not_picked":["Reckless Charge","Dual Wield+1","Intimidate+1","Headbutt+1"],"picked":"Singing Bowl","floor":42},{"not_picked":["Uppercut","Disarm+1","Fire Breathing+1"],"picked":"Inflame+1","floor":44},{"not_picked":["Havoc+1","Iron Wave","Dual Wield+1","True Grit+1"],"picked":"Singing Bowl","floor":46}],"player_experience":373600,"relics_obtained":[{"floor":9,"key":"Bottled Flame"},{"floor":14,"key":"Singing Bowl"},{"floor":24,"key":"Toxic Egg 2"},{"floor":26,"key":"The Courier"},{"floor":41,"key":"Vajra"},{"floor":43,"key":"Kunai"}],"event_choices":[{"event_name":"Golden Idol","player_choice":"Take Damage","floor":3,"damage_taken":0},{"event_name":"Bonfire Elementals","player_choice":"BASIC","floor":5,"damage_taken":0},{"event_name":"Living Wall","player_choice":"Forget","floor":10,"damage_taken":0},{"event_name":"Nest","player_choice":"Joined the Cult","floor":19,"damage_taken":0},{"event_name":"Forgotten Altar","player_choice":"Gave Idol","floor":20,"damage_taken":0},{"event_name":"Back to Basics","player_choice":"Simplicity","floor":21,"damage_taken":0},{"event_name":"Addict","player_choice":"Obtained Relic","floor":22,"damage_taken":0},{"event_name":"The Mausoleum","player_choice":"Yes","floor":29,"damage_taken":0},{"event_name":"Winding Halls","player_choice":"Embrace Madness","floor":38,"damage_taken":0}],"is_beta":false,"boss_relics":[{"not_picked":["Calling Bell","Black Star"],"picked":"Mark of Pain"},{"not_picked":["Busted Crown","Snecko Eye"],"picked":"Sozu"}],"items_purged_floors":[48],"is_endless":false,"potions_floor_spawned":[1,14,18,30,31,37,39,42,44],"ascension_level":2}