{"gold_per_floor":[112,112,187,206,206,206,49,49,72,72,90,90,106,32,32,155,155,168,168,168,183,157,157,190,210,210,234,247,322,322,347,347,476,476,496,212,212,112,133,156,116,135,161,181,181,181,196,196,196,196],"floor_reached":51,"playtime":3892,"items_purged":["Writhe","Injury"],"score":607,"play_id":"4456c8e2-74d5-4cdf-8016-66223962de74","local_time":"20190609182218","is_ascension_mode":false,"campfire_choices":[{"data":"Zap","floor":6,"key":"SMITH"},{"data":"Dualcast","floor":10,"key":"SMITH"},{"floor":15,"key":"REST"},{"data":"Buffer","floor":23,"key":"SMITH"},{"floor":30,"key":"REST"},{"data":"Blizzard","floor":32,"key":"SMITH"},{"floor":45,"key":"REST"},{"data":"Streamline","floor":49,"key":"SMITH"}],"neow_cost":"NONE","seed_source_timestamp":2056692408893015,"circlet_count":0,"master_deck":["Strike_B","Strike_B","Strike_B","Strike_B","Defend_B","Defend_B","Defend_B","Zap+1","Dualcast+1","Coolheaded","Turbo+1","Chill+1","Defragment","Reboot","Cold Snap","Glacier","Buffer+1","Ball Lightning","Ball Lightning","Blizzard+1","Streamline+1","Self Repair","Hologram+1","Glacier","Skim","Blizzard+1","Seek","Barrage","Blizzard+1","Genetic Algorithm","Consume+1","Turbo+1"],"relics":["Cracked Core","Mercury Hourglass","Regal Pillow","Juzu Bracelet","Golden Idol","Inserter","Centennial Puzzle","Vajra","Boot","Busted Crown","DollysMirror","Lantern"],"potions_floor_usage":[18,18,25,27,31,50,50,50],"damage_taken":[{"damage":5,"enemies":"Small Slimes","floor":1,"turns":3},{"damage":1,"enemies":"Jaw Worm","floor":4,"turns":4},{"damage":0,"enemies":"Cultist","floor":11,"turns":3},{"damage":1,"enemies":"3 Louse","floor":13,"turns":3},{"damage":1,"enemies":"Slime Boss","floor":16,"turns":13},{"damage":1,"enemies":"3 Byrds","floor":18,"turns":5},{"damage":1,"enemies":"Shell Parasite","floor":21,"turns":5},{"damage":60,"enemies":"Slavers","floor":24,"turns":6},{"damage":8,"enemies":"Centurion and Healer","floor":25,"turns":7},{"damage":27,"enemies":"Snecko","floor":27,"turns":7},{"damage":3,"enemies":"Snake Plant","floor":28,"turns":5},{"damage":3,"enemies":"Chosen and Byrds","floor":31,"turns":5},{"damage":20,"enemies":"Collector","floor":33,"turns":11},{"damage":4,"enemies":"Orb Walker","floor":35,"turns":4},{"damage":5,"enemies":"3 Shapes","floor":39,"turns":3},{"damage":16,"enemies":"Spire Growth","floor":40,"turns":6},{"damage":11,"enemies":"Jaw Worm Horde","floor":42,"turns":4},{"damage":12,"enemies":"Transient","floor":44,"turns":5},{"damage":5,"enemies":"Writhing Mass","floor":47,"turns":9},{"damage":39,"enemies":"Awakened One","floor":50,"turns":11}],"seed_played":"-1585917024241135843","potions_obtained":[{"floor":1,"key":"Energy Potion"},{"floor":16,"key":"PowerPotion"},{"floor":21,"key":"LiquidBronze"},{"floor":24,"key":"Regen Potion"},{"floor":25,"key":"Regen Potion"},{"floor":27,"key":"Weak Potion"},{"floor":35,"key":"Dexterity Potion"},{"floor":47,"key":"SkillPotion"}],"is_trial":false,"path_per_floor":["M","?","?","M","?","R","$","?","T","R","M","?","M","$","R","B",null,"M","?","?","M","$","R","E","M","T","M","M","?","R","M","R","B",null,"M","$","?","$","M","M","?","M","T","M","R","?","M","?","R","B",null],"character_chosen":"DEFECT","items_purchased":["Regal Pillow","Glacier","Streamline","DollysMirror"],"campfire_rested":3,"item_purchase_floors":[7,14,22,36],"current_hp_per_floor":[70,70,59,58,25,25,25,25,25,25,25,25,24,24,61,60,75,74,74,74,73,73,73,13,27,27,19,16,9,46,50,50,30,75,71,71,71,71,66,57,57,46,46,34,71,71,73,73,73,34],"gold":196,"neow_bonus":"THREE_CARDS","is_prod":false,"is_daily":false,"chose_seed":false,"campfire_upgraded":5,"win_rate":0,"timestamp":1560122538,"path_taken":["M","?","?","M","?","R","$","?","T","R","M","?","M","$","R","BOSS","M","?","?","M","$","R","E","M","T","M","M","?","R","M","R","BOSS","M","$","?","?","M","M","?","M","T","M","R","?","M","?","R","BOSS"],"build_version":"2019-01-23","purchased_purges":2,"victory":true,"max_hp_per_floor":[75,75,75,75,75,75,75,75,75,75,75,75,75,75,75,75,75,75,75,75,75,75,75,75,75,75,75,75,75,75,75,75,75,75,75,75,75,75,75,75,75,75,75,75,75,75,75,75,75,75],"card_choices":[{"not_picked":["Rip and Tear","Fusion"],"picked":"Coolheaded","floor":0},{"not_picked":["BootSequence","Stack"],"picked":"Turbo","floor":1},{"not_picked":["Rebound","Self Repair"],"picked":"Chill","floor":4},{"not_picked":["FTL","Self Repair"],"picked":"Reboot","floor":11},{"not_picked":["Beam Cell","Sweeping Beam"],"picked":"Cold Snap","floor":13},{"not_picked":["Seek","Biased Cognition"],"picked":"Buffer","floor":16},{"not_picked":["White Noise+1","Steam Power"],"picked":"Ball Lightning","floor":18},{"not_picked":["Self Repair","Compile Driver"],"picked":"Blizzard","floor":21},{"not_picked":["Go for the Eyes","Capacitor"],"picked":"Self Repair","floor":24},{"not_picked":["Go for the Eyes","Rebound"],"picked":"Hologram+1","floor":25},{"not_picked":["Chaos","Compile Driver"],"picked":"Glacier","floor":27},{"not_picked":["Barrage","Steam"],"picked":"Skim","floor":28},{"not_picked":["Coolheaded","Sunder"],"picked":"Blizzard","floor":31},{"not_picked":["Multi-Cast","Thunder Strike"],"picked":"Seek","floor":33},{"not_picked":[],"picked":"Barrage","floor":35},{"not_picked":["Go for the Eyes"],"picked":"SKIP","floor":39},{"not_picked":[],"picked":"Genetic Algorithm","floor":40},{"not_picked":[],"picked":"Consume+1","floor":42},{"not_picked":[],"picked":"Turbo+1","floor":44},{"not_picked":["Leap"],"picked":"SKIP","floor":47}],"player_experience":1438254,"relics_obtained":[{"floor":9,"key":"Juzu Bracelet"},{"floor":24,"key":"Vajra"},{"floor":26,"key":"Boot"},{"floor":43,"key":"Lantern"}],"event_choices":[{"damage_healed":0,"gold_gain":0,"player_choice":"Grow","damage_taken":0,"max_hp_gain":0,"max_hp_loss":0,"event_name":"Living Wall","floor":2,"gold_loss":0,"cards_upgraded":["Turbo"]},{"damage_healed":0,"gold_gain":75,"player_choice":"Gather Gold","damage_taken":11,"max_hp_gain":0,"max_hp_loss":0,"event_name":"World of Goop","floor":3,"gold_loss":0},{"damage_healed":0,"gold_gain":0,"player_choice":"Success","damage_taken":33,"relics_obtained":["Mercury Hourglass"],"max_hp_gain":0,"max_hp_loss":0,"event_name":"Scrap Ooze","floor":5,"gold_loss":0},{"damage_healed":0,"gold_gain":0,"player_choice":"1 cards matched","damage_taken":0,"max_hp_gain":0,"max_hp_loss":0,"event_name":"Match and Keep!","floor":8,"gold_loss":0,"cards_obtained":["Defragment"]},{"damage_healed":0,"gold_gain":0,"player_choice":"Take Wound","damage_taken":0,"relics_obtained":["Golden Idol"],"max_hp_gain":0,"max_hp_loss":0,"event_name":"Golden Idol","floor":12,"gold_loss":0,"cards_obtained":["Injury"]},{"damage_healed":0,"gold_gain":0,"player_choice":"Read","damage_taken":0,"max_hp_gain":0,"max_hp_loss":0,"event_name":"The Library","floor":19,"gold_loss":0,"cards_obtained":["Ball Lightning"]},{"damage_healed":0,"gold_gain":0,"player_choice":"Opened","damage_taken":0,"relics_obtained":["Centennial Puzzle"],"max_hp_gain":0,"max_hp_loss":0,"event_name":"The Mausoleum","floor":20,"gold_loss":0,"cards_obtained":["Writhe"]},{"damage_healed":0,"gold_gain":75,"player_choice":"Touch","damage_taken":7,"max_hp_gain":0,"max_hp_loss":0,"event_name":"FaceTrader","floor":29,"gold_loss":0},{"damage_healed":0,"gold_gain":0,"player_choice":"Bought 0 Potions","damage_taken":0,"max_hp_gain":0,"max_hp_loss":0,"event_name":"The Woman in Blue","floor":37,"gold_loss":0},{"damage_healed":0,"gold_gain":0,"player_choice":"Upgrade","damage_taken":0,"max_hp_gain":0,"max_hp_loss":0,"event_name":"Designer","floor":41,"gold_loss":40,"cards_upgraded":["Blizzard"]},{"cards_removed":["Defend_B"],"damage_healed":0,"gold_gain":0,"player_choice":"Removed Skill","damage_taken":0,"max_hp_gain":0,"max_hp_loss":0,"event_name":"Falling","floor":46,"gold_loss":0},{"damage_healed":0,"gold_gain":0,"player_choice":"Forge","damage_taken":0,"max_hp_gain":0,"max_hp_loss":0,"event_name":"Accursed Blacksmith","floor":48,"gold_loss":0,"cards_upgraded":["Chill"]}],"is_beta":false,"boss_relics":[{"not_picked":["Nuclear Battery","Pandora\u0027s Box"],"picked":"Inserter"},{"not_picked":["Coffee Dripper","Astrolabe"],"picked":"Busted Crown"}],"items_purged_floors":[36,38],"is_endless":false,"potions_floor_spawned":[1,16,21,24,25,27,35,47],"ascension_level":0}