{"gold_per_floor":[112,187,187,187,204,204,129,129,156,181,221,233,145,145,145,145],"floor_reached":16,"playtime":482,"items_purged":["Defend_R","Strike_R"],"score":115,"play_id":"31e93874-cdeb-4043-a213-005ad6b1d499","local_time":"20190528140849","is_ascension_mode":true,"campfire_choices":[{"data":"Bash","floor":6.0,"key":"SMITH"},{"data":"Defend_R","floor":8.0,"key":"SMITH"},{"floor":15,"key":"REST"}],"neow_cost":"NONE","seed_source_timestamp":71039304755268,"circlet_count":0,"master_deck":["Strike_R","Strike_R+1","Strike_R+1","Defend_R+1","Defend_R","Defend_R","Bash+1"],"special_seed":0,"relics":["Burning Blood","NeowsBlessing","MawBank","Potion Belt"],"potions_floor_usage":[11],"damage_taken":[{"damage":0.0,"enemies":"Jaw Worm","floor":1.0,"turns":1.0},{"damage":0.0,"enemies":"Small Slimes","floor":5.0,"turns":1.0},{"damage":0.0,"enemies":"2 Louse","floor":10.0,"turns":1.0},{"damage":45,"enemies":"3 Sentries","floor":11,"turns":9},{"damage":61,"enemies":"Slime Boss","floor":16,"turns":5}],"seed_played":"-7234789249760428611","potions_obtained":[{"floor":1.0,"key":"PowerPotion"}],"is_trial":false,"path_per_floor":["M","?","?","?","M","R","$","R","T","M","E","?","$","?","R","B"],"character_chosen":"IRONCLAD","items_purchased":[],"campfire_rested":1,"item_purchase_floors":[],"current_hp_per_floor":[80,69,62,62,68,68,68,68,68,74,35,19,19,24,49,0],"gold":145,"neow_bonus":"THREE_ENEMY_KILL","is_prod":false,"is_daily":false,"chose_seed":false,"campfire_upgraded":2,"win_rate":0,"timestamp":1559045329,"path_taken":["M","?","?","?","M","R","$","R","T","M","E","?","$","?","R","BOSS"],"build_version":"2019-01-23","purchased_purges":2,"victory":false,"max_hp_per_floor":[80,80,80,80,80,80,80,80,80,80,80,80,80,85,85,85],"card_choices":[{"not_picked":["Clash","Headbutt","Dual Wield"],"picked":"SKIP","floor":1.0},{"not_picked":["Twin Strike","Anger","Thunderclap"],"picked":"SKIP","floor":5.0},{"not_picked":["Second Wind","Pummel","Wild Strike"],"picked":"SKIP","floor":10.0},{"not_picked":["Carnage","Cleave","Flex"],"picked":"SKIP","floor":11}],"player_experience":337605,"relics_obtained":[{"floor":9.0,"key":"MawBank"},{"floor":11,"key":"Potion Belt"}],"event_choices":[{"damage_healed":0.0,"max_hp_gain":0.0,"max_hp_loss":0.0,"gold_gain":75.0,"event_name":"World of Goop","player_choice":"Gather Gold","floor":2.0,"gold_loss":0.0,"damage_taken":11.0},{"cards_removed":["Strike_R"],"damage_healed":0.0,"max_hp_gain":0.0,"max_hp_loss":0.0,"gold_gain":0.0,"event_name":"Golden Wing","player_choice":"Card Removal","floor":3.0,"gold_loss":0.0,"damage_taken":7.0},{"damage_healed":0.0,"max_hp_gain":0.0,"max_hp_loss":0.0,"gold_gain":0.0,"event_name":"Liars Game","player_choice":"Ignored","floor":4.0,"gold_loss":0.0,"damage_taken":0.0},{"damage_healed":0,"gold_gain":0,"player_choice":"Entered Light","damage_taken":16,"max_hp_gain":0,"max_hp_loss":0,"event_name":"Shining Light","floor":12,"gold_loss":0,"cards_upgraded":["Strike_R","Strike_R"]},{"damage_healed":0,"gold_gain":0,"player_choice":"Donut","damage_taken":0,"max_hp_gain":5,"max_hp_loss":0,"event_name":"Big Fish","floor":14,"gold_loss":0}],"is_beta":false,"boss_relics":[],"items_purged_floors":[7,13],"is_endless":false,"potions_floor_spawned":[1],"killed_by":"Slime Boss","ascension_level":4}