{"gold_per_floor":[111,126,146,165,177,204,204,204,230,265,39,39,58,75,75,75],"floor_reached":16,"playtime":1605,"items_purged":[],"score":182,"play_id":"b5d5f3f0-38b8-4eba-a78d-df3b9bd3112c","local_time":"20190501154016","is_ascension_mode":true,"campfire_choices":[{"floor":8,"key":"REST"},{"data":"Dash","floor":15,"key":"SMITH"}],"neow_cost":"NONE","seed_source_timestamp":158355285238857,"circlet_count":0,"master_deck":["AscendersBane","Defend_G","Defend_G+1","Defend_G","Defend_G","Defend_G","Strike_G","Strike_G","Strike_G","Strike_G+1","Strike_G+1","Survivor","Neutralize","Acrobatics+1","Dash","Sucker Punch","Cloak And Dagger","Sucker Punch","Sucker Punch","Riddle With Holes","Poisoned Stab","Dagger Spray","Dash+1"],"relics":["Ring of the Snake","Centennial Puzzle","Bag of Marbles","Potion Belt","War Paint","Lee\u0027s Waffle"],"potions_floor_usage":[5,14,16,16],"damage_taken":[{"damage":1,"enemies":"Small Slimes","floor":1,"turns":5},{"damage":2,"enemies":"Jaw Worm","floor":2,"turns":7},{"damage":0,"enemies":"Cultist","floor":3,"turns":4},{"damage":3,"enemies":"2 Fungi Beasts","floor":4,"turns":4},{"damage":2,"enemies":"Exordium Thugs","floor":5,"turns":7},{"damage":34,"enemies":"Lagavulin","floor":6,"turns":12},{"damage":17,"enemies":"Gremlin Nob","floor":10,"turns":5},{"damage":2,"enemies":"3 Louse","floor":13,"turns":3},{"damage":0,"enemies":"2 Fungi Beasts","floor":14,"turns":1},{"damage":76,"enemies":"Hexaghost","floor":16,"turns":16}],"seed_played":"3234766703177514734","potions_obtained":[{"floor":2,"key":"LiquidBronze"},{"floor":4,"key":"Fire Potion"},{"floor":5,"key":"Strength Potion"},{"floor":12,"key":"Regen Potion"},{"floor":12,"key":"Swift Potion"}],"is_trial":false,"path_per_floor":["M","M","M","M","M","E","?","R","T","E","$","?","M","M","R","B"],"character_chosen":"THE_SILENT","items_purchased":["Lee\u0027s Waffle","Poisoned Stab"],"campfire_rested":1,"item_purchase_floors":[11,11],"current_hp_per_floor":[62,60,60,57,55,21,7,28,28,11,77,77,75,75,75,0],"gold":75,"neow_bonus":"RANDOM_COMMON_RELIC","is_prod":false,"is_daily":false,"chose_seed":false,"campfire_upgraded":1,"win_rate":0,"timestamp":1556743216,"path_taken":["M","M","M","M","M","E","?","R","T","E","$","?","?","M","R","BOSS"],"build_version":"2019-01-23","purchased_purges":0,"victory":false,"max_hp_per_floor":[70,70,70,70,70,70,70,70,70,70,77,77,77,77,77,77],"card_choices":[{"not_picked":["Underhanded Strike","Bouncing Flask"],"picked":"Acrobatics","floor":1},{"not_picked":["Reflex","Deflect"],"picked":"Dash","floor":2},{"not_picked":["PiercingWail","Quick Slash"],"picked":"Sucker Punch","floor":3},{"not_picked":["Choke","Acrobatics"],"picked":"Cloak And Dagger","floor":4},{"not_picked":["Flying Knee","Cloak And Dagger"],"picked":"Sucker Punch","floor":5},{"not_picked":["Backflip","Acrobatics"],"picked":"Sucker Punch","floor":6},{"not_picked":["Dodge and Roll","PiercingWail"],"picked":"Riddle With Holes","floor":10},{"not_picked":["Bouncing Flask","Dagger Throw"],"picked":"Dagger Spray","floor":13},{"not_picked":["Tools of the Trade","Heel Hook"],"picked":"Dash","floor":14}],"player_experience":1360506,"relics_obtained":[{"floor":6,"key":"Bag of Marbles"},{"floor":9,"key":"Potion Belt"},{"floor":10,"key":"War Paint"}],"event_choices":[{"damage_healed":0,"gold_gain":0,"player_choice":"Entered Light","damage_taken":14,"max_hp_gain":0,"max_hp_loss":0,"event_name":"Shining Light","floor":7,"gold_loss":0,"cards_upgraded":["Strike_G","Strike_G"]},{"damage_healed":0,"gold_gain":0,"player_choice":"Got Potions","damage_taken":0,"max_hp_gain":0,"max_hp_loss":0,"event_name":"Lab","floor":12,"gold_loss":0}],"is_beta":false,"boss_relics":[],"items_purged_floors":[],"is_endless":false,"potions_floor_spawned":[2,4,5,6,13],"killed_by":"Hexaghost","ascension_level":12}