{"gold_per_floor":[15,31,31,47,60,60,74,102,102,102],"floor_reached":10,"playtime":867,"items_purged":[],"score":81,"play_id":"3e03e37b-f983-476f-bd7d-c1d3365d31b6","local_time":"20180809145236","is_ascension_mode":true,"campfire_choices":[{"data":"Dagger Spray","floor":6,"key":"SMITH"}],"neow_cost":"NO_GOLD","seed_source_timestamp":3798006718444072,"circlet_count":0,"master_deck":["Defend_G","Defend_G","Defend_G","Defend_G","Defend_G","Strike_G","Strike_G","Strike_G","Strike_G","Strike_G","Survivor","Neutralize","Corpse Explosion","Deflect","Noxious Fumes","Dagger Spray+1","Footwork","Backflip","Tools of the Trade"],"relics":["Ring of the Snake","Art of War","Dodecahedron"],"potions_floor_usage":[],"damage_taken":[{"damage":0,"enemies":"Cultist","floor":1,"turns":4},{"damage":0,"enemies":"2 Louse","floor":2,"turns":2},{"damage":0,"enemies":"Small Slimes","floor":4,"turns":4},{"damage":8,"enemies":"3 Louse","floor":5,"turns":2},{"damage":7,"enemies":"Red Slaver","floor":7,"turns":4},{"damage":18,"enemies":"3 Sentries","floor":8,"turns":5},{"damage":39,"enemies":"Lagavulin","floor":10,"turns":6}],"seed_played":"87792093087469247","potions_obtained":[{"floor":2,"key":"LiquidBronze"},{"floor":4,"key":"SpeedPotion"}],"is_trial":false,"path_per_floor":["M","M","$","M","M","R","M","E","T"],"character_chosen":"THE_SILENT","items_purchased":[],"campfire_rested":0,"item_purchase_floors":[],"current_hp_per_floor":[70,70,70,70,62,62,55,37,37,0],"gold":102,"neow_bonus":"THREE_RARE_CARDS","is_prod":false,"is_daily":false,"chose_seed":false,"campfire_upgraded":1,"win_rate":0,"timestamp":1533844356,"path_taken":["M","M","?","M","M","R","M","E","T","E"],"build_version":"2018-08-02","purchased_purges":0,"victory":false,"max_hp_per_floor":[70,70,70,70,70,70,70,70,70,70],"card_choices":[{"not_picked":["Malaise","Adrenaline"],"picked":"Corpse Explosion","floor":0},{"not_picked":["Prepared","Finisher"],"picked":"Deflect","floor":1},{"not_picked":["Distraction","All Out Attack"],"picked":"Noxious Fumes","floor":2},{"not_picked":["Choke","Predator"],"picked":"Dagger Spray","floor":4},{"not_picked":["Flying Knee","Concentrate"],"picked":"Footwork","floor":5},{"not_picked":["Escape Plan","Well Laid Plans"],"picked":"Backflip","floor":7},{"not_picked":["Calculated Gamble","Concentrate"],"picked":"Tools of the Trade","floor":8}],"player_experience":471328,"relics_obtained":[{"floor":8,"key":"Art of War"},{"floor":9,"key":"Dodecahedron"}],"event_choices":[],"is_beta":false,"boss_relics":[],"items_purged_floors":[],"is_endless":false,"potions_floor_spawned":[2,4],"killed_by":"Lagavulin","ascension_level":3}