{"gold_per_floor":[113,113,113,124,299,334,334,346,369,389,389,389],"floor_reached":12,"playtime":772,"items_purged":[],"score":105,"play_id":"6dbcc0c7-4c0e-4820-ac43-740e8bb32485","local_time":"20180829132355","is_ascension_mode":true,"campfire_choices":[{"floor":7,"key":"REST"},{"floor":11,"key":"REST"}],"neow_cost":"TEN_PERCENT_HP_LOSS","seed_source_timestamp":1377292220143190,"circlet_count":0,"master_deck":["Defend_G","Defend_G+1","Defend_G","Defend_G","Strike_G","Strike_G","Strike_G","Strike_G","Survivor+1","Neutralize","Dagger Throw","A Thousand Cuts+1","Dagger Spray","Caltrops","Doubt","Dagger Spray","Footwork","Deadly Poison"],"relics":["Ring of the Snake","War Paint","Potion Belt"],"potions_floor_usage":[12],"damage_taken":[{"damage":7,"enemies":"Jaw Worm","floor":1,"turns":5},{"damage":0,"enemies":"Cultist","floor":4,"turns":4},{"damage":32,"enemies":"3 Sentries","floor":6,"turns":6},{"damage":18,"enemies":"Small Slimes","floor":8,"turns":2},{"damage":7,"enemies":"3 Louse","floor":10,"turns":3},{"damage":0,"enemies":"Lots of Slimes","floor":12,"turns":1}],"seed_played":"-5383645997260007419","potions_obtained":[{"floor":8,"key":"Swift Potion"}],"is_trial":false,"path_per_floor":["M","?","?","M","?","E","R","M","T","M","R"],"character_chosen":"THE_SILENT","items_purchased":[],"campfire_rested":2,"item_purchase_floors":[],"current_hp_per_floor":[56,56,56,56,56,24,42,24,24,17,35,35],"gold":389,"neow_bonus":"REMOVE_TWO","is_prod":false,"is_daily":false,"chose_seed":false,"campfire_upgraded":0,"win_rate":0,"timestamp":1535567035,"path_taken":["M","?","?","?","?","E","R","?","T","M","R","M"],"build_version":"2018-08-23v2","purchased_purges":0,"victory":false,"max_hp_per_floor":[63,63,63,63,63,63,63,63,63,63,63,63],"card_choices":[{"not_picked":["PiercingWail","Concentrate"],"picked":"Dagger Throw","floor":1},{"not_picked":["Crippling Poison","Riddle With Holes"],"picked":"Caltrops","floor":4},{"not_picked":["Slice","Bane"],"picked":"Dagger Spray","floor":6},{"not_picked":["Flying Knee","Cloak And Dagger"],"picked":"Footwork","floor":8},{"not_picked":["PiercingWail","Outmaneuver"],"picked":"Deadly Poison","floor":10}],"player_experience":559637,"relics_obtained":[{"floor":6,"key":"War Paint"},{"floor":9,"key":"Potion Belt"}],"event_choices":[{"event_name":"Match and Keep!","player_choice":"2 cards matched","floor":2,"damage_taken":0},{"event_name":"Upgrade Shrine","player_choice":"Upgraded","floor":3,"damage_taken":0},{"event_name":"Liars Game","player_choice":"agreed","floor":5,"damage_taken":0}],"is_beta":false,"boss_relics":[],"items_purged_floors":[],"is_endless":false,"potions_floor_spawned":[8],"killed_by":"Lots of Slimes","ascension_level":7}