{"gold_per_floor":[118,145,320,47,73,101,101,51,78,118,118,18,86,112,124,251,263,288,300,587,599,625,637,30,79,104,104,178,25,52,64,64,162,162,202,202,202,217,257,257,285,75,100,100,110,110,125,32,32,32],"floor_reached":51,"playtime":3454,"items_purged":["Doubt","Strike_R","Regret"],"score":1157,"play_id":"91107cfb-975b-4321-977d-661a98afc772","local_time":"20180923204826","is_ascension_mode":true,"campfire_choices":[{"data":"HandOfGreed","floor":7.0,"key":"SMITH"},{"data":"Thunderclap","floor":11.0,"key":"SMITH"},{"floor":15.0,"key":"REST"},{"floor":23.0,"key":"REST"},{"data":"Bludgeon","floor":27.0,"key":"SMITH"},{"floor":32.0,"key":"REST"},{"data":"Mind Blast","floor":40.0,"key":"SMITH"},{"data":"Bash","floor":44.0,"key":"SMITH"},{"data":"Fiend Fire","floor":46.0,"key":"SMITH"},{"floor":49.0,"key":"REST"}],"neow_cost":"","seed_source_timestamp":0,"circlet_count":0,"master_deck":["Strike_R+1","Strike_R+1","Strike_R+1","Defend_R+1","Defend_R+1","Defend_R+1","Defend_R+1","Bash+1","AscendersBane","Flex","HandOfGreed+1","Anger","Thunderclap+1","True Grit","Sentinel","Dropkick","Fiend Fire+1","Iron Wave","Necronomicurse","Sentinel","Shrug It Off","Bludgeon+1","True Grit+1","Body Slam+1","Clothesline+1","Anger","Body Slam+1","Mind Blast+1","Shrug It Off","Battle Trance+1","Seeing Red+1","Thunderclap","Twin Strike+1","Deep Breath"],"special_seed":0,"relics":["Burning Blood","Oddly Smooth Stone","Orichalcum","Regal Pillow","MawBank","Runic Cube","Necronomicon","Lantern","Happy Flower","Potion Belt","Anchor","Art of War","Bag of Marbles","Pen Nib","Mark of Pain","Self Forming Clay","Frozen Eye","Omamori"],"potions_floor_usage":[],"damage_taken":[{"damage":6.0,"enemies":"Cultist","floor":1.0,"turns":3.0},{"damage":0.0,"enemies":"2 Louse","floor":5.0,"turns":4.0},{"damage":22.0,"enemies":"Lagavulin","floor":6.0,"turns":6.0},{"damage":6.0,"enemies":"Small Slimes","floor":10.0,"turns":3.0},{"damage":16.0,"enemies":"3 Sentries","floor":13.0,"turns":7.0},{"damage":0.0,"enemies":"2 Fungi Beasts","floor":14.0,"turns":2.0},{"damage":72.0,"enemies":"Hexaghost","floor":16.0,"turns":10.0},{"damage":4.0,"enemies":"Chosen","floor":18.0,"turns":4.0},{"damage":12.0,"enemies":"Shell Parasite","floor":22.0,"turns":3.0},{"damage":27.0,"enemies":"Book of Stabbing","floor":25.0,"turns":4.0},{"damage":10.0,"enemies":"Slavers","floor":28.0,"turns":8.0},{"damage":11.0,"enemies":"Book of Stabbing","floor":30.0,"turns":4.0},{"damage":2.0,"enemies":"Cultist and Chosen","floor":31.0,"turns":3.0},{"damage":43.0,"enemies":"Collector","floor":33.0,"turns":5.0},{"damage":3.0,"enemies":"3 Shapes","floor":35.0,"turns":3.0},{"damage":5.0,"enemies":"3 Darklings","floor":38.0,"turns":4.0},{"damage":3.0,"enemies":"4 Shapes","floor":39.0,"turns":4.0},{"damage":7.0,"enemies":"Giant Head","floor":41.0,"turns":5.0},{"damage":0.0,"enemies":"Reptomancer","floor":45.0,"turns":3.0},{"damage":40.0,"enemies":"Transient","floor":47.0,"turns":5.0},{"damage":70,"enemies":"Donu and Deca","floor":50,"turns":8}],"seed_played":"6610373140949338893","potions_obtained":[{"floor":5.0,"key":"Block Potion"},{"floor":6.0,"key":"Poison Potion"},{"floor":14.0,"key":"Explosive Potion"},{"floor":28.0,"key":"FearPotion"},{"floor":31.0,"key":"Block Potion"},{"floor":33.0,"key":"SpeedPotion"},{"floor":35.0,"key":"Block Potion"},{"floor":38.0,"key":"Swift Potion"}],"is_trial":false,"path_per_floor":["M","T","?","$","M","E","R","?","T","M","R","$","E","M","R","B",null,"M","?","?","?","M","R","$","E","T","R","E","$","E","M","R","B",null,"M","?","?","M","M","R","E","$","T","R","M","R","M","$","R","B"],"character_chosen":"IRONCLAD","items_purchased":["HandOfGreed","Shrug It Off","Lantern","Happy Flower","Bludgeon","Bag of Marbles","Frozen Eye","Deep Breath"],"campfire_rested":4,"item_purchase_floors":[4,24,24,24,24,29,42,48],"current_hp_per_floor":[72,72,72,72,78,62,62,62,62,62,62,62,52,58,80,14,64,66,66,66,50,44,80,80,59,59,59,55,55,50,54,80,43,71,74,74,74,75,78,78,77,77,77,77,80,80,46,46,80,16],"gold":32,"neow_bonus":"","is_prod":false,"is_daily":false,"chose_seed":false,"campfire_upgraded":6,"win_rate":0,"timestamp":1537753706,"path_taken":["M","?","?","$","M","E","R","?","T","M","R","$","E","M","R","BOSS","M","?","?","?","?","R","$","E","T","R","E","$","E","M","R","BOSS","M","?","?","M","M","R","E","$","T","R","M","R","M","$","R","BOSS"],"build_version":"2018-09-20","purchased_purges":3,"victory":true,"max_hp_per_floor":[80,80,80,80,80,80,80,80,80,80,80,80,80,80,80,80,80,80,80,80,80,80,80,80,80,80,80,80,80,80,80,80,80,80,80,80,80,80,80,80,80,80,80,80,80,80,80,80,80,80],"card_choices":[{"not_picked":["Reckless Charge","Inflame"],"picked":"Flex","floor":1.0},{"not_picked":["True Grit","Reckless Charge"],"picked":"Anger","floor":5.0},{"not_picked":["Fire Breathing","Headbutt"],"picked":"Thunderclap","floor":6.0},{"not_picked":["Heavy Blade","Perfected Strike"],"picked":"True Grit","floor":10.0},{"not_picked":["Barricade","Fiend Fire"],"picked":"Sentinel","floor":13.0},{"not_picked":["Armaments","Burning Pact"],"picked":"Dropkick","floor":14.0},{"not_picked":["Limit Break","Barricade"],"picked":"Fiend Fire","floor":16.0},{"not_picked":["Body Slam","Clash+1"],"picked":"Iron Wave","floor":18.0},{"not_picked":["Body Slam","Cleave"],"picked":"Sentinel","floor":22.0},{"not_picked":["Seeing Red+1","Headbutt+1"],"picked":"True Grit+1","floor":25.0},{"not_picked":["Twin Strike+1","Wild Strike"],"picked":"Body Slam+1","floor":28.0},{"not_picked":["Wild Strike","Metallicize"],"picked":"Clothesline+1","floor":30.0},{"not_picked":["Corruption","Warcry"],"picked":"Anger","floor":31.0},{"not_picked":["Feed","Limit Break"],"picked":"Juggernaut","floor":33.0},{"not_picked":["Intimidate+1","Twin Strike+1"],"picked":"Body Slam+1","floor":35.0},{"not_picked":["Bandage Up","PanicButton"],"picked":"Mind Blast","floor":37.0},{"not_picked":["Flex+1","True Grit+1"],"picked":"Shrug It Off","floor":38.0},{"not_picked":["Dark Embrace","Body Slam"],"picked":"Battle Trance+1","floor":39.0},{"not_picked":["Limit Break","Burning Pact"],"picked":"Seeing Red+1","floor":41.0},{"not_picked":["Warcry","Rupture+1"],"picked":"Thunderclap","floor":45.0},{"not_picked":["Feel No Pain+1","Cleave+1"],"picked":"Twin Strike+1","floor":47.0}],"player_experience":634764,"relics_obtained":[{"floor":2.0,"key":"Oddly Smooth Stone"},{"floor":6.0,"key":"Orichalcum"},{"floor":9.0,"key":"Regal Pillow"},{"floor":13.0,"key":"MawBank"},{"floor":21.0,"key":"Necronomicon"},{"floor":25.0,"key":"Potion Belt"},{"floor":26.0,"key":"Anchor"},{"floor":28.0,"key":"Art of War"},{"floor":30.0,"key":"Pen Nib"},{"floor":41.0,"key":"Self Forming Clay"},{"floor":43.0,"key":"Omamori"}],"event_choices":[{"event_name":"Liars Game","player_choice":"agreed","floor":3.0,"damage_taken":0.0},{"event_name":"The Cleric","player_choice":"Card Removal","floor":8.0,"damage_taken":0.0},{"event_name":"Back to Basics","player_choice":"Simplicity","floor":19.0,"damage_taken":0.0},{"event_name":"Golden Shrine","player_choice":"Desecrate","floor":20.0,"damage_taken":0.0},{"event_name":"Cursed Tome","player_choice":"Obtained Book","floor":21.0,"damage_taken":0.0},{"event_name":"Falling","player_choice":"Removed Power","floor":36.0,"damage_taken":0.0},{"event_name":"SensoryStone","player_choice":"Memory 1","floor":37.0,"damage_taken":0.0}],"is_beta":false,"boss_relics":[{"not_picked":["Pandora\u0027s Box","Fusion Hammer"],"picked":"Runic Cube"},{"not_picked":["Eternal Feather","Black Star"],"picked":"Mark of Pain"}],"items_purged_floors":[4,12,24],"is_endless":false,"potions_floor_spawned":[5,6,14,28,31,33,35,38],"ascension_level":11}