{"gold_per_floor":[113,124,144,163,163,202,202,202,281,12,27,47,83,98,98,224,224,237,237,249,261,261],"floor_reached":22,"playtime":2300,"items_purged":[],"score":200,"play_id":"b7393aa3-fb26-40a0-b3d6-fa01708ccbc4","local_time":"20190627131102","is_ascension_mode":false,"campfire_choices":[{"floor":7,"key":"RECALL"},{"data":"Metallicize","floor":15,"key":"SMITH"}],"neow_cost":"NONE","seed_source_timestamp":2271340458242,"circlet_count":0,"master_deck":["Strike_R","Strike_R","Defend_R","Defend_R","Defend_R","Defend_R","Bash","Cleave","Perfected Strike","Spot Weakness","Clothesline","Carnage","Sentinel","Metallicize+1","Twin Strike","Iron Wave","Uppercut","Perfected Strike","Berserk","Parasite","Anger+1","Battle Trance+1","Wild Strike","Flex","Shrug It Off"],"relics":["Burning Blood","Bloody Idol","Calipers","Toy Ornithopter","Lantern","Astrolabe"],"potions_floor_usage":[6,13,16,21],"damage_taken":[{"damage":2,"enemies":"2 Louse","floor":1,"turns":4},{"damage":7,"enemies":"Small Slimes","floor":2,"turns":3},{"damage":1,"enemies":"Cultist","floor":3,"turns":3},{"damage":15,"enemies":"Exordium Wildlife","floor":4,"turns":4},{"damage":26,"enemies":"Lagavulin","floor":6,"turns":5},{"damage":9,"enemies":"Looter","floor":11,"turns":4},{"damage":12,"enemies":"Blue Slaver","floor":12,"turns":5},{"damage":16,"enemies":"Gremlin Nob","floor":13,"turns":4},{"damage":8,"enemies":"3 Louse","floor":14,"turns":3},{"damage":34,"enemies":"The Guardian","floor":16,"turns":12},{"damage":21,"enemies":"Shell Parasite","floor":18,"turns":5},{"damage":32,"enemies":"Spheric Guardian","floor":20,"turns":4},{"damage":40,"enemies":"Shelled Parasite and Fungi","floor":21,"turns":6},{"damage":30,"enemies":"Centurion and Healer","floor":22,"turns":5}],"seed_played":"-5819513900758648460","potions_obtained":[{"floor":0,"key":"FearPotion"},{"floor":0,"key":"SteroidPotion"},{"floor":0,"key":"BloodPotion"},{"floor":4,"key":"Explosive Potion"},{"floor":6,"key":"AttackPotion"},{"floor":11,"key":"Fire Potion"},{"floor":13,"key":"SpeedPotion"},{"floor":14,"key":"PowerPotion"}],"is_trial":false,"path_per_floor":["M","M","M","M","?","E","R","?","T","$","M","M","E","M","R","B",null,"M","?","M","M","M"],"character_chosen":"IRONCLAD","items_purchased":["Toy Ornithopter","Metallicize"],"campfire_rested":0,"item_purchase_floors":[10,10],"current_hp_per_floor":[80,79,80,71,71,51,51,51,51,51,48,42,37,35,35,12,80,65,65,44,28,0],"gold":261,"neow_bonus":"THREE_SMALL_POTIONS","is_prod":false,"is_daily":false,"chose_seed":false,"campfire_upgraded":1,"win_rate":0,"timestamp":1561633862,"path_taken":["M","M","M","M","?","E","R","?","T","$","M","M","E","M","R","BOSS","M","?","M","M","M"],"build_version":"2019-01-23","purchased_purges":0,"victory":false,"max_hp_per_floor":[80,80,80,80,80,80,80,80,80,80,80,80,80,80,80,80,80,80,80,80,80,80],"card_choices":[{"not_picked":["Pummel","Shrug It Off"],"picked":"Cleave","floor":1},{"not_picked":["Havoc","Pummel"],"picked":"Perfected Strike","floor":2},{"not_picked":["Sentinel","Clash"],"picked":"Spot Weakness","floor":3},{"not_picked":["Havoc","Flex"],"picked":"Clothesline","floor":4},{"not_picked":["Bloodletting","Anger"],"picked":"Carnage","floor":6},{"not_picked":["Barricade","Anger"],"picked":"Twin Strike","floor":11},{"not_picked":["Anger","Sword Boomerang"],"picked":"Iron Wave","floor":12},{"not_picked":["Dual Wield","Heavy Blade"],"picked":"Uppercut","floor":13},{"not_picked":["Headbutt","Warcry"],"picked":"Perfected Strike","floor":14},{"not_picked":["Double Tap","Exhume"],"picked":"Berserk","floor":16},{"not_picked":["Fire Breathing","Headbutt"],"picked":"Wild Strike","floor":18},{"not_picked":["Body Slam","Evolve"],"picked":"Flex","floor":20},{"not_picked":["Cleave","Anger"],"picked":"Shrug It Off","floor":21}],"player_experience":114115,"relics_obtained":[{"floor":6,"key":"Calipers"},{"floor":13,"key":"Lantern"}],"event_choices":[{"damage_healed":0,"gold_gain":0,"player_choice":"Take Wound","damage_taken":0,"relics_obtained":["Golden Idol"],"max_hp_gain":0,"max_hp_loss":0,"event_name":"Golden Idol","floor":5,"gold_loss":0,"cards_obtained":["Injury"]},{"damage_healed":0,"gold_gain":0,"cards_transformed":["Strike_R"],"player_choice":"Transformed","damage_taken":0,"max_hp_gain":0,"max_hp_loss":0,"event_name":"Transmorgrifier","floor":8,"gold_loss":0,"cards_obtained":["Sentinel"]},{"damage_healed":0,"gold_gain":0,"player_choice":"Gave Idol","damage_taken":0,"relics_obtained":["Bloody Idol"],"max_hp_gain":0,"max_hp_loss":0,"event_name":"Forgotten Altar","floor":19,"relics_lost":["Golden Idol"],"gold_loss":0}],"is_beta":false,"boss_relics":[{"not_picked":["Velvet Choker","Snecko Eye"],"picked":"Astrolabe"}],"items_purged_floors":[],"is_endless":false,"potions_floor_spawned":[4,6,11,13,14],"killed_by":"Centurion and Healer","ascension_level":0}