{"gold_per_floor":[119,119,133,148,165,165,198,209,258,278,278,310,1,13,13,88,88,102,102,120,169,187,187,213,213,292,292,304,97,117,117,117,194,194,211,211,15,31,9,9,19,19,72,83,0,13,13,33,33,33],"floor_reached":51,"playtime":4092,"items_purged":[],"score":1066,"play_id":"44051600-48fc-4dcc-88a8-d3f9ea2ef283","local_time":"20190328090634","is_ascension_mode":true,"campfire_choices":[{"data":"Zap","floor":6.0,"key":"SMITH"},{"data":"Rainbow","floor":15.0,"key":"SMITH"},{"floor":23.0,"key":"REST"},{"floor":25.0,"key":"REST"},{"data":"Fission","floor":27.0,"key":"SMITH"},{"floor":32.0,"key":"REST"},{"data":"Turbo","floor":40.0,"key":"SMITH"},{"data":"Barrage","floor":42.0,"key":"SMITH"},{"data":"Doom and Gloom","floor":47.0,"key":"SMITH"},{"data":"Reboot","floor":49.0,"key":"SMITH"}],"neow_cost":"NONE","seed_source_timestamp":0,"circlet_count":0,"master_deck":["AscendersBane","Strike_B","Strike_B","Strike_B","Strike_B","Defend_B","Defend_B","Defend_B","Defend_B","Zap+1","Dualcast","Ball Lightning","Conserve Battery","Sweeping Beam","Compile Driver","Steam","Rainbow+1","Barrage+1","Sweeping Beam","Hologram+1","Fission+1","Glacier","Compile Driver","Melter","Undo","Chill","Hologram+1","Doom and Gloom+1","Buffer+1","Capacitor+1","Glacier","Turbo+1","Barrage+1","Sweeping Beam","Compile Driver","Reboot+1"],"special_seed":0,"relics":["Cracked Core","Potion Belt","Ancient Tea Set","Frozen Egg 2","Ice Cream","Sozu","Enchiridion","Pen Nib","Centennial Puzzle","Question Card","DataDisk","Letter Opener","Eternal Feather","Bronze Scales","War Paint","Red Mask"],"potions_floor_usage":[],"damage_taken":[{"damage":0.0,"enemies":"Small Slimes","floor":1.0,"turns":3.0},{"damage":0.0,"enemies":"Cultist","floor":3.0,"turns":3.0},{"damage":2.0,"enemies":"Jaw Worm","floor":4.0,"turns":3.0},{"damage":4.0,"enemies":"Blue Slaver","floor":5.0,"turns":3.0},{"damage":17.0,"enemies":"3 Sentries","floor":7.0,"turns":6.0},{"damage":0.0,"enemies":"Looter","floor":8.0,"turns":3.0},{"damage":10.0,"enemies":"Exordium Thugs","floor":10.0,"turns":3.0},{"damage":15.0,"enemies":"Lagavulin","floor":12.0,"turns":6.0},{"damage":0.0,"enemies":"Large Slime","floor":14.0,"turns":3.0},{"damage":33.0,"enemies":"Slime Boss","floor":16.0,"turns":7.0},{"damage":7.0,"enemies":"Shell Parasite","floor":18.0,"turns":4.0},{"damage":1.0,"enemies":"Spheric Guardian","floor":20.0,"turns":3.0},{"damage":26.0,"enemies":"Centurion and Healer","floor":22.0,"turns":6.0},{"damage":39.0,"enemies":"Slavers","floor":24.0,"turns":5.0},{"damage":0.0,"enemies":"Snake Plant","floor":28.0,"turns":3.0},{"damage":0.0,"enemies":"3 Cultists","floor":30.0,"turns":2.0},{"damage":55.0,"enemies":"Collector","floor":33.0,"turns":10.0},{"damage":0.0,"enemies":"3 Darklings","floor":35.0,"turns":4.0},{"damage":0.0,"enemies":"Orb Walker","floor":38.0,"turns":4.0},{"damage":0.0,"enemies":"Spire Growth","floor":41.0,"turns":4.0},{"damage":1.0,"enemies":"4 Shapes","floor":44.0,"turns":2.0},{"damage":31.0,"enemies":"3 Darklings","floor":46.0,"turns":6.0},{"damage":0.0,"enemies":"Transient","floor":48.0,"turns":5.0},{"damage":30,"enemies":"Awakened One","floor":50,"turns":15}],"seed_played":"7810552388053727660","potions_obtained":[{"floor":3.0,"key":"Swift Potion"},{"floor":5.0,"key":"Dexterity Potion"},{"floor":10.0,"key":"Regen Potion"},{"floor":16.0,"key":"Block Potion"}],"is_trial":false,"path_per_floor":["M","?","M","M","M","R","E","M","T","M","?","E","$","M","R","B",null,"M","?","M","T","M","R","E","R","T","R","M","$","M","T","R","B",null,"M","?","$","M","$","R","M","R","T","M","?","M","R","M","R","B",null],"character_chosen":"DEFECT","items_purchased":["Ice Cream","DataDisk","Hologram","Capacitor+1","Bronze Scales","Turbo"],"campfire_rested":3,"item_purchase_floors":[13,29,29,37,37,39],"current_hp_per_floor":[75,75,75,73,69,69,52,52,52,42,69,54,54,54,54,21,67,60,44,43,43,17,41,16,40,40,40,40,40,40,40,64,9,64,64,64,64,64,64,82,82,82,82,81,81,50,71,71,82,52],"gold":33,"neow_bonus":"TEN_PERCENT_HP_BONUS","is_prod":false,"is_daily":false,"chose_seed":false,"campfire_upgraded":7,"win_rate":0,"timestamp":1553781994,"path_taken":["M","?","?","?","M","R","E","M","T","?","?","E","$","M","R","BOSS","M","?","M","?","M","R","E","R","T","R","M","$","M","?","R","BOSS","M","?","$","M","$","R","M","R","T","M","?","M","R","M","R","BOSS"],"build_version":"2019-01-23","purchased_purges":0,"victory":true,"max_hp_per_floor":[82,82,82,82,82,82,82,82,82,82,82,82,82,82,82,82,82,82,82,82,82,82,82,82,82,82,82,82,82,82,82,82,82,82,82,82,82,82,82,82,82,82,82,82,82,82,82,82,82,82],"card_choices":[{"not_picked":["Redo","Barrage"],"picked":"Ball Lightning","floor":1.0},{"not_picked":["Leap","Stack"],"picked":"Conserve Battery","floor":3.0},{"not_picked":["Leap","Stack"],"picked":"Sweeping Beam","floor":4.0},{"not_picked":["Rebound","Redo"],"picked":"Compile Driver","floor":5.0},{"not_picked":["Stack","Hello World"],"picked":"Steam","floor":7.0},{"not_picked":["Go for the Eyes","Coolheaded"],"picked":"Rainbow","floor":8.0},{"not_picked":["Coolheaded","Redo"],"picked":"Barrage","floor":10.0},{"not_picked":["Aggregate","Steam"],"picked":"Sweeping Beam","floor":12.0},{"not_picked":["Gash","Blizzard"],"picked":"Hologram","floor":14.0},{"not_picked":["Biased Cognition+1","Buffer+1"],"picked":"Fission","floor":16.0},{"not_picked":["Recycle","Coolheaded+1"],"picked":"Glacier","floor":18.0},{"not_picked":["Undo","Hologram"],"picked":"Compile Driver","floor":20.0},{"not_picked":["Reinforced Body+1","Beam Cell"],"picked":"Melter","floor":22.0},{"not_picked":["Beam Cell","Biased Cognition+1"],"picked":"Undo","floor":24.0},{"not_picked":["Darkness","Rebound","Gash"],"picked":"Chill","floor":28.0},{"not_picked":["Turbo","Recycle","Storm+1"],"picked":"Doom and Gloom","floor":30.0},{"not_picked":["Rainbow","Meteor Strike","All For One"],"picked":"Buffer+1","floor":33.0},{"not_picked":["Blizzard+1","Hologram","Streamline"],"picked":"Capacitor+1","floor":35.0},{"not_picked":["Consume","Reinforced Body+1","Redo"],"picked":"Glacier","floor":38.0},{"not_picked":["Hologram","Streamline","White Noise"],"picked":"Barrage+1","floor":41.0},{"not_picked":["Gash","Stack","Turbo"],"picked":"Sweeping Beam","floor":44.0},{"not_picked":["Leap","Rebound","Coolheaded"],"picked":"Compile Driver","floor":46.0},{"not_picked":["Sunder","Conserve Battery","Redo"],"picked":"Reboot","floor":48.0}],"player_experience":1294214,"relics_obtained":[{"floor":7.0,"key":"Potion Belt"},{"floor":9.0,"key":"Ancient Tea Set"},{"floor":12.0,"key":"Frozen Egg 2"},{"floor":19.0,"key":"Enchiridion"},{"floor":21.0,"key":"Pen Nib"},{"floor":24.0,"key":"Centennial Puzzle"},{"floor":26.0,"key":"Question Card"},{"floor":31.0,"key":"Letter Opener"},{"floor":43.0,"key":"War Paint"}],"event_choices":[{"damage_healed":0.0,"max_hp_gain":0.0,"max_hp_loss":0.0,"gold_gain":0.0,"event_name":"The Woman in Blue","player_choice":"Bought 0 Potions","floor":2.0,"gold_loss":0.0,"damage_taken":0.0},{"damage_healed":27.0,"max_hp_gain":0.0,"max_hp_loss":0.0,"gold_gain":0.0,"event_name":"Big Fish","player_choice":"Banana","floor":11.0,"gold_loss":0.0,"damage_taken":0.0},{"damage_healed":0.0,"max_hp_gain":0.0,"max_hp_loss":0.0,"gold_gain":0.0,"event_name":"Cursed Tome","player_choice":"Obtained Book","floor":19.0,"gold_loss":0.0,"damage_taken":16.0},{"cards_removed":["Capacitor"],"damage_healed":0.0,"max_hp_gain":0.0,"max_hp_loss":0.0,"gold_gain":0.0,"event_name":"Falling","player_choice":"Removed Power","floor":36.0,"gold_loss":0.0,"damage_taken":0.0},{"damage_healed":0.0,"max_hp_gain":0.0,"max_hp_loss":0.0,"gold_gain":0.0,"event_name":"Tomb of Lord Red Mask","player_choice":"Paid","floor":45.0,"gold_loss":83.0,"damage_taken":0.0,"relics_obtained":["Red Mask"]}],"is_beta":false,"boss_relics":[{"not_picked":["Orrery","Ectoplasm"],"picked":"Sozu"},{"not_picked":["Philosopher\u0027s Stone","Runic Dome"],"picked":"Eternal Feather"}],"items_purged_floors":[],"is_endless":false,"potions_floor_spawned":[3,5,10,16,20,24,28,30,44,46,48],"ascension_level":13}