{"gold_per_floor":[114,114,131,150,162,162,183,183,209,227,227,227,261,284,284,413,413,438,409,448,448],"floor_reached":21,"playtime":1639,"items_purged":[],"score":247,"play_id":"f68b804b-3210-4e5f-866b-4e7cae569710","local_time":"20181106175724","is_ascension_mode":true,"campfire_choices":[{"floor":6,"key":"REST"},{"data":"Deadly Poison","floor":12,"key":"SMITH"},{"data":"Poisoned Stab","floor":15,"key":"SMITH"}],"neow_cost":"NONE","seed_source_timestamp":202649010170111,"circlet_count":0,"master_deck":["Defend_G","Defend_G","Defend_G","Defend_G","Defend_G","Strike_G","Strike_G","Strike_G","Strike_G","Strike_G","Survivor","Neutralize","Slice","Dodge and Roll","Riddle With Holes","Deadly Poison+1","Cloak And Dagger","Finisher","Injury","Poisoned Stab+1","Bane+1"],"relics":["Busted Crown","Odd Mushroom","Ornamental Fan","PreservedInsect","Golden Idol","Bottled Lightning","Philosopher\u0027s Stone","Red Mask"],"potions_floor_usage":[7,13,18,20],"damage_taken":[{"damage":11,"enemies":"2 Louse","floor":1,"turns":4},{"damage":1,"enemies":"Jaw Worm","floor":3,"turns":5},{"damage":0,"enemies":"Cultist","floor":4,"turns":4},{"damage":0,"enemies":"Large Slime","floor":5,"turns":6},{"damage":5,"enemies":"The Mushroom Lair","floor":7,"turns":4},{"damage":0,"enemies":"2 Fungi Beasts","floor":10,"turns":3},{"damage":0,"enemies":"3 Sentries","floor":13,"turns":4},{"damage":0,"enemies":"Looter","floor":14,"turns":3},{"damage":59,"enemies":"Slime Boss","floor":16,"turns":14},{"damage":6,"enemies":"Shell Parasite","floor":18,"turns":5},{"damage":23,"enemies":"2 Thieves","floor":19,"turns":5},{"damage":41,"enemies":"Masked Bandits","floor":20,"turns":6},{"damage":8,"enemies":"Centurion and Healer","floor":21,"turns":1}],"seed_played":"7740521103941076396","potions_obtained":[{"floor":3,"key":"Strength Potion"},{"floor":5,"key":"SteroidPotion"},{"floor":7,"key":"Strength Potion"},{"floor":16,"key":"AttackPotion"},{"floor":19,"key":"Weak Potion"}],"is_trial":false,"path_per_floor":["M","?","M","M","M","R","?","T","T","M","?","R","E","M","R","B",null,"M","M","?","M"],"character_chosen":"THE_SILENT","items_purchased":[],"campfire_rested":1,"item_purchase_floors":[],"current_hp_per_floor":[59,64,63,63,63,75,70,70,70,70,70,70,70,70,70,11,75,69,46,5,0],"gold":448,"neow_bonus":"BOSS_RELIC","is_prod":false,"is_daily":false,"chose_seed":false,"campfire_upgraded":2,"win_rate":0,"timestamp":1541555844,"path_taken":["M","?","M","M","M","R","?","?","T","?","?","R","E","M","R","BOSS","M","M","?","M"],"build_version":"2018-11-01","purchased_purges":0,"victory":false,"max_hp_per_floor":[70,75,75,75,75,75,75,75,75,75,75,75,75,75,75,75,75,75,75,75,75],"card_choices":[{"not_picked":[],"picked":"Slice","floor":1},{"not_picked":[],"picked":"Dodge and Roll","floor":3},{"not_picked":[],"picked":"Riddle With Holes","floor":4},{"not_picked":[],"picked":"Deadly Poison","floor":5},{"not_picked":[],"picked":"Cloak And Dagger","floor":7},{"not_picked":[],"picked":"Finisher","floor":10},{"not_picked":["Sucker Punch"],"picked":"SKIP","floor":13},{"not_picked":[],"picked":"Poisoned Stab","floor":14},{"not_picked":[],"picked":"Bane+1","floor":18},{"not_picked":["Distraction"],"picked":"SKIP","floor":19}],"player_experience":486881,"relics_obtained":[{"floor":7,"key":"Odd Mushroom"},{"floor":8,"key":"Ornamental Fan"},{"floor":9,"key":"PreservedInsect"},{"floor":13,"key":"Bottled Lightning"},{"floor":20,"key":"Red Mask"}],"event_choices":[{"damage_healed":0,"gold_gain":0,"player_choice":"Donut","damage_taken":0,"max_hp_gain":5,"max_hp_loss":0,"event_name":"Big Fish","floor":2,"gold_loss":0},{"damage_healed":0,"gold_gain":0,"player_choice":"Fought Mushrooms","damage_taken":0,"max_hp_gain":0,"max_hp_loss":0,"event_name":"Mushrooms","floor":7,"gold_loss":0},{"damage_healed":0,"gold_gain":0,"player_choice":"Take Wound","damage_taken":0,"relics_obtained":["Golden Idol"],"max_hp_gain":0,"max_hp_loss":0,"event_name":"Golden Idol","floor":11,"gold_loss":0,"cards_obtained":["Injury"]},{"damage_healed":0,"gold_gain":0,"player_choice":"Fought Bandits","damage_taken":0,"max_hp_gain":0,"max_hp_loss":0,"event_name":"Masked Bandits","floor":20,"gold_loss":0}],"is_beta":false,"boss_relics":[{"not_picked":["Ectoplasm","Runic Dome"],"picked":"Philosopher\u0027s Stone"}],"items_purged_floors":[],"is_endless":false,"potions_floor_spawned":[3,5,7,16,19],"killed_by":"Centurion and Healer","ascension_level":4}