{"gold_per_floor":[110,110,122,176,192,192,208,242,242,260,260,293,293,304,304,377,377,387,387,402,102,115,143,143,143,143,161,180,205,223,223],"floor_reached":31,"playtime":2181,"items_purged":["Strike_R"],"score":549,"play_id":"bdcaa8a1-6e43-4f78-8b19-29d954857d76","local_time":"20181019124617","is_ascension_mode":true,"campfire_choices":[{"data":"Rampage","floor":6.0,"key":"SMITH"},{"floor":11.0,"key":"REST"},{"floor":15.0,"key":"REST"},{"floor":25.0,"key":"REST"}],"neow_cost":"NONE","seed_source_timestamp":0,"circlet_count":0,"master_deck":["Strike_R","Strike_R+1","Strike_R","Defend_R","Defend_R","Defend_R","Defend_R","Bash","AscendersBane","Madness","Rampage+1","Headbutt","Iron Wave","Headbutt","Battle Trance","Body Slam","Twin Strike+1","Battle Trance","Feed","Rampage","Thunderclap","Iron Wave","Demon Form","Iron Wave"],"special_seed":0,"relics":["Burning Blood","Gremlin Horn","Regal Pillow","Bird Faced Urn","PreservedInsect","Ginger","Velvet Choker","Bag of Preparation","Oddly Smooth Stone","Ice Cream","Singing Bowl"],"potions_floor_usage":[],"damage_taken":[{"damage":9.0,"enemies":"2 Louse","floor":1.0,"turns":2.0},{"damage":1.0,"enemies":"Small Slimes","floor":3.0,"turns":4.0},{"damage":7.0,"enemies":"Jaw Worm","floor":5.0,"turns":3.0},{"damage":7.0,"enemies":"2 Fungi Beasts","floor":7.0,"turns":3.0},{"damage":35.0,"enemies":"Lagavulin","floor":8.0,"turns":5.0},{"damage":13.0,"enemies":"3 Louse","floor":10.0,"turns":4.0},{"damage":8.0,"enemies":"Gremlin Nob","floor":12.0,"turns":3.0},{"damage":0.0,"enemies":"Blue Slaver","floor":14.0,"turns":2.0},{"damage":62.0,"enemies":"Hexaghost","floor":16.0,"turns":9.0},{"damage":20.0,"enemies":"2 Thieves","floor":18.0,"turns":4.0},{"damage":19.0,"enemies":"Chosen","floor":20.0,"turns":4.0},{"damage":9.0,"enemies":"Snake Plant","floor":22.0,"turns":3.0},{"damage":13.0,"enemies":"Gremlin Leader","floor":23.0,"turns":3.0},{"damage":35.0,"enemies":"Shelled Parasite and Fungi","floor":27.0,"turns":4.0},{"damage":31.0,"enemies":"Cultist and Chosen","floor":28.0,"turns":4.0},{"damage":15.0,"enemies":"Slavers","floor":29.0,"turns":4.0},{"damage":12.0,"enemies":"Snecko","floor":30.0,"turns":4.0},{"damage":26,"enemies":"Snake Plant","floor":31,"turns":3}],"seed_played":"-834867386272150096","potions_obtained":[{"floor":7.0,"key":"Swift Potion"},{"floor":8.0,"key":"EssenceOfSteel"},{"floor":12.0,"key":"SkillPotion"},{"floor":16.0,"key":"Weak Potion"},{"floor":20.0,"key":"Swift Potion"},{"floor":22.0,"key":"Regen Potion"},{"floor":23.0,"key":"SkillPotion"},{"floor":27.0,"key":"SpeedPotion"},{"floor":28.0,"key":"SpeedPotion"}],"is_trial":false,"path_per_floor":["M","?","M","T","M","R","M","E","T","M","R","E","?","M","R","B",null,"M","?","M","$","M","E","?","R","T","M","M","E","M"],"character_chosen":"IRONCLAD","items_purchased":["Bag of Preparation","Iron Wave"],"campfire_rested":3,"item_purchase_floors":[21,21],"current_hp_per_floor":[65,54,59,59,58,58,57,28,28,21,58,56,33,39,75,19,61,50,50,37,37,34,36,36,74,74,50,27,23,22,0],"gold":223,"neow_bonus":"RANDOM_COLORLESS","is_prod":false,"is_daily":false,"chose_seed":false,"campfire_upgraded":1,"win_rate":0,"timestamp":1539971177,"path_taken":["M","?","M","?","M","R","M","E","T","M","R","E","?","M","R","BOSS","M","?","?","$","M","E","?","R","T","M","M","E","M","M"],"build_version":"2018-10-18","purchased_purges":1,"victory":false,"max_hp_per_floor":[75,75,75,75,75,75,75,75,75,75,75,75,75,75,75,75,75,78,78,78,78,78,78,78,78,78,81,81,86,91,91],"card_choices":[{"not_picked":["Sword Boomerang","Armaments"],"picked":"Rampage","floor":1.0},{"not_picked":["Offering","Warcry"],"picked":"Headbutt","floor":3.0},{"not_picked":["Sword Boomerang","Thunderclap"],"picked":"Iron Wave","floor":5.0},{"not_picked":["Feel No Pain","Cleave"],"picked":"Headbutt","floor":7.0},{"not_picked":["Juggernaut","Shockwave"],"picked":"Battle Trance","floor":8.0},{"not_picked":["Carnage","Warcry"],"picked":"Body Slam","floor":10.0},{"not_picked":["Anger","Bloodletting"],"picked":"Twin Strike","floor":12.0},{"not_picked":["Havoc","Heavy Blade"],"picked":"Battle Trance","floor":14.0},{"not_picked":["Juggernaut","Barricade"],"picked":"Feed","floor":16.0},{"not_picked":["Twin Strike","Havoc"],"picked":"Rampage","floor":18.0},{"not_picked":["Entrench","Heavy Blade"],"picked":"Thunderclap","floor":20.0},{"not_picked":["Seeing Red","Entrench","Perfected Strike"],"picked":"SKIP","floor":22.0},{"not_picked":["Pummel","Fire Breathing"],"picked":"Demon Form","floor":23.0},{"not_picked":["Body Slam","Pommel Strike"],"picked":"Iron Wave","floor":27.0},{"not_picked":["Anger","True Grit","Rupture"],"picked":"SKIP","floor":28.0},{"not_picked":["Armaments","Flex+1","Headbutt"],"picked":"Singing Bowl","floor":29.0},{"not_picked":["Carnage","Headbutt","Disarm+1"],"picked":"Singing Bowl","floor":30.0}],"player_experience":795892,"relics_obtained":[{"floor":4.0,"key":"Regal Pillow"},{"floor":8.0,"key":"Bird Faced Urn"},{"floor":9.0,"key":"PreservedInsect"},{"floor":12.0,"key":"Ginger"},{"floor":23.0,"key":"Oddly Smooth Stone"},{"floor":26.0,"key":"Ice Cream"},{"floor":29.0,"key":"Singing Bowl"}],"event_choices":[{"damage_healed":0.0,"max_hp_gain":0.0,"max_hp_loss":0.0,"gold_gain":0.0,"event_name":"Scrap Ooze","player_choice":"Success","floor":2.0,"gold_loss":0.0,"damage_taken":11.0,"relics_obtained":["Gremlin Horn"]},{"damage_healed":0.0,"max_hp_gain":0.0,"max_hp_loss":0.0,"gold_gain":0.0,"event_name":"Shining Light","player_choice":"Entered Light","floor":13.0,"gold_loss":0.0,"damage_taken":23.0,"cards_upgraded":["Strike_R","Twin Strike"]},{"cards_removed":["Strike_R"],"damage_healed":0.0,"max_hp_gain":0.0,"max_hp_loss":0.0,"gold_gain":0.0,"event_name":"Bonfire Elementals","player_choice":"Offered Basic","floor":19.0,"gold_loss":0.0,"damage_taken":0.0},{"damage_healed":0.0,"max_hp_gain":0.0,"max_hp_loss":0.0,"gold_gain":0.0,"event_name":"Match and Keep!","player_choice":"0 cards matched","floor":24.0,"gold_loss":0.0,"damage_taken":0.0,"cards_obtained":[]}],"is_beta":false,"boss_relics":[{"not_picked":["Lizard Tail","Ectoplasm"],"picked":"Velvet Choker"}],"items_purged_floors":[21],"is_endless":false,"potions_floor_spawned":[7,8,12,16,20,22,23,27,28],"killed_by":"Snake Plant","ascension_level":18}