{"gold_per_floor":[114,126,146,65,79,111,122,122,146,146,163,190,209,209,209,283,283,295,152,163,163,183,183,183],"floor_reached":24,"playtime":1866,"items_purged":[],"score":357,"play_id":"d7303a72-130b-414c-ba5c-c2dc0dd78a3f","local_time":"20190531150818","is_ascension_mode":true,"campfire_choices":[{"floor":8.0,"key":"REST"},{"data":"Blade Dance","floor":10.0,"key":"SMITH"},{"data":"Blade Dance","floor":15.0,"key":"SMITH"},{"floor":23,"key":"REST"}],"neow_cost":"NONE","seed_source_timestamp":0,"circlet_count":0,"master_deck":["AscendersBane","Defend_G","Defend_G","Defend_G","Defend_G","Defend_G","Strike_G","Strike_G","Strike_G","Strike_G","Survivor","Neutralize","Backstab","Sucker Punch","Backstab","Dash","Terror","Blade Dance+1","Slice","Endless Agony","Dagger Spray","Blade Dance+1","After Image","Normality","Injury","Normality","Dagger Spray","Cloak And Dagger+1","Cloak And Dagger"],"special_seed":0,"relics":["Ring of the Snake","Ninja Scroll","Oddly Smooth Stone","Bag of Preparation","Calling Bell","Blood Vial","Pantograph","Unceasing Top","Vajra"],"potions_floor_usage":[16,16],"damage_taken":[{"damage":1.0,"enemies":"Cultist","floor":1.0,"turns":7.0},{"damage":7.0,"enemies":"Small Slimes","floor":2.0,"turns":3.0},{"damage":0.0,"enemies":"Jaw Worm","floor":3.0,"turns":3.0},{"damage":0.0,"enemies":"Lots of Slimes","floor":5.0,"turns":5.0},{"damage":35.0,"enemies":"Lagavulin","floor":6.0,"turns":7.0},{"damage":0.0,"enemies":"2 Fungi Beasts","floor":7.0,"turns":1.0},{"damage":0.0,"enemies":"Looter","floor":11.0,"turns":1.0},{"damage":4.0,"enemies":"3 Sentries","floor":12.0,"turns":3.0},{"damage":2.0,"enemies":"Blue Slaver","floor":13.0,"turns":2.0},{"damage":27,"enemies":"The Guardian","floor":16,"turns":13},{"damage":7,"enemies":"2 Thieves","floor":18,"turns":4},{"damage":20,"enemies":"Chosen","floor":20,"turns":6},{"damage":24,"enemies":"Snake Plant","floor":22,"turns":6},{"damage":0,"enemies":"Snecko","floor":24,"turns":3}],"seed_played":"-3330588491511774151","potions_obtained":[{"floor":3.0,"key":"FairyPotion"},{"floor":5.0,"key":"Swift Potion"},{"floor":6.0,"key":"Regen Potion"},{"floor":7.0,"key":"SteroidPotion"},{"floor":12.0,"key":"Dexterity Potion"},{"floor":22,"key":"SteroidPotion"}],"is_trial":false,"path_per_floor":["M","M","M","$","M","E","M","R","T","R","M","E","M","?","R","B",null,"M","$","M","?","M","R","M"],"character_chosen":"THE_SILENT","items_purchased":["Dash","Vajra"],"campfire_rested":2,"item_purchase_floors":[4,19],"current_hp_per_floor":[64,57,57,57,57,22,22,43,43,43,43,39,37,37,37,25,60,55,55,37,37,15,36,38],"gold":183,"neow_bonus":"TEN_PERCENT_HP_BONUS","is_prod":false,"is_daily":false,"chose_seed":false,"campfire_upgraded":2,"win_rate":0,"timestamp":1559333298,"path_taken":["M","M","M","?","M","E","M","R","T","R","M","E","M","?","R","BOSS","M","?","M","?","?","R","M"],"build_version":"2019-01-23","purchased_purges":0,"victory":false,"max_hp_per_floor":[72,72,72,72,72,72,72,72,72,72,72,72,72,72,72,72,72,72,72,72,72,72,72,72],"card_choices":[{"not_picked":["Outmaneuver","Well Laid Plans"],"picked":"Backstab","floor":1.0},{"not_picked":["Bane","PiercingWail"],"picked":"Sucker Punch","floor":2.0},{"not_picked":["Terror","Outmaneuver"],"picked":"Backstab","floor":3.0},{"not_picked":["Crippling Poison","Concentrate"],"picked":"Terror","floor":5.0},{"not_picked":["Poisoned Stab","Outmaneuver"],"picked":"Blade Dance","floor":6.0},{"not_picked":["Riddle With Holes","Bane"],"picked":"Slice","floor":7.0},{"not_picked":["Eviscerate","Deadly Poison"],"picked":"Endless Agony","floor":11.0},{"not_picked":["Calculated Gamble","Setup"],"picked":"Dagger Spray","floor":12.0},{"not_picked":["Deadly Poison","Bullet Time"],"picked":"Blade Dance","floor":13.0},{"not_picked":["Envenom","Tools of the Trade"],"picked":"After Image","floor":16},{"not_picked":["Dodge and Roll","Deadly Poison"],"picked":"Dagger Spray","floor":18},{"not_picked":["Dagger Spray","Flying Knee"],"picked":"Cloak And Dagger","floor":20},{"not_picked":["Predator","Deadly Poison"],"picked":"Cloak And Dagger","floor":22}],"player_experience":1401099,"relics_obtained":[{"floor":6.0,"key":"Ninja Scroll"},{"floor":9.0,"key":"Oddly Smooth Stone"},{"floor":12.0,"key":"Bag of Preparation"},{"floor":17,"key":"Blood Vial"},{"floor":17,"key":"Pantograph"},{"floor":17,"key":"Unceasing Top"}],"event_choices":[{"cards_removed":["Strike_G"],"damage_healed":0.0,"max_hp_gain":0.0,"max_hp_loss":0.0,"gold_gain":0.0,"event_name":"Purifier","player_choice":"Purged","floor":14.0,"gold_loss":0.0,"damage_taken":0.0},{"damage_healed":0,"gold_gain":0,"player_choice":"Upgraded","damage_taken":0,"max_hp_gain":0,"max_hp_loss":0,"event_name":"Upgrade Shrine","floor":21,"gold_loss":0,"cards_upgraded":["Cloak And Dagger"]}],"is_beta":false,"boss_relics":[{"not_picked":["Coffee Dripper","Runic Pyramid"],"picked":"Calling Bell"}],"items_purged_floors":[],"is_endless":false,"potions_floor_spawned":[3,5,6,7,12,22],"killed_by":"Snecko","ascension_level":14}