{"gold_per_floor":[115,115,125,50,64,64,92,92,118,118,18,44,58,68,68,168,168,188,263,295,309,323,323,238,273,273,291,309,319,329,60,60,60],"floor_reached":33,"playtime":3385,"items_purged":["Strike_R","Strike_R","Defend_R"],"score":293,"play_id":"711498c5-252d-45c9-8b4b-dfde0b032ca9","local_time":"20180718011941","is_ascension_mode":true,"campfire_choices":[{"data":"Shockwave","floor":6,"key":"SMITH"},{"floor":8,"key":"REST"},{"data":"Anger","floor":15,"key":"SMITH"},{"floor":23,"key":"REST"},{"floor":32,"key":"REST"}],"neow_cost":"NONE","seed_source_timestamp":227003599813218,"circlet_count":0,"master_deck":["Strike_R+1","Strike_R+1","Defend_R+1","Defend_R","Defend_R","Bash","Sword Boomerang","Rampage","Shockwave+1","Anger+1","Iron Wave","Reaper","Shrug It Off+1","Cleave"],"relics":["Black Blood","Ancient Tea Set","Bag of Preparation","Self Forming Clay","Red Mask","Unceasing Top","Mercury Hourglass","War Paint","Orichalcum"],"potions_floor_usage":[7,16,22,25,27,29,33],"damage_taken":[{"damage":5,"enemies":"2 Louse","floor":1,"turns":2},{"damage":11,"enemies":"Jaw Worm","floor":3,"turns":3},{"damage":0,"enemies":"Cultist","floor":5,"turns":3},{"damage":29,"enemies":"Lagavulin","floor":7,"turns":7},{"damage":3,"enemies":"Gremlin Nob","floor":12,"turns":4},{"damage":0,"enemies":"Large Slime","floor":13,"turns":4},{"damage":4,"enemies":"3 Louse","floor":14,"turns":3},{"damage":23,"enemies":"The Guardian","floor":16,"turns":7},{"damage":10,"enemies":"3 Byrds","floor":18,"turns":7},{"damage":40,"floor":20,"turns":6},{"damage":3,"enemies":"Chosen","floor":21,"turns":4},{"damage":22,"enemies":"Snake Plant","floor":22,"turns":5},{"damage":41,"enemies":"Slavers","floor":25,"turns":10},{"damage":22,"enemies":"Sentry and Sphere","floor":27,"turns":8},{"damage":8,"enemies":"Chosen and Byrds","floor":28,"turns":6},{"damage":16,"enemies":"Snecko","floor":29,"turns":7},{"damage":39,"enemies":"Sentry and Sphere","floor":30,"turns":7},{"damage":79,"enemies":"Champ","floor":33,"turns":11}],"seed_played":"-8943001471540043379","potions_obtained":[{"floor":5,"key":"Weak Potion"},{"floor":7,"key":"FearPotion"},{"floor":14,"key":"Strength Potion"},{"floor":20,"key":"Explosive Potion"},{"floor":25,"key":"EssenceOfSteel"},{"floor":28,"key":"Regen Potion"},{"floor":30,"key":"Regen Potion"}],"is_trial":false,"path_per_floor":["M","?","M","$","M","R","E","R","T","?","$","E","M","M","R","B",null,"M","?","?","M","M","R","?","E","T","M","M","M","M","$","R"],"character_chosen":"IRONCLAD","items_purchased":["Orichalcum"],"campfire_rested":3,"item_purchase_floors":[31],"current_hp_per_floor":[88,70,65,65,71,71,48,74,74,74,74,77,83,85,85,68,88,88,80,50,57,45,71,71,46,46,34,42,55,26,26,52,0],"gold":60,"neow_bonus":"TEN_PERCENT_HP_BONUS","is_prod":false,"is_daily":false,"chose_seed":false,"campfire_upgraded":2,"win_rate":0,"timestamp":1531901981,"path_taken":["M","?","M","?","M","R","E","R","T","?","$","E","M","?","R","BOSS","M","?","?","M","?","R","?","E","T","M","M","M","M","$","R","BOSS"],"build_version":"2018-07-12","purchased_purges":3,"victory":false,"max_hp_per_floor":[88,88,88,88,88,88,88,88,88,88,88,88,88,88,88,88,88,88,88,88,88,88,88,88,88,88,88,88,88,88,88,88,88],"card_choices":[{"not_picked":["Wild Strike","Rage"],"picked":"Sword Boomerang","floor":1},{"not_picked":["Infernal Blade","Bloodletting"],"picked":"Rampage","floor":3},{"not_picked":["Pommel Strike","Searing Blow"],"picked":"Shockwave","floor":5},{"not_picked":["Warcry","Dropkick"],"picked":"Anger","floor":7},{"not_picked":["Battle Trance","Shockwave"],"picked":"Iron Wave","floor":12},{"not_picked":["Uppercut","Body Slam","Entrench"],"picked":"SKIP","floor":13},{"not_picked":["Entrench","Seeing Red","Warcry"],"picked":"SKIP","floor":14},{"not_picked":["Demon Form","Dark Embrace"],"picked":"Reaper","floor":16},{"not_picked":["Inflame+1","Twin Strike","Shrug It Off"],"picked":"SKIP","floor":18},{"not_picked":["Infernal Blade+1","Rampage","Warcry"],"picked":"SKIP","floor":21},{"not_picked":["Rage","Perfected Strike","Armaments"],"picked":"SKIP","floor":22},{"not_picked":["Infernal Blade","Perfected Strike+1"],"picked":"Shrug It Off","floor":25},{"not_picked":["Spot Weakness+1","Heavy Blade+1","Rage"],"picked":"SKIP","floor":27},{"not_picked":["Headbutt","Shockwave+1","Intimidate+1"],"picked":"SKIP","floor":28},{"not_picked":["Twin Strike","Shrug It Off+1"],"picked":"Cleave","floor":29},{"not_picked":["Rampage","True Grit","Flex"],"picked":"SKIP","floor":30}],"player_experience":89738,"relics_obtained":[{"floor":7,"key":"Ancient Tea Set"},{"floor":9,"key":"Bag of Preparation"},{"floor":12,"key":"Self Forming Clay"},{"floor":20,"key":"Red Mask"},{"floor":25,"key":"Mercury Hourglass"},{"floor":26,"key":"War Paint"}],"event_choices":[{"event_name":"Shining Light","player_choice":"Entered Light","floor":2,"damage_taken":0},{"event_name":"Living Wall","player_choice":"Forget","floor":10,"damage_taken":0},{"event_name":"FaceTrader","player_choice":"Touch","floor":19,"damage_taken":0},{"event_name":"Masked Bandits","player_choice":"Fought over 263 gold","floor":20,"damage_taken":0},{"event_name":"Addict","player_choice":"Obtained Relic","floor":24,"damage_taken":0}],"boss_relics":[{"not_picked":["Black Star","Coffee Dripper"],"picked":"Black Blood"}],"items_purged_floors":[4,11,31],"is_endless":false,"potions_floor_spawned":[5,7,14,20,25,28,30],"killed_by":"Champ","ascension_level":1}