{"gold_per_floor":[109,129,304,315,13,47,62,88,112,127,141,141,141,160,160,259,259,271,186,186,186,186,220,220,236,286,98,110,110,137,43,43,144,144,154,100,111,137,0,26,37,62,146,146,146,165,165,515,515,515],"floor_reached":51,"playtime":3297,"items_purged":["Normality"],"score":1291,"play_id":"6ecbb3dc-a03f-4237-b9a8-0a05e65f3366","local_time":"20180830120433","is_ascension_mode":true,"campfire_choices":[{"floor":13.0,"key":"REST"},{"data":"Cloak And Dagger","floor":15.0,"key":"SMITH"},{"data":"A Thousand Cuts","floor":29.0,"key":"SMITH"},{"floor":32.0,"key":"REST"},{"data":"Cloak And Dagger","floor":44,"key":"SMITH"},{"data":"Leg Sweep","floor":47,"key":"SMITH"},{"floor":49,"key":"REST"}],"neow_cost":"","seed_source_timestamp":0,"circlet_count":0,"master_deck":["Defend_G+1","Defend_G+1","Defend_G+1","Defend_G+1","Defend_G+1","Strike_G+1","Strike_G+1","Strike_G+1","Strike_G+1","Strike_G+1","Survivor","Neutralize+1","Backflip","Cloak And Dagger+1","Doubt","Backstab","Dagger Throw+1","Tactician","Acrobatics","Finisher","Poisoned Stab","Underhanded Strike+1","Deflect","A Thousand Cuts+1","Clumsy","Injury","Dodge and Roll+1","Necronomicurse","Dodge and Roll+1","Writhe","Backstab+1","Skewer+1","Leg Sweep+1","Deflect","Flash of Steel+1","Adrenaline","Sucker Punch+1","Blur+1","Deflect","Escape Plan","Backflip","Endless Agony+1","Cloak And Dagger+1","A Thousand Cuts","Blade Dance+1","Concentrate","Dash+1","Slice+1","Flechettes+1","Footwork"],"special_seed":0,"relics":["Ring of the Snake","Kunai","Du-Vu Doll","Ancient Tea Set","Lantern","Calling Bell","Boot","Molten Egg 2","Bird Faced Urn","Bag of Marbles","Necronomicon","Mercury Hourglass","StoneCalendar","Whetstone","Orichalcum","Orrery","Pen Nib","Red Mask","The Courier","Happy Flower","Tiny Chest","Gambling Chip","Old Coin"],"potions_floor_usage":[50],"damage_taken":[{"damage":2.0,"enemies":"Jaw Worm","floor":1.0,"turns":7.0},{"damage":0.0,"enemies":"2 Louse","floor":2.0,"turns":4.0},{"damage":4.0,"enemies":"Small Slimes","floor":4.0,"turns":5.0},{"damage":5.0,"enemies":"3 Sentries","floor":6.0,"turns":8.0},{"damage":0.0,"enemies":"Red Slaver","floor":7.0,"turns":3.0},{"damage":29.0,"enemies":"Gremlin Nob","floor":8.0,"turns":5.0},{"damage":0.0,"enemies":"Exordium Wildlife","floor":10.0,"turns":3.0},{"damage":0.0,"enemies":"Blue Slaver","floor":11.0,"turns":2.0},{"damage":0.0,"enemies":"Looter","floor":14.0,"turns":2.0},{"damage":0.0,"enemies":"Slime Boss","floor":16.0,"turns":6.0},{"damage":0.0,"enemies":"Chosen","floor":18.0,"turns":4.0},{"damage":0.0,"enemies":"Book of Stabbing","floor":23.0,"turns":3.0},{"damage":2.0,"enemies":"Spheric Guardian","floor":25.0,"turns":3.0},{"damage":0.0,"enemies":"Shelled Parasite and Fungi","floor":28.0,"turns":1.0},{"damage":0.0,"enemies":"Collector","floor":33.0,"turns":1.0},{"damage":7.0,"enemies":"3 Darklings","floor":35.0,"turns":5.0},{"damage":0.0,"enemies":"3 Shapes","floor":37.0,"turns":2.0},{"damage":9.0,"enemies":"Nemesis","floor":40.0,"turns":3.0},{"damage":0.0,"enemies":"Maw","floor":41.0,"turns":4.0},{"damage":13,"enemies":"Giant Head","floor":42,"turns":6},{"damage":0,"enemies":"Mind Bloom Boss Battle","floor":45,"turns":6},{"damage":0,"enemies":"Flame Bruiser 2 Orb","floor":46,"turns":1},{"damage":3,"enemies":"Mysterious Sphere","floor":48,"turns":3},{"damage":64,"enemies":"Donu and Deca","floor":50,"turns":8}],"seed_played":"7263223959364985310","potions_obtained":[{"floor":1.0,"key":"Fruit Juice"},{"floor":4.0,"key":"PowerPotion"},{"floor":6.0,"key":"AttackPotion"},{"floor":10.0,"key":"AttackPotion"},{"floor":11.0,"key":"AttackPotion"},{"floor":16.0,"key":"LiquidBronze"},{"floor":18.0,"key":"SpeedPotion"},{"floor":23.0,"key":"Ancient Potion"},{"floor":33.0,"key":"FearPotion"},{"floor":35.0,"key":"Ancient Potion"},{"floor":37.0,"key":"PowerPotion"},{"floor":40.0,"key":"LiquidBronze"}],"is_trial":false,"path_per_floor":["M","M","?","M","$","E","M","E","T","M","M","?","R","M","R","B",null,"M","?","?","?","?","E","?","M","T","$","M","R","T","$","R","B",null,"M","$","M","T","?","E","M","E","T","R","?","M","R","?","R","B"],"character_chosen":"THE_SILENT","items_purchased":["Kunai","Dagger Throw","Skewer+1","Leg Sweep","Flash of Steel+1","Cloak And Dagger"],"campfire_rested":3,"item_purchase_floors":[5,5,27,27,31,36],"current_hp_per_floor":[61,66,66,62,62,57,57,28,28,28,28,13,35,35,35,35,65,67,67,67,51,51,51,51,51,51,51,51,51,51,51,73,73,75,70,70,70,70,70,61,63,54,54,54,56,56,56,55,75,13],"gold":515,"neow_bonus":"","is_prod":false,"is_daily":false,"chose_seed":false,"campfire_upgraded":4,"win_rate":0,"timestamp":1535648673,"path_taken":["M","M","?","M","$","E","M","E","T","M","M","?","R","?","R","BOSS","M","?","?","?","?","E","?","M","T","$","M","R","?","$","R","BOSS","M","$","M","?","?","E","M","E","T","R","?","?","R","?","R","BOSS"],"build_version":"2018-08-23v2","purchased_purges":1,"victory":true,"max_hp_per_floor":[70,75,75,75,75,75,75,75,75,75,75,75,75,75,75,75,75,75,75,75,75,75,75,75,75,75,75,75,75,75,75,75,75,75,75,75,75,75,75,75,75,75,75,75,75,75,75,75,75,75],"card_choices":[{"not_picked":["Riddle With Holes","Reflex"],"picked":"Backflip","floor":1.0},{"not_picked":["Deflect","Bouncing Flask"],"picked":"Cloak And Dagger","floor":2.0},{"not_picked":["Calculated Gamble","Accuracy"],"picked":"Backstab","floor":4.0},{"not_picked":["Riddle With Holes","Distraction"],"picked":"Tactician","floor":6.0},{"not_picked":["Dagger Throw","Leg Sweep"],"picked":"Acrobatics","floor":7.0},{"not_picked":["Phantasmal Killer","Crippling Poison"],"picked":"Finisher","floor":8.0},{"not_picked":["Outmaneuver","Catalyst"],"picked":"Poisoned Stab","floor":10.0},{"not_picked":["Caltrops","All Out Attack"],"picked":"Underhanded Strike","floor":11.0},{"not_picked":["Concentrate","Reflex"],"picked":"Deflect","floor":14.0},{"not_picked":["After Image","Die Die Die"],"picked":"A Thousand Cuts","floor":16.0},{"not_picked":["Dagger Throw+1","Deflect"],"picked":"Dodge and Roll+1","floor":18.0},{"not_picked":["Bane+1","Predator+1"],"picked":"Dodge and Roll+1","floor":23.0},{"not_picked":["Dodge and Roll","Flying Knee+1"],"picked":"Backstab+1","floor":25.0},{"not_picked":["Leg Sweep","Doppelganger"],"picked":"Deflect","floor":28.0},{"not_picked":["Corpse Explosion","Wraith Form v2"],"picked":"Adrenaline","floor":33.0},{"not_picked":["Quick Slash+1","Bane+1"],"picked":"Sucker Punch+1","floor":34.0},{"not_picked":["Blade Dance","Heel Hook+1"],"picked":"Blur+1","floor":34.0},{"not_picked":["Deadly Poison","Bouncing Flask+1"],"picked":"Deflect","floor":34.0},{"not_picked":["Reflex","Poisoned Stab+1"],"picked":"Escape Plan","floor":34.0},{"not_picked":["Expertise","Calculated Gamble"],"picked":"Backflip","floor":34.0},{"not_picked":["Deflect+1","Blade Dance"],"picked":"Endless Agony+1","floor":35.0},{"not_picked":["Quick Slash+1","Blur+1"],"picked":"A Thousand Cuts","floor":37.0},{"not_picked":["Tactician+1","Backstab+1"],"picked":"Blade Dance+1","floor":40.0},{"not_picked":["PiercingWail+1","Deadly Poison"],"picked":"Concentrate","floor":41.0},{"not_picked":["Sucker Punch+1","Eviscerate+1"],"picked":"Dash+1","floor":42},{"not_picked":["Quick Slash+1","Flechettes+1"],"picked":"Slice+1","floor":45},{"not_picked":["Dodge and Roll","Setup+1"],"picked":"Flechettes+1","floor":46},{"not_picked":["Quick Slash+1","Slice+1"],"picked":"Footwork","floor":48}],"player_experience":560409,"relics_obtained":[{"floor":6.0,"key":"Du-Vu Doll"},{"floor":8.0,"key":"Ancient Tea Set"},{"floor":9.0,"key":"Lantern"},{"floor":17.0,"key":"Boot"},{"floor":17.0,"key":"Molten Egg 2"},{"floor":17.0,"key":"Bird Faced Urn"},{"floor":21.0,"key":"Necronomicon"},{"floor":23.0,"key":"Mercury Hourglass"},{"floor":26.0,"key":"Whetstone"},{"floor":30.0,"key":"Orichalcum"},{"floor":38.0,"key":"Pen Nib"},{"floor":40.0,"key":"The Courier"},{"floor":42,"key":"Happy Flower"},{"floor":43,"key":"Tiny Chest"},{"floor":45,"key":"Gambling Chip"},{"floor":48,"key":"Old Coin"}],"event_choices":[{"event_name":"Liars Game","player_choice":"agreed","floor":3.0,"damage_taken":0.0},{"event_name":"Shining Light","player_choice":"Entered Light","floor":12.0,"damage_taken":0.0},{"event_name":"Addict","player_choice":"Obtained Relic","floor":19.0,"damage_taken":0.0},{"event_name":"Back to Basics","player_choice":"Simplicity","floor":20.0,"damage_taken":0.0},{"event_name":"Cursed Tome","player_choice":"Obtained Book","floor":21.0,"damage_taken":0.0},{"event_name":"Ghosts","player_choice":"Ignored","floor":22.0,"damage_taken":0.0},{"event_name":"The Mausoleum","player_choice":"Yes","floor":24.0,"damage_taken":0.0},{"event_name":"Tomb of Lord Red Mask","player_choice":"Paid","floor":39.0,"damage_taken":0.0},{"event_name":"MindBloom","player_choice":"Fight","floor":45,"damage_taken":0},{"event_name":"Mysterious Sphere","player_choice":"Fight","floor":48,"damage_taken":0}],"is_beta":false,"boss_relics":[{"not_picked":["Snecko Eye","Empty Cage"],"picked":"Calling Bell"},{"not_picked":["Black Star","White Beast Statue"],"picked":"Orrery"}],"items_purged_floors":[27],"is_endless":false,"potions_floor_spawned":[1,4,6,10,11,16,18,23,33,35,37,40],"ascension_level":7}