{"gold_per_floor":[212,62,78,102,117,151,101,129,129,204,129,129,149,169,169,271,271,291,36,47,497,512,512,523,538,538,538,456,467,467,487,487,588,588,598,96,96,110,110,110,160,187,187,33,33,52,52,68,68,68],"floor_reached":51,"playtime":5475,"items_purged":["Strike_B","Strike_B"],"score":762,"play_id":"48a8ca28-6170-44d1-a75e-487e0ebd2592","local_time":"20190618145621","is_ascension_mode":false,"campfire_choices":[{"data":"Darkness","floor":12.0,"key":"SMITH"},{"data":"Zap","floor":15.0,"key":"SMITH"},{"floor":23,"key":"REST"},{"data":"Leap","floor":27,"key":"SMITH"},{"data":"Cold Snap","floor":30,"key":"SMITH"},{"floor":32,"key":"REST"},{"data":"Cold Snap","floor":40,"key":"SMITH"},{"data":"Loop","floor":47,"key":"SMITH"},{"floor":49,"key":"REST"}],"neow_cost":"NONE","seed_source_timestamp":0,"circlet_count":0,"master_deck":["Strike_B","Defend_B+1","Defend_B","Defend_B+1","Zap+1","Dualcast","Chill","Compile Driver","Leap+1","Go for the Eyes","Darkness+1","Cold Snap+1","Cold Snap+1","Electrodynamics","Loop+1","Conserve Battery","Coolheaded+1","Madness","Madness","Compile Driver+1"],"special_seed":0,"relics":["Cracked Core","War Paint","DataDisk","Centennial Puzzle","Incense Burner","Singing Bowl","Busted Crown","Pear","Art of War","Orrery","Gremlin Horn","PreservedInsect","Emotion Chip","Oddly Smooth Stone","Pantograph","Lantern"],"potions_floor_usage":[41],"damage_taken":[{"damage":1.0,"enemies":"Cultist","floor":1.0,"turns":3.0},{"damage":0.0,"enemies":"2 Louse","floor":3.0,"turns":2.0},{"damage":0.0,"enemies":"Small Slimes","floor":5.0,"turns":3.0},{"damage":14.0,"enemies":"Gremlin Nob","floor":6.0,"turns":4.0},{"damage":0.0,"enemies":"3 Sentries","floor":8.0,"turns":8.0},{"damage":0.0,"enemies":"2 Fungi Beasts","floor":13.0,"turns":3.0},{"damage":0.0,"enemies":"Exordium Thugs","floor":14.0,"turns":3.0},{"damage":3.0,"enemies":"Hexaghost","floor":16.0,"turns":10.0},{"damage":0,"enemies":"Spheric Guardian","floor":18,"turns":3},{"damage":0,"enemies":"Chosen","floor":20,"turns":3},{"damage":3,"enemies":"Centurion and Healer","floor":22,"turns":5},{"damage":0,"enemies":"Chosen and Byrds","floor":24,"turns":4},{"damage":5,"enemies":"Shelled Parasite and Fungi","floor":25,"turns":4},{"damage":0,"enemies":"3 Cultists","floor":29,"turns":3},{"damage":21,"enemies":"Snake Plant","floor":31,"turns":3},{"damage":71,"enemies":"Automaton","floor":33,"turns":14},{"damage":22,"enemies":"3 Darklings","floor":35,"turns":7},{"damage":0,"enemies":"3 Shapes","floor":38,"turns":2},{"damage":52,"enemies":"2 Orb Walkers","floor":41,"turns":9},{"damage":0,"enemies":"Reptomancer","floor":42,"turns":6},{"damage":16,"enemies":"3 Darklings","floor":46,"turns":2},{"damage":0,"enemies":"Maw","floor":48,"turns":7},{"damage":31,"enemies":"Awakened One","floor":50,"turns":19}],"seed_played":"-6932834339040730979","potions_obtained":[{"floor":1.0,"key":"AttackPotion"},{"floor":5.0,"key":"Energy Potion"},{"floor":8.0,"key":"Fire Potion"},{"floor":20,"key":"FearPotion"},{"floor":24,"key":"SpeedPotion"},{"floor":41,"key":"Energy Potion"}],"is_trial":false,"path_per_floor":["M","$","M","T","M","E","?","E","T","?","$","R","M","M","R","B",null,"M","$","M","?","M","R","M","M","T","R","$","M","R","M","R","B",null,"M","$","?","M","$","R","?","E","T","$","?","M","R","M","R","B",null],"character_chosen":"DEFECT","items_purchased":["War Paint","Pear","Loop","Gremlin Horn","PreservedInsect","Lantern"],"campfire_rested":3,"item_purchase_floors":[2,19,28,36,36,44],"current_hp_per_floor":[74,74,74,74,74,60,60,60,60,49,49,49,49,49,49,46,75,77,87,89,41,40,67,69,66,66,66,66,68,68,47,76,7,107,87,87,73,75,75,75,25,27,27,27,27,11,11,13,48,42],"gold":68,"neow_bonus":"HUNDRED_GOLD","is_prod":false,"is_daily":false,"chose_seed":false,"campfire_upgraded":6,"win_rate":0,"timestamp":1560887781,"path_taken":["M","$","M","?","M","E","?","E","T","?","$","R","M","M","R","BOSS","M","$","M","?","M","R","M","M","T","R","$","M","R","M","R","BOSS","M","$","?","M","$","R","?","E","T","$","?","M","R","?","R","BOSS"],"build_version":"2019-01-23","purchased_purges":2,"victory":true,"max_hp_per_floor":[75,75,75,75,75,75,75,75,75,75,75,75,75,75,75,75,75,77,87,89,89,91,91,93,95,95,95,95,97,97,97,97,99,107,109,109,109,111,111,111,113,115,115,115,115,115,115,117,117,117],"card_choices":[{"not_picked":["Storm","Turbo"],"picked":"Chill","floor":1.0},{"not_picked":["Hello World","Leap"],"picked":"Compile Driver","floor":3.0},{"not_picked":["Rebound","Reinforced Body"],"picked":"Leap","floor":5.0},{"not_picked":["Core Surge","Conserve Battery"],"picked":"Go for the Eyes","floor":6.0},{"not_picked":["Chill","Skim"],"picked":"Darkness","floor":8.0},{"not_picked":["Double Energy","Defragment"],"picked":"Cold Snap","floor":13.0},{"not_picked":["Streamline","Hologram"],"picked":"Cold Snap","floor":14.0},{"not_picked":["Hyperbeam","Biased Cognition"],"picked":"Electrodynamics","floor":16.0},{"not_picked":["Go for the Eyes"],"picked":"Singing Bowl","floor":18},{"not_picked":["Gash"],"picked":"Singing Bowl","floor":20},{"not_picked":["Sweeping Beam"],"picked":"Singing Bowl","floor":22},{"not_picked":["Steam Power+1"],"picked":"Singing Bowl","floor":24},{"not_picked":["Auto Shields"],"picked":"Singing Bowl","floor":25},{"not_picked":["Fusion+1"],"picked":"Singing Bowl","floor":29},{"not_picked":[],"picked":"Conserve Battery","floor":31},{"not_picked":["Core Surge"],"picked":"Singing Bowl","floor":33},{"not_picked":[],"picked":"Coolheaded+1","floor":34},{"not_picked":["Rebound"],"picked":"Singing Bowl","floor":34},{"not_picked":["Storm"],"picked":"Singing Bowl","floor":34},{"not_picked":["Aggregate+1"],"picked":"Singing Bowl","floor":34},{"not_picked":["Streamline"],"picked":"Singing Bowl","floor":34},{"not_picked":["Rebound+1"],"picked":"Singing Bowl","floor":35},{"not_picked":["Cold Snap"],"picked":"Singing Bowl","floor":38},{"not_picked":["Streamline+1"],"picked":"Singing Bowl","floor":41},{"not_picked":["Go for the Eyes+1"],"picked":"Singing Bowl","floor":42},{"not_picked":[],"picked":"Compile Driver+1","floor":46},{"not_picked":["Core Surge"],"picked":"Singing Bowl","floor":48}],"player_experience":1465649,"relics_obtained":[{"floor":4.0,"key":"DataDisk"},{"floor":6.0,"key":"Centennial Puzzle"},{"floor":8.0,"key":"Incense Burner"},{"floor":9.0,"key":"Singing Bowl"},{"floor":26,"key":"Art of War"},{"floor":41,"key":"Emotion Chip"},{"floor":42,"key":"Oddly Smooth Stone"},{"floor":43,"key":"Pantograph"}],"event_choices":[{"cards_removed":["Defend_B"],"damage_healed":0.0,"max_hp_gain":0.0,"max_hp_loss":0.0,"gold_gain":0.0,"event_name":"The Cleric","player_choice":"Card Removal","floor":7.0,"gold_loss":50.0,"damage_taken":0.0},{"damage_healed":0.0,"max_hp_gain":0.0,"max_hp_loss":0.0,"gold_gain":75.0,"event_name":"World of Goop","player_choice":"Gather Gold","floor":10.0,"gold_loss":0.0,"damage_taken":11.0},{"damage_healed":0,"gold_gain":450,"player_choice":"GOLD GOLD GOLD GOLD GOLD ","damage_taken":48,"max_hp_gain":0,"max_hp_loss":0,"event_name":"Knowing Skull","floor":21,"potions_obtained":[],"gold_loss":0,"cards_obtained":[]},{"damage_healed":0,"gold_gain":0,"player_choice":"Embrace Madness","damage_taken":14,"max_hp_gain":0,"max_hp_loss":0,"event_name":"Winding Halls","floor":37,"gold_loss":0,"cards_obtained":["Madness","Madness"]},{"damage_healed":0,"gold_gain":0,"player_choice":"Fight","damage_taken":0,"max_hp_gain":0,"max_hp_loss":0,"event_name":"Mysterious Sphere","floor":41,"gold_loss":0},{"cards_removed":["Strike_B"],"damage_healed":0,"gold_gain":0,"player_choice":"Offered Basic","damage_taken":0,"max_hp_gain":0,"max_hp_loss":0,"event_name":"Bonfire Elementals","floor":45,"gold_loss":0}],"is_beta":false,"boss_relics":[{"not_picked":["Cursed Key","Pandora\u0027s Box"],"picked":"Busted Crown"},{"not_picked":["Fusion Hammer","Philosopher\u0027s Stone"],"picked":"Orrery"}],"items_purged_floors":[11,36],"is_endless":false,"potions_floor_spawned":[1,5,8,20,24,31,41,46],"ascension_level":0}