{"gold_per_floor":[109,109,34,49,224,224,89,89,113,113,63,78,98,111,111,213,213,229,229,240,115,128,138,150,150,175,25,41,67,67,77,77,77],"floor_reached":33,"playtime":2586,"items_purged":["Defend_R","Doubt","Defend_R","Bash"],"score":284,"play_id":"7b0c4654-7871-4104-bd40-418fe02fe32a","local_time":"20180710132630","is_ascension_mode":false,"campfire_choices":[{"data":"Searing Blow","floor":6,"key":"SMITH"},{"data":"Searing Blow+1","floor":8,"key":"SMITH"},{"data":"Searing Blow+2","floor":10,"key":"SMITH"},{"data":"Searing Blow+3","floor":15,"key":"SMITH"},{"floor":25,"key":"REST"},{"floor":32,"key":"REST"}],"neow_cost":"NONE","seed_source_timestamp":1198835385708659,"circlet_count":0,"master_deck":["Defend_R","Twin Strike","Power Through","Armaments","Searing Blow+4","Spot Weakness","Iron Wave","Fiend Fire","Bite","Bite","Bite","Bite","Twin Strike","Thunderclap+1","Flex+1","Cleave","Infernal Blade","Immolate","Cleave"],"relics":["Burning Blood","Dream Catcher","Vajra","Lizard Tail","Pen Nib","Darkstone Periapt"],"potions_floor_usage":[16,18,20,23,29,29,29,31],"damage_taken":[{"damage":3,"enemies":"2 Louse","floor":1,"turns":3},{"damage":1,"enemies":"Cultist","floor":4,"turns":3},{"damage":6,"enemies":"Jaw Worm","floor":12,"turns":2},{"damage":8,"enemies":"Red Slaver","floor":13,"turns":2},{"damage":7,"enemies":"Exordium Thugs","floor":14,"turns":4},{"damage":24,"enemies":"The Guardian","floor":16,"turns":8},{"damage":1,"enemies":"Spheric Guardian","floor":18,"turns":3},{"damage":10,"enemies":"2 Thieves","floor":20,"turns":2},{"damage":31,"enemies":"Slaver and Parasite","floor":22,"turns":5},{"damage":25,"enemies":"Chosen and Byrds","floor":23,"turns":7},{"damage":27,"enemies":"Sentry and Sphere","floor":24,"turns":4},{"damage":9,"enemies":"Snake Plant","floor":28,"turns":4},{"damage":39,"enemies":"Slavers","floor":29,"turns":5},{"damage":35,"enemies":"Slaver and Parasite","floor":31,"turns":4},{"damage":62,"enemies":"Champ","floor":33,"turns":11}],"seed_played":"-6869592613343031221","potions_obtained":[{"floor":12,"key":"LiquidBronze"},{"floor":13,"key":"Fire Potion"},{"floor":14,"key":"Strength Potion"},{"floor":16,"key":"EssenceOfSteel"},{"floor":20,"key":"Strength Potion"},{"floor":22,"key":"EssenceOfSteel"},{"floor":23,"key":"SpeedPotion"},{"floor":29,"key":"SteroidPotion"}],"is_trial":false,"path_per_floor":["M","?","$","M","?","R","$","R","T","R","?","M","M","M","R","B",null,"M","?","M","$","M","M","M","R","T","$","M","E","?","M","R"],"character_chosen":"IRONCLAD","items_purchased":["Spot Weakness"],"campfire_rested":2,"item_purchase_floors":[7],"current_hp_per_floor":[80,80,80,80,80,80,80,80,80,80,80,80,78,77,77,59,80,80,56,52,52,31,24,13,29,29,29,32,34,34,9,25,0],"gold":77,"neow_bonus":"RANDOM_COMMON_RELIC","is_prod":false,"is_daily":false,"chose_seed":false,"campfire_upgraded":4,"win_rate":0,"timestamp":1531247190,"path_taken":["M","?","$","?","?","R","$","R","T","R","?","M","?","M","R","BOSS","M","?","M","$","M","?","M","R","T","$","M","E","?","M","R","BOSS"],"build_version":"2018-07-05","purchased_purges":4,"victory":false,"max_hp_per_floor":[80,80,80,80,80,80,80,80,80,80,80,80,80,80,80,80,80,80,56,56,56,56,56,56,56,56,56,56,56,56,56,56,56],"card_choices":[{"not_picked":["Spot Weakness","Corruption"],"picked":"Twin Strike","floor":1},{"not_picked":["Cleave","Flame Barrier"],"picked":"Searing Blow","floor":4},{"not_picked":["Wild Strike","Seeing Red"],"picked":"Iron Wave","floor":12},{"not_picked":["Warcry","True Grit","Thunderclap"],"picked":"SKIP","floor":13},{"not_picked":["Rage","Perfected Strike","Dual Wield"],"picked":"SKIP","floor":14},{"not_picked":["Dark Embrace","Limit Break"],"picked":"Fiend Fire","floor":16},{"not_picked":["Flame Barrier","Thunderclap","Armaments"],"picked":"SKIP","floor":18},{"not_picked":["Corruption+1","Body Slam"],"picked":"Twin Strike","floor":20},{"not_picked":["Metallicize","Dropkick","Carnage"],"picked":"SKIP","floor":22},{"not_picked":["Rage+1","Wild Strike"],"picked":"Thunderclap+1","floor":23},{"not_picked":["Headbutt","Pummel"],"picked":"Flex+1","floor":24},{"not_picked":["Searing Blow+1","Armaments"],"picked":"Cleave","floor":25},{"not_picked":["Thunderclap","Wild Strike"],"picked":"Infernal Blade","floor":28},{"not_picked":["Corruption","Infernal Blade"],"picked":"Immolate","floor":29},{"not_picked":["Sword Boomerang","Pommel Strike"],"picked":"Cleave","floor":31}],"player_experience":132930,"relics_obtained":[{"floor":9,"key":"Vajra"},{"floor":26,"key":"Pen Nib"},{"floor":29,"key":"Darkstone Periapt"}],"event_choices":[{"event_name":"Match and Keep!","player_choice":"2 cards matched","floor":2,"damage_taken":0},{"event_name":"Liars Game","player_choice":"agreed","floor":5,"damage_taken":0},{"event_name":"The Cleric","player_choice":"Card Removal","floor":11,"damage_taken":0},{"event_name":"Vampires","player_choice":"Became a vampire","floor":19,"damage_taken":0},{"event_name":"Back to Basics","player_choice":"Elegance","floor":30,"damage_taken":0}],"boss_relics":[{"not_picked":["Philosopher\u0027s Stone","Empty Cage"],"picked":"Lizard Tail"}],"items_purged_floors":[3,7,21,27],"is_endless":false,"potions_floor_spawned":[12,13,14,16,20,22,23,29],"killed_by":"Champ","ascension_level":0}