{"gold_per_floor":[368,144,159,59,73,102,102,102,102,277,289,307,307,318,318,420,420,435,271,284,384,161,161,189,209,232,232,57,57,57,57,57,161,161,178,193,193,206,223,223,236,36,63,63,63,0,0,15,15,15],"floor_reached":50,"playtime":2880,"items_purged":["Strike_R","Strike_R","Doubt","Defend_R","Strike_R","Strike_R"],"score":635,"play_id":"1b4cba76-0973-408b-a2b7-944fa8266424","local_time":"20180718084812","is_ascension_mode":false,"campfire_choices":[{"data":"Pommel Strike","floor":8,"key":"SMITH"},{"data":"Headbutt","floor":13,"key":"SMITH"},{"data":"Rampage","floor":15,"key":"SMITH"},{"data":"Rampage","floor":23,"key":"SMITH"},{"data":"Immolate","floor":27,"key":"SMITH"},{"floor":32,"key":"REST"},{"data":"Flame Barrier","floor":40,"key":"SMITH"},{"floor":45,"key":"REST"},{"floor":49,"key":"REST"}],"neow_cost":"TEN_PERCENT_HP_LOSS","seed_source_timestamp":0,"circlet_count":0,"master_deck":["Defend_R","Defend_R","Bash","Pommel Strike+1","Pommel Strike","Headbutt+1","Headbutt","Inflame","Rampage+1","Immolate+1","Pommel Strike","Flame Barrier+1","Rampage+1","Cleave","Headbutt","Flex","Iron Wave+1"],"special_seed":0,"relics":["Burning Blood","Orichalcum","Gambling Chip","Darkstone Periapt","Velvet Choker","Matryoshka","Blood Vial","Juzu Bracelet","Dodecahedron","Lizard Tail","Meat on the Bone","Oddly Smooth Stone","Red Mask","Dead Branch"],"potions_floor_usage":[11,16,25,33,33,38],"damage_taken":[{"damage":0,"enemies":"2 Louse","floor":1,"turns":3},{"damage":2,"enemies":"Small Slimes","floor":3,"turns":4},{"damage":1,"enemies":"Jaw Worm","floor":5,"turns":3},{"damage":15,"enemies":"Gremlin Nob","floor":6,"turns":4},{"damage":3,"enemies":"2 Fungi Beasts","floor":11,"turns":2},{"damage":0,"enemies":"3 Louse","floor":12,"turns":3},{"damage":4,"enemies":"Looter","floor":14,"turns":2},{"damage":36,"enemies":"Hexaghost","floor":16,"turns":8},{"damage":0,"enemies":"3 Byrds","floor":18,"turns":3},{"damage":10,"enemies":"Shell Parasite","floor":20,"turns":4},{"damage":33,"enemies":"Book of Stabbing","floor":24,"turns":4},{"damage":4,"enemies":"Cultist and Chosen","floor":25,"turns":3},{"damage":40,"enemies":"Collector","floor":33,"turns":6},{"damage":31,"enemies":"Flame Bruiser 1 Orb","floor":35,"turns":3},{"damage":13,"enemies":"Orb Walker","floor":36,"turns":3},{"damage":0,"enemies":"Sphere and 2 Shapes","floor":38,"turns":2},{"damage":18,"enemies":"3 Darklings","floor":39,"turns":4},{"damage":29,"enemies":"Flame Bruiser 2 Orb","floor":41,"turns":3},{"damage":24,"floor":47,"turns":5},{"damage":15,"enemies":"Spire Growth","floor":48,"turns":5},{"damage":163,"enemies":"Donu and Deca","floor":50,"turns":8}],"seed_played":"6812396737071094116","potions_obtained":[{"floor":1,"key":"Energy Potion"},{"floor":3,"key":"Weak Potion"},{"floor":16,"key":"SteroidPotion"},{"floor":18,"key":"Block Potion"},{"floor":20,"key":"EssenceOfSteel"},{"floor":36,"key":"Explosive Potion"},{"floor":38,"key":"FairyPotion"},{"floor":48,"key":"SpeedPotion"}],"is_trial":false,"path_per_floor":["M","$","M","$","M","E","?","R","T","?","M","M","R","M","R","B",null,"M","$","M","?","$","R","E","M","T","R","$","?","?","?","R","B",null,"M","M","?","M","M","R","M","$","T","$","R","?","?","M","R"],"character_chosen":"IRONCLAD","items_purchased":["Orichalcum","Flame Barrier","Rampage"],"campfire_rested":3,"item_purchase_floors":[2,19,22],"current_hp_per_floor":[72,72,72,72,72,63,56,56,56,62,65,71,71,73,73,43,78,78,78,74,74,74,74,47,49,49,49,49,49,55,55,80,48,84,59,54,54,62,52,52,31,31,31,31,56,56,52,57,82,0],"gold":15,"neow_bonus":"TWO_FIFTY_GOLD","is_prod":false,"is_daily":false,"chose_seed":false,"campfire_upgraded":6,"win_rate":0,"timestamp":1531921692,"path_taken":["M","$","M","$","M","E","?","R","T","?","M","M","R","M","R","BOSS","M","$","M","?","$","R","E","M","T","R","$","?","?","?","R","BOSS","M","M","?","M","M","R","M","$","T","$","R","?","?","M","R","BOSS"],"build_version":"2018-07-12","purchased_purges":6,"victory":false,"max_hp_per_floor":[72,72,72,72,72,72,72,72,72,78,78,78,78,78,78,78,78,78,78,78,78,78,78,78,78,78,78,78,78,84,84,84,84,84,84,84,84,84,84,84,84,84,84,84,84,84,84,84,84,84],"card_choices":[{"not_picked":["Hemokinesis","Perfected Strike"],"picked":"Pommel Strike","floor":1},{"not_picked":["Whirlwind","Twin Strike"],"picked":"Pommel Strike","floor":3},{"not_picked":["Disarm","Flame Barrier"],"picked":"Headbutt","floor":5},{"not_picked":["Carnage","Clothesline"],"picked":"Headbutt","floor":6},{"not_picked":["Warcry","Seeing Red"],"picked":"Inflame","floor":11},{"not_picked":["Metallicize","Disarm","Whirlwind"],"picked":"SKIP","floor":12},{"not_picked":["Pommel Strike","Sentinel"],"picked":"Rampage","floor":14},{"not_picked":["Brutality","Feed"],"picked":"Immolate","floor":16},{"not_picked":["True Grit+1","Feel No Pain"],"picked":"Pommel Strike","floor":18},{"not_picked":["Clash","Entrench","Iron Wave"],"picked":"SKIP","floor":20},{"not_picked":["Bludgeon","Pommel Strike"],"picked":"Cleave","floor":24},{"not_picked":["Perfected Strike","Rampage"],"picked":"Headbutt","floor":25},{"not_picked":["Headbutt+1","Pommel Strike+1","Rupture+1"],"picked":"SKIP","floor":35},{"not_picked":["True Grit","Burning Pact+1","Headbutt+1"],"picked":"SKIP","floor":36},{"not_picked":["Armaments","Sever Soul"],"picked":"Flex","floor":38},{"not_picked":["Thunderclap+1","Uppercut+1","Havoc+1"],"picked":"SKIP","floor":39},{"not_picked":["Fire Breathing","Clothesline+1"],"picked":"Iron Wave+1","floor":41},{"not_picked":["Clothesline","Anger+1","Iron Wave"],"picked":"SKIP","floor":48}],"player_experience":207297,"relics_obtained":[{"floor":6,"key":"Gambling Chip"},{"floor":9,"key":"Darkstone Periapt"},{"floor":24,"key":"Matryoshka"},{"floor":26,"key":"Blood Vial"},{"floor":26,"key":"Juzu Bracelet"},{"floor":43,"key":"Meat on the Bone"},{"floor":43,"key":"Oddly Smooth Stone"},{"floor":47,"key":"Dead Branch"}],"event_choices":[{"event_name":"Golden Wing","player_choice":"Card Removal","floor":7,"damage_taken":0},{"event_name":"Liars Game","player_choice":"agreed","floor":10,"damage_taken":0},{"event_name":"Golden Shrine","player_choice":"Pray","floor":21,"damage_taken":0},{"event_name":"Addict","player_choice":"Ignored","floor":29,"damage_taken":0},{"event_name":"The Mausoleum","player_choice":"Yes","floor":30,"damage_taken":0},{"event_name":"Back to Basics","player_choice":"Elegance","floor":31,"damage_taken":0},{"event_name":"Falling","player_choice":"Removed Skill","floor":37,"damage_taken":0},{"event_name":"Tomb of Lord Red Mask","player_choice":"Paid","floor":46,"damage_taken":0},{"event_name":"MindBloom","player_choice":"Fight","floor":47,"damage_taken":0}],"boss_relics":[{"not_picked":["Orrery","Ectoplasm"],"picked":"Velvet Choker"},{"not_picked":["Eternal Feather","Snecko Eye"],"picked":"Lizard Tail"}],"items_purged_floors":[2,4,19,22,28,42],"is_endless":false,"potions_floor_spawned":[1,3,16,18,20,24,36,38,48],"killed_by":"Donu and Deca","ascension_level":0}