{"gold_per_floor":[111,124,124,135,135,135,167,167,193,227,182,196,216,277,277,374,374,384,401,274,274,291,291,147,147,147,176,191,191,206,216,216,216],"floor_reached":33,"playtime":3075,"items_purged":["Strike_G"],"score":459,"play_id":"6dee1908-f191-4c89-81c0-b25a5114fc3a","local_time":"20190501115057","is_ascension_mode":true,"campfire_choices":[{"data":"Noxious Fumes","floor":6,"key":"SMITH"},{"data":"Poisoned Stab","floor":8,"key":"SMITH"},{"floor":15,"key":"REST"},{"data":"Deadly Poison","floor":23,"key":"SMITH"},{"data":"Poisoned Stab","floor":25,"key":"SMITH"},{"data":"Bouncing Flask","floor":29,"key":"SMITH"},{"floor":32,"key":"REST"}],"neow_cost":"NONE","seed_source_timestamp":143127485437803,"circlet_count":0,"master_deck":["AscendersBane","Defend_G","Defend_G","Defend_G","Defend_G","Defend_G","Strike_G","Strike_G","Strike_G","Strike_G","Survivor","Neutralize+1","Blur+1","Noxious Fumes+1","Flying Knee","Poisoned Stab+1","Riddle With Holes","Deadly Poison+1","Flying Knee","Acrobatics","Sucker Punch","Wraith Form v2","Flying Knee","Noxious Fumes+1","Poisoned Stab+1","Poisoned Stab+1","Backstab","Doubt","Dagger Throw+1","Bouncing Flask+1","Well Laid Plans","Bullet Time"],"relics":["Ring of the Snake","Lantern","Vajra","Bag of Preparation","Potion Belt","Tiny Chest","Cursed Key","Whetstone","Blood Vial","Regal Pillow"],"potions_floor_usage":[14,14,16,16,33],"damage_taken":[{"damage":0,"enemies":"2 Louse","floor":1,"turns":4},{"damage":0,"enemies":"Cultist","floor":2,"turns":5},{"damage":0,"enemies":"Small Slimes","floor":4,"turns":4},{"damage":21,"enemies":"Gremlin Nob","floor":7,"turns":5},{"damage":2,"enemies":"3 Sentries","floor":10,"turns":7},{"damage":0,"enemies":"Looter","floor":12,"turns":3},{"damage":3,"enemies":"Blue Slaver","floor":13,"turns":4},{"damage":10,"enemies":"Lagavulin","floor":14,"turns":4},{"damage":2,"enemies":"Slime Boss","floor":16,"turns":7},{"damage":0,"enemies":"3 Byrds","floor":18,"turns":5},{"damage":1,"enemies":"Spheric Guardian","floor":19,"turns":4},{"damage":3,"enemies":"Snake Plant","floor":22,"turns":4},{"damage":32,"enemies":"Slavers","floor":27,"turns":5},{"damage":2,"enemies":"Snecko","floor":28,"turns":4},{"damage":10,"enemies":"Sentry and Sphere","floor":30,"turns":4},{"damage":13,"enemies":"Snake Plant","floor":31,"turns":4},{"damage":97,"enemies":"Automaton","floor":33,"turns":6}],"seed_played":"2123204434417542676","potions_obtained":[{"floor":1,"key":"LiquidBronze"},{"floor":4,"key":"Energy Potion"},{"floor":7,"key":"PowerPotion"},{"floor":10,"key":"Fire Potion"},{"floor":13,"key":"SteroidPotion"},{"floor":19,"key":"SteroidPotion"},{"floor":27,"key":"SneckoOil"},{"floor":31,"key":"Fire Potion"}],"is_trial":false,"path_per_floor":["M","M","?","M","?","R","E","R","T","E","$","M","M","E","R","B",null,"M","M","$","?","M","R","$","R","T","E","M","R","M","M","R","B"],"character_chosen":"THE_SILENT","items_purchased":["Deadly Poison","Poisoned Stab","Whetstone"],"campfire_rested":2,"item_purchase_floors":[11,20,24],"current_hp_per_floor":[70,70,70,70,70,70,49,49,49,47,47,47,44,34,57,55,72,72,71,71,71,68,68,68,68,68,38,38,38,30,19,57,0],"gold":216,"neow_bonus":"TEN_PERCENT_HP_BONUS","is_prod":false,"is_daily":false,"chose_seed":false,"campfire_upgraded":5,"win_rate":0,"timestamp":1556729457,"path_taken":["M","M","?","?","?","R","E","R","T","E","$","?","M","E","R","BOSS","M","?","$","?","M","R","$","R","T","E","M","R","M","M","R","BOSS"],"build_version":"2019-01-23","purchased_purges":1,"victory":false,"max_hp_per_floor":[77,77,77,77,77,77,77,77,77,77,77,77,77,77,77,77,77,77,77,77,77,77,77,77,77,77,77,77,77,77,77,77,77],"card_choices":[{"not_picked":["Concentrate","Choke"],"picked":"Blur","floor":1},{"not_picked":["Dagger Throw","Underhanded Strike"],"picked":"Noxious Fumes","floor":2},{"not_picked":["Skewer","Sucker Punch"],"picked":"Flying Knee","floor":4},{"not_picked":["Riddle With Holes","Underhanded Strike"],"picked":"Poisoned Stab","floor":7},{"not_picked":["Masterful Stab","Blur"],"picked":"Riddle With Holes","floor":10},{"not_picked":["Bane","Skewer"],"picked":"Flying Knee","floor":12},{"not_picked":["After Image","Blade Dance"],"picked":"Acrobatics","floor":13},{"not_picked":["Cloak And Dagger","Escape Plan"],"picked":"Sucker Punch","floor":14},{"not_picked":["Venomology","Grand Finale"],"picked":"Wraith Form v2","floor":16},{"not_picked":["Crippling Poison","Cloak And Dagger"],"picked":"Flying Knee","floor":18},{"not_picked":["Dagger Spray","Masterful Stab"],"picked":"Noxious Fumes+1","floor":19},{"not_picked":["Finisher","Infinite Blades"],"picked":"Backstab","floor":22},{"not_picked":["Underhanded Strike","Masterful Stab"],"picked":"Dagger Throw+1","floor":27},{"not_picked":["Distraction","Setup+1"],"picked":"Bouncing Flask","floor":28},{"not_picked":["Deflect","Terror"],"picked":"Well Laid Plans","floor":30},{"not_picked":["Endless Agony+1","Flying Knee"],"picked":"Bullet Time","floor":31}],"player_experience":1354757,"relics_obtained":[{"floor":7,"key":"Vajra"},{"floor":9,"key":"Bag of Preparation"},{"floor":10,"key":"Potion Belt"},{"floor":14,"key":"Tiny Chest"},{"floor":26,"key":"Blood Vial"},{"floor":27,"key":"Regal Pillow"}],"event_choices":[{"damage_healed":0,"gold_gain":0,"player_choice":"Gave Potion","damage_taken":0,"relics_obtained":["Lantern"],"max_hp_gain":0,"max_hp_loss":0,"event_name":"WeMeetAgain","floor":3,"gold_loss":0},{"damage_healed":0,"gold_gain":0,"player_choice":"Forge","damage_taken":0,"max_hp_gain":0,"max_hp_loss":0,"event_name":"Accursed Blacksmith","floor":5,"gold_loss":0,"cards_upgraded":["Blur"]},{"damage_healed":0,"gold_gain":0,"player_choice":"Read","damage_taken":0,"max_hp_gain":0,"max_hp_loss":0,"event_name":"The Library","floor":21,"gold_loss":0,"cards_obtained":["Poisoned Stab"]}],"is_beta":false,"boss_relics":[{"not_picked":["Philosopher\u0027s Stone","HoveringKite"],"picked":"Cursed Key"}],"items_purged_floors":[20],"is_endless":false,"potions_floor_spawned":[1,4,7,10,13,19,27,31],"killed_by":"Automaton","ascension_level":12}