{"gold_per_floor":[115,115,135,135,153,187,212,212,212,212,241,215,232,232,232,335,335,348,303,316,316],"floor_reached":21,"playtime":1489,"items_purged":[],"score":187,"play_id":"89f175b2-7ca1-4d9c-b11e-66cff9bd1001","local_time":"20181118120847","is_ascension_mode":false,"campfire_choices":[{"data":"Fusion","floor":8.0,"key":"SMITH"},{"data":"Zap","floor":15,"key":"SMITH"}],"neow_cost":"NONE","seed_source_timestamp":0,"circlet_count":0,"master_deck":["Strike_B","Strike_B","Strike_B","Defend_B","Defend_B","Defend_B","Defend_B","Zap+1","Dualcast","Darkness","Darkness","Compile Driver","Fusion+1","Ball Lightning","Conserve Battery","Cold Snap","Cold Snap","Reboot","Ball Lightning+1","Redo","Rebound"],"special_seed":0,"relics":["Cracked Core","Orichalcum","Meat on the Bone","Potion Belt","Odd Mushroom","Bottled Flame","Kunai","Black Star"],"potions_floor_usage":[],"damage_taken":[{"damage":0.0,"enemies":"2 Louse","floor":1.0,"turns":2.0},{"damage":2.0,"enemies":"Small Slimes","floor":3.0,"turns":3.0},{"damage":5.0,"enemies":"Jaw Worm","floor":5.0,"turns":2.0},{"damage":8.0,"enemies":"Gremlin Nob","floor":6.0,"turns":3.0},{"damage":2.0,"enemies":"The Mushroom Lair","floor":7.0,"turns":5.0},{"damage":27,"enemies":"3 Sentries","floor":11,"turns":7},{"damage":4,"enemies":"Lots of Slimes","floor":13,"turns":4},{"damage":35,"enemies":"The Guardian","floor":16,"turns":11},{"damage":25,"enemies":"3 Byrds","floor":18,"turns":5},{"damage":0,"enemies":"Chosen","floor":20,"turns":4},{"damage":0,"enemies":"Snake Plant","floor":21,"turns":1}],"seed_played":"9167208139203022462","potions_obtained":[{"floor":1.0,"key":"SteroidPotion"},{"floor":5.0,"key":"EssenceOfSteel"},{"floor":13,"key":"Dexterity Potion"},{"floor":18,"key":"Fire Potion"}],"is_trial":false,"path_per_floor":["M","?","M","?","M","E","?","R","T","?","E","$","M","?","R","B",null,"M","$","M","M"],"character_chosen":"DEFECT","items_purchased":["Cold Snap","Redo"],"campfire_rested":0,"item_purchase_floors":[12,19],"current_hp_per_floor":[75,68,66,63,58,50,48,48,48,48,33,33,41,66,66,43,75,50,50,50,50],"gold":316,"neow_bonus":"RANDOM_COMMON_RELIC","is_prod":false,"is_daily":false,"chose_seed":false,"campfire_upgraded":2,"win_rate":0,"timestamp":1542564527,"path_taken":["M","?","M","?","M","E","?","R","T","?","E","$","M","?","R","BOSS","M","$","M","M"],"build_version":"2018-11-15","purchased_purges":0,"victory":false,"max_hp_per_floor":[75,75,75,75,75,75,75,75,75,75,75,75,75,75,75,75,75,75,75,75,75],"card_choices":[{"not_picked":["Chill","Reprogram"],"picked":"Darkness","floor":1.0},{"not_picked":["Streamline","Cold Snap"],"picked":"Darkness","floor":3.0},{"not_picked":["Beam Cell","Hologram"],"picked":"Compile Driver","floor":5.0},{"not_picked":["Beam Cell","Streamline"],"picked":"Fusion","floor":6.0},{"not_picked":["Stack","Go for the Eyes"],"picked":"Ball Lightning","floor":7.0},{"not_picked":["Amplify","Barrage"],"picked":"Conserve Battery","floor":11},{"not_picked":["Compile Driver","Coolheaded"],"picked":"Cold Snap","floor":13},{"not_picked":["Buffer","Biased Cognition"],"picked":"Reboot","floor":16},{"not_picked":["Gash","Rebound+1"],"picked":"Ball Lightning+1","floor":18},{"not_picked":["Hologram","Aggregate"],"picked":"Rebound","floor":20}],"player_experience":1031609,"relics_obtained":[{"floor":6.0,"key":"Potion Belt"},{"floor":7.0,"key":"Odd Mushroom"},{"floor":9.0,"key":"Bottled Flame"},{"floor":11,"key":"Kunai"}],"event_choices":[{"cards_removed":["Strike_B"],"damage_healed":0.0,"max_hp_gain":0.0,"max_hp_loss":0.0,"gold_gain":0.0,"event_name":"Golden Wing","player_choice":"Card Removal","floor":2.0,"gold_loss":0.0,"damage_taken":7.0},{"damage_healed":0.0,"max_hp_gain":0.0,"max_hp_loss":0.0,"gold_gain":0.0,"event_name":"Scrap Ooze","player_choice":"Success","floor":4.0,"gold_loss":0.0,"damage_taken":3.0,"relics_obtained":["Meat on the Bone"]},{"damage_healed":0.0,"max_hp_gain":0.0,"max_hp_loss":0.0,"gold_gain":0.0,"event_name":"Mushrooms","player_choice":"Fought Mushrooms","floor":7.0,"gold_loss":0.0,"damage_taken":0.0},{"damage_healed":0.0,"max_hp_gain":0.0,"max_hp_loss":0.0,"gold_gain":0.0,"event_name":"Golden Idol","player_choice":"Ignored","floor":10.0,"gold_loss":0.0,"damage_taken":0.0},{"damage_healed":25,"gold_gain":0,"player_choice":"Banana","damage_taken":0,"max_hp_gain":0,"max_hp_loss":0,"event_name":"Big Fish","floor":14,"gold_loss":0}],"is_beta":false,"boss_relics":[{"not_picked":["Pandora\u0027s Box","Cursed Key"],"picked":"Black Star"}],"items_purged_floors":[],"is_endless":false,"potions_floor_spawned":[1,5,13,18],"killed_by":"Snake Plant","ascension_level":0}