{"gold_per_floor":[117,292,305,46,46,78,78,103,103,103,103,122,147,158,158,258,308,326,342,83,93,109,109,134,134,134,166,166,178,178],"floor_reached":30,"playtime":1735,"items_purged":["Doubt"],"score":498,"play_id":"d7841276-7398-418c-9f08-19e95d26f5ae","local_time":"20180913134009","is_ascension_mode":true,"campfire_choices":[{"data":"Bash","floor":7.0,"key":"SMITH"},{"floor":15.0,"key":"REST"},{"data":"Rampage","floor":23.0,"key":"SMITH"},{"data":"Rampage","floor":25.0,"key":"SMITH"}],"neow_cost":"","seed_source_timestamp":0,"circlet_count":0,"master_deck":["Strike_R","Strike_R","Strike_R","Strike_R","Strike_R","Defend_R","Defend_R","Defend_R","Defend_R","Bash+1","Pommel Strike+1","Thunderclap+1","Flame Barrier","Rampage+1","Sadistic Nature+1","Headbutt","Headbutt","Rampage+1","Inflame+1","Impervious"],"special_seed":0,"relics":["Burning Blood","Singing Bowl","Frozen Egg 2","Paper Frog","Self Forming Clay","Mercury Hourglass","Vajra","Tiny House","Pantograph","Ornamental Fan","Mummified Hand"],"potions_floor_usage":[],"damage_taken":[{"damage":5.0,"enemies":"Jaw Worm","floor":1.0,"turns":5.0},{"damage":0.0,"enemies":"Small Slimes","floor":3.0,"turns":3.0},{"damage":32.0,"enemies":"Gremlin Nob","floor":6.0,"turns":4.0},{"damage":40.0,"enemies":"3 Sentries","floor":8.0,"turns":8.0},{"damage":0.0,"enemies":"Cultist","floor":12.0,"turns":2.0},{"damage":25.0,"enemies":"Gremlin Nob","floor":13.0,"turns":4.0},{"damage":0.0,"enemies":"Large Slime","floor":14.0,"turns":6.0},{"damage":0.0,"enemies":"Slime Boss","floor":16.0,"turns":3.0},{"damage":12.0,"enemies":"Chosen","floor":18.0,"turns":6.0},{"damage":24.0,"enemies":"Spheric Guardian","floor":19.0,"turns":4.0},{"damage":14.0,"enemies":"Centurion and Healer","floor":21.0,"turns":7.0},{"damage":12.0,"enemies":"Snake Plant","floor":22.0,"turns":4.0},{"damage":18.0,"enemies":"Gremlin Leader","floor":24.0,"turns":6.0},{"damage":50.0,"enemies":"Book of Stabbing","floor":27.0,"turns":5.0},{"damage":8.0,"enemies":"Snecko","floor":29.0,"turns":5.0},{"damage":3,"enemies":"Shelled Parasite and Fungi","floor":30,"turns":3}],"seed_played":"1296140121566559437","potions_obtained":[{"floor":8.0,"key":"Energy Potion"},{"floor":13.0,"key":"AttackPotion"},{"floor":14.0,"key":"Regen Potion"},{"floor":16.0,"key":"Dexterity Potion"},{"floor":17.0,"key":"Energy Potion"},{"floor":18.0,"key":"PowerPotion"},{"floor":19.0,"key":"PowerPotion"},{"floor":22.0,"key":"PowerPotion"}],"is_trial":false,"path_per_floor":["M","?","M","$","?","E","R","E","T","?","T","M","E","M","R","B",null,"M","M","$","M","M","R","E","R","T","E","?","M"],"character_chosen":"IRONCLAD","items_purchased":["Singing Bowl","Sadistic Nature+1"],"campfire_rested":1,"item_purchase_floors":[4,20],"current_hp_per_floor":[73,73,79,79,79,55,55,23,23,23,23,29,12,20,46,54,86,82,66,66,73,67,67,55,55,55,13,13,13,10],"gold":178,"neow_bonus":"","is_prod":false,"is_daily":false,"chose_seed":false,"campfire_upgraded":3,"win_rate":0,"timestamp":1536864009,"path_taken":["M","?","M","?","?","E","R","E","T","?","?","M","E","?","R","BOSS","M","M","$","M","M","R","E","R","T","E","?","M","M"],"build_version":"2018-09-06","purchased_purges":1,"victory":false,"max_hp_per_floor":[80,80,80,80,80,82,82,84,84,84,84,84,86,88,88,90,95,97,99,99,99,99,99,99,99,99,101,101,103,103],"card_choices":[{"not_picked":["Bloodletting","Heavy Blade"],"picked":"Pommel Strike","floor":1.0},{"not_picked":["Anger","Clash"],"picked":"Thunderclap","floor":3.0},{"not_picked":["Warcry","Corruption","Blood for Blood"],"picked":"Singing Bowl","floor":6.0},{"not_picked":["Flex","Dark Embrace+1","Second Wind"],"picked":"Singing Bowl","floor":8.0},{"not_picked":["Clothesline","Sword Boomerang"],"picked":"Flame Barrier","floor":12.0},{"not_picked":["Heavy Blade","Wild Strike","True Grit"],"picked":"Singing Bowl","floor":13.0},{"not_picked":["Reckless Charge","Perfected Strike","Clothesline"],"picked":"Singing Bowl","floor":14.0},{"not_picked":["Limit Break","Dark Embrace+1","Offering"],"picked":"Singing Bowl","floor":16.0},{"not_picked":["Iron Wave","Havoc"],"picked":"Rampage","floor":17.0},{"not_picked":["Second Wind","Sentinel","Clash"],"picked":"Singing Bowl","floor":18.0},{"not_picked":["Warcry","Infernal Blade","Armaments"],"picked":"Singing Bowl","floor":19.0},{"not_picked":["Warcry","Heavy Blade"],"picked":"Headbutt","floor":21.0},{"not_picked":["Second Wind","Perfected Strike"],"picked":"Headbutt","floor":22.0},{"not_picked":["Entrench","Cleave+1"],"picked":"Rampage","floor":24.0},{"not_picked":["Clothesline","Berserk+1","Battle Trance"],"picked":"Singing Bowl","floor":27.0},{"not_picked":["Body Slam","Second Wind","Infernal Blade"],"picked":"Singing Bowl","floor":29.0}],"player_experience":596911,"relics_obtained":[{"floor":6.0,"key":"Frozen Egg 2"},{"floor":8.0,"key":"Paper Frog"},{"floor":9.0,"key":"Self Forming Clay"},{"floor":11.0,"key":"Mercury Hourglass"},{"floor":13.0,"key":"Vajra"},{"floor":24.0,"key":"Pantograph"},{"floor":26.0,"key":"Ornamental Fan"},{"floor":27.0,"key":"Mummified Hand"}],"event_choices":[{"event_name":"Liars Game","player_choice":"agreed","floor":2.0,"damage_taken":0.0},{"event_name":"Living Wall","player_choice":"Grow","floor":5.0,"damage_taken":0.0},{"event_name":"Shining Light","player_choice":"Ignored","floor":10.0,"damage_taken":0.0},{"event_name":"Match and Keep!","player_choice":"2 cards matched","floor":28.0,"damage_taken":0.0}],"is_beta":false,"boss_relics":[{"not_picked":["Coffee Dripper","Ectoplasm"],"picked":"Tiny House"}],"items_purged_floors":[20],"is_endless":false,"potions_floor_spawned":[8,13,14,16,18,19,22],"killed_by":"Shelled Parasite and Fungi","ascension_level":8}