{"gold_per_floor":[115,115,131,131,151,151,151,151,176,31,49,117,135,151,151,272,272,261,261,261,261],"floor_reached":21,"playtime":1550,"items_purged":["Strike_B"],"score":169,"play_id":"f582f0c8-6e4e-4929-bd97-af4a7ef6542b","local_time":"20180723131011","is_ascension_mode":false,"campfire_choices":[{"floor":6,"key":"REST"},{"data":"Scrape","floor":8,"key":"SMITH"},{"data":"Ball Lightning","floor":15,"key":"SMITH"}],"neow_cost":"","seed_source_timestamp":2322197435780222,"circlet_count":0,"master_deck":["Strike_B","Strike_B","Strike_B","Defend_B","Defend_B","Defend_B","Defend_B","Zap","Dualcast","Loop","Glacier","Scrape+1","Genetic Algorithm","Fusion","Ball Lightning+1","Compile Driver","Fission","Blizzard+1","RitualDagger"],"relics":["Cracked Core","Golden Idol","GremlinMask","Ancient Tea Set","Question Card","Nuclear Battery"],"potions_floor_usage":[14],"damage_taken":[{"damage":1,"enemies":"Small Slimes","floor":1,"turns":4},{"damage":5,"enemies":"Cultist","floor":3,"turns":4},{"damage":2,"enemies":"2 Louse","floor":5,"turns":3},{"damage":3,"enemies":"Blue Slaver","floor":11,"turns":5},{"damage":7,"enemies":"3 Louse","floor":13,"turns":5},{"damage":9,"enemies":"Gremlin Gang","floor":14,"turns":5},{"damage":40,"enemies":"Slime Boss","floor":16,"turns":10},{"damage":33,"enemies":"2 Thieves","floor":18,"turns":4},{"damage":18,"enemies":"Shell Parasite","floor":21,"turns":4}],"seed_played":"4851110108966412315","potions_obtained":[{"floor":1,"key":"Block Potion"},{"floor":3,"key":"Dexterity Potion"},{"floor":13,"key":"Poison Potion"},{"floor":14,"key":"GamblersBrew"}],"is_trial":false,"path_per_floor":["M","?","M","?","M","R","?","R","T","$","M","T","M","M","R","B",null,"M","?","?"],"character_chosen":"DEFECT","items_purchased":["Genetic Algorithm"],"campfire_rested":1,"item_purchase_floors":[10],"current_hp_per_floor":[74,74,69,51,49,71,71,71,71,71,68,68,61,52,52,12,75,42,36,36,18],"gold":261,"neow_bonus":"","is_prod":false,"is_daily":false,"chose_seed":false,"campfire_upgraded":2,"win_rate":0.0,"timestamp":1532369411,"path_taken":["M","?","M","?","M","R","?","R","T","$","?","?","M","?","R","BOSS","M","?","?","M"],"build_version":"2018-07-19v2","purchased_purges":1,"victory":false,"max_hp_per_floor":[75,75,75,75,75,75,75,75,75,75,75,75,75,75,75,75,75,75,75,75,75],"card_choices":[{"not_picked":["Conserve Battery","Blizzard"],"picked":"Loop","floor":1},{"not_picked":["Conserve Battery","Melter"],"picked":"Glacier","floor":3},{"not_picked":["Barrage","Steam"],"picked":"Scrape","floor":5},{"not_picked":["Consume","Leap"],"picked":"Fusion","floor":11},{"not_picked":["Hello World","Sweeping Beam","Go for the Eyes"],"picked":"Ball Lightning","floor":13},{"not_picked":["Steam","Redo","Blizzard"],"picked":"Compile Driver","floor":14},{"not_picked":["Reboot","Creative AI","Echo Form"],"picked":"Fission","floor":16},{"not_picked":["Rebound","Skim","Beam Cell"],"picked":"Blizzard+1","floor":18}],"player_experience":293568,"relics_obtained":[{"floor":9,"key":"Ancient Tea Set"},{"floor":12,"key":"Question Card"}],"event_choices":[{"event_name":"Liars Game","player_choice":"disagreed","floor":2,"damage_taken":0},{"event_name":"Golden Idol","player_choice":"Take Damage","floor":4,"damage_taken":0},{"event_name":"FaceTrader","player_choice":"Trade","floor":7,"damage_taken":0},{"event_name":"Nest","player_choice":"Joined the Cult","floor":19,"damage_taken":0},{"event_name":"Ghosts","player_choice":"Ignored","floor":20,"damage_taken":0}],"is_beta":false,"boss_relics":[{"not_picked":["Runic Pyramid","Tiny House"],"picked":"Nuclear Battery"}],"items_purged_floors":[10],"is_endless":false,"potions_floor_spawned":[1,3,13,14],"killed_by":"Shell Parasite","ascension_level":0}