{"gold_per_floor":[15,15,15,15,33,33,47,77,77,2,12,23,23,56,56,158,158,128,128,128,128,128,128,128,128,128,128,128,128],"floor_reached":29,"playtime":2255,"items_purged":["Strike_B"],"score":319,"play_id":"81538bea-bc6e-466f-9360-a754529f3c1a","local_time":"20190525201926","is_ascension_mode":true,"campfire_choices":[{"data":"White Noise","floor":6.0,"key":"SMITH"},{"floor":15.0,"key":"REST"},{"data":"Reinforced Body","floor":24.0,"key":"SMITH"}],"neow_cost":"NO_GOLD","seed_source_timestamp":1541342684390227,"circlet_count":0,"master_deck":["Strike_B","Defend_B","Defend_B","Defend_B","Defend_B","Zap","Meteor Strike","White Noise+1","Turbo","Tempest","Electrodynamics","Reinforced Body+1"],"special_seed":0,"relics":["Cracked Core","Centennial Puzzle","Gremlin Horn","Happy Flower","Ectoplasm","Boot","Frozen Egg 2","Singing Bowl"],"potions_floor_usage":[29],"damage_taken":[{"damage":14.0,"enemies":"Jaw Worm","floor":1.0,"turns":4.0},{"damage":1.0,"enemies":"Cultist","floor":5.0,"turns":3.0},{"damage":6.0,"enemies":"2 Louse","floor":7.0,"turns":2.0},{"damage":30.0,"enemies":"Gremlin Nob","floor":8.0,"turns":4.0},{"damage":8.0,"enemies":"Gremlin Gang","floor":11.0,"turns":2.0},{"damage":8.0,"enemies":"2 Fungi Beasts","floor":12.0,"turns":3.0},{"damage":0.0,"enemies":"Exordium Thugs","floor":13.0,"turns":1.0},{"damage":0.0,"enemies":"Lagavulin","floor":14.0,"turns":7.0},{"damage":35.0,"enemies":"Slime Boss","floor":16.0,"turns":9.0},{"damage":10.0,"enemies":"2 Thieves","floor":18.0,"turns":2.0},{"damage":0.0,"enemies":"Spheric Guardian","floor":20.0,"turns":2.0},{"damage":16.0,"enemies":"Snake Plant","floor":21.0,"turns":2.0},{"damage":8.0,"enemies":"Shelled Parasite and Fungi","floor":22.0,"turns":7.0},{"damage":3.0,"enemies":"Gremlin Leader","floor":23.0,"turns":3.0},{"damage":25.0,"enemies":"Book of Stabbing","floor":25.0,"turns":5.0},{"damage":5.0,"enemies":"Centurion and Healer","floor":27.0,"turns":3.0},{"damage":1,"enemies":"Cultist and Chosen","floor":28,"turns":4},{"damage":13,"enemies":"Slavers","floor":29,"turns":1}],"seed_played":"-3636613389721460287","potions_obtained":[{"floor":5.0,"key":"SmokeBomb"},{"floor":8.0,"key":"Regen Potion"},{"floor":11.0,"key":"FocusPotion"},{"floor":14.0,"key":"Fire Potion"},{"floor":16.0,"key":"Swift Potion"},{"floor":22.0,"key":"Fire Potion"},{"floor":25.0,"key":"FearPotion"},{"floor":27.0,"key":"EssenceOfSteel"}],"is_trial":false,"path_per_floor":["M","?","?","$","M","R","M","E","T","$","M","M","M","E","R","B",null,"M","?","M","M","M","E","R","E","T","M","M","E"],"character_chosen":"DEFECT","items_purchased":[],"campfire_rested":1,"item_purchase_floors":[],"current_hp_per_floor":[61,61,61,61,60,60,54,24,24,24,16,8,8,23,45,10,75,65,65,65,49,41,38,38,13,13,10,11,0],"gold":128,"neow_bonus":"TRANSFORM_TWO_CARDS","is_prod":false,"is_daily":false,"chose_seed":false,"campfire_upgraded":2,"win_rate":0,"timestamp":1558808366,"path_taken":["M","?","?","?","M","R","M","E","T","$","M","M","?","E","R","BOSS","M","?","M","M","M","E","R","E","T","M","M","E"],"build_version":"2019-01-23","purchased_purges":1,"victory":false,"max_hp_per_floor":[75,75,75,75,75,75,75,75,75,75,75,75,75,75,75,75,75,75,75,75,75,75,75,75,75,75,77,79,79],"card_choices":[{"not_picked":["Gash","Cold Snap"],"picked":"Turbo","floor":1.0},{"not_picked":["Stack","Compile Driver","Turbo"],"picked":"SKIP","floor":5.0},{"not_picked":["Storm","Compile Driver","Beam Cell"],"picked":"SKIP","floor":7.0},{"not_picked":["White Noise","Steam"],"picked":"Tempest","floor":8.0},{"not_picked":["Rip and Tear","Go for the Eyes","Steam Power"],"picked":"SKIP","floor":11.0},{"not_picked":["Beam Cell","Redo","Turbo"],"picked":"SKIP","floor":12.0},{"not_picked":["Lockon","Barrage","Stack"],"picked":"SKIP","floor":14.0},{"not_picked":["Amplify","Thunder Strike"],"picked":"Electrodynamics","floor":16.0},{"not_picked":["Coolheaded","Hologram","Beam Cell"],"picked":"SKIP","floor":18.0},{"not_picked":["Redo+1","Leap+1","Hologram"],"picked":"SKIP","floor":20.0},{"not_picked":["Heatsinks","Genetic Algorithm","Compile Driver"],"picked":"SKIP","floor":21.0},{"not_picked":["Loop","Multi-Cast"],"picked":"Reinforced Body","floor":22.0},{"not_picked":["Compile Driver","Barrage","Storm"],"picked":"SKIP","floor":23.0},{"not_picked":["Conserve Battery+1","Chaos+1","Scrape"],"picked":"SKIP","floor":25.0},{"not_picked":["Coolheaded","Go for the Eyes","Gash"],"picked":"Singing Bowl","floor":27.0},{"not_picked":["Force Field","Compile Driver+1","Turbo"],"picked":"Singing Bowl","floor":28}],"player_experience":318378,"relics_obtained":[{"floor":8.0,"key":"Centennial Puzzle"},{"floor":9.0,"key":"Gremlin Horn"},{"floor":14.0,"key":"Happy Flower"},{"floor":23.0,"key":"Boot"},{"floor":25.0,"key":"Frozen Egg 2"},{"floor":26.0,"key":"Singing Bowl"}],"event_choices":[{"damage_healed":0.0,"max_hp_gain":0.0,"max_hp_loss":0.0,"gold_gain":0.0,"event_name":"The Cleric","player_choice":"Leave","floor":2.0,"gold_loss":0.0,"damage_taken":0.0},{"damage_healed":0.0,"max_hp_gain":0.0,"max_hp_loss":0.0,"gold_gain":0.0,"event_name":"Liars Game","player_choice":"Ignored","floor":3.0,"gold_loss":0.0,"damage_taken":0.0},{"cards_removed":["Strike_B"],"damage_healed":0.0,"max_hp_gain":0.0,"max_hp_loss":0.0,"gold_gain":0.0,"event_name":"Purifier","player_choice":"Purged","floor":19.0,"gold_loss":0.0,"damage_taken":0.0}],"is_beta":false,"boss_relics":[{"not_picked":["Inserter","White Beast Statue"],"picked":"Ectoplasm"}],"items_purged_floors":[10],"is_endless":false,"potions_floor_spawned":[5,8,11,14,16,22,25,27],"killed_by":"Slavers","ascension_level":1}