{"gold_per_floor":[20,31,31,50,50,50,85,85,138,150,150,180,193,207,207,304,304,304,259,259,259,259,259,259,259,259,259,259,259,259,259,259,259],"floor_reached":33,"playtime":2298,"items_purged":[],"score":424,"play_id":"b50db763-bd21-4d51-9fa7-7dbae91ed594","local_time":"20190530133305","is_ascension_mode":true,"campfire_choices":[{"data":"Fiend Fire","floor":6.0,"key":"SMITH"},{"data":"Bash","floor":8.0,"key":"SMITH"},{"data":"Sword Boomerang","floor":11.0,"key":"SMITH"},{"data":"Spot Weakness","floor":15.0,"key":"SMITH"},{"data":"Immolate","floor":24.0,"key":"SMITH"},{"data":"Corruption","floor":28.0,"key":"SMITH"},{"data":"Battle Trance","floor":32,"key":"SMITH"}],"neow_cost":"NO_GOLD","seed_source_timestamp":239548656094408,"circlet_count":0,"master_deck":["Strike_R","Strike_R","Strike_R","Strike_R","Defend_R+1","Defend_R+1","Defend_R","Defend_R","Bash+1","Fiend Fire+1","Disarm","Spot Weakness+1","Sword Boomerang+1","Shrug It Off","Immolate+1","Dual Wield+1","Battle Trance+1","Corruption+1","Fiend Fire+1","Impervious"],"special_seed":0,"relics":["Burning Blood","Omamori","Happy Flower","Pantograph","Ectoplasm","Dream Catcher","Darkstone Periapt","Bronze Scales"],"potions_floor_usage":[33],"damage_taken":[{"damage":1.0,"enemies":"2 Louse","floor":1.0,"turns":4.0},{"damage":9.0,"enemies":"Jaw Worm","floor":2.0,"turns":4.0},{"damage":0.0,"enemies":"Cultist","floor":4.0,"turns":3.0},{"damage":19.0,"enemies":"Lagavulin","floor":7.0,"turns":7.0},{"damage":3.0,"enemies":"Looter","floor":10.0,"turns":2.0},{"damage":0.0,"enemies":"Gremlin Nob","floor":12.0,"turns":2.0},{"damage":0.0,"enemies":"Large Slime","floor":13.0,"turns":4.0},{"damage":0.0,"enemies":"Exordium Thugs","floor":14.0,"turns":4.0},{"damage":39.0,"enemies":"Slime Boss","floor":16.0,"turns":7.0},{"damage":6.0,"enemies":"Spheric Guardian","floor":18.0,"turns":3.0},{"damage":16.0,"enemies":"2 Thieves","floor":19.0,"turns":4.0},{"damage":18.0,"enemies":"Snake Plant","floor":21.0,"turns":2.0},{"damage":2.0,"enemies":"3 Cultists","floor":22.0,"turns":4.0},{"damage":19.0,"enemies":"Gremlin Leader","floor":23.0,"turns":4.0},{"damage":6.0,"enemies":"Book of Stabbing","floor":25.0,"turns":2.0},{"damage":5.0,"enemies":"Snecko","floor":27.0,"turns":3.0},{"damage":10.0,"enemies":"Centurion and Healer","floor":29.0,"turns":3.0},{"damage":12.0,"enemies":"Cultist and Chosen","floor":31.0,"turns":2.0},{"damage":67,"enemies":"Champ","floor":33,"turns":6}],"seed_played":"-1936316374282156275","potions_obtained":[{"floor":4.0,"key":"Strength Potion"},{"floor":7.0,"key":"Weak Potion"},{"floor":13.0,"key":"SteroidPotion"},{"floor":19.0,"key":"SpeedPotion"},{"floor":22.0,"key":"Energy Potion"},{"floor":25.0,"key":"Energy Potion"},{"floor":29.0,"key":"Weak Potion"}],"is_trial":false,"path_per_floor":["M","M","?","M","?","R","E","R","T","M","R","E","M","M","R","B",null,"M","M","?","M","M","E","R","E","T","M","R","M","?","M","R","B"],"character_chosen":"IRONCLAD","items_purchased":[],"campfire_rested":0,"item_purchase_floors":[],"current_hp_per_floor":[77,74,58,64,64,64,51,51,51,54,54,60,66,72,72,47,72,72,62,62,50,54,41,41,41,41,42,42,38,38,32,32,0],"gold":259,"neow_bonus":"THREE_RARE_CARDS","is_prod":false,"is_daily":false,"chose_seed":false,"campfire_upgraded":7,"win_rate":0,"timestamp":1559215985,"path_taken":["M","M","?","M","?","R","E","R","T","M","R","E","?","M","R","BOSS","M","M","?","M","M","E","R","E","T","M","R","M","?","?","R","BOSS"],"build_version":"2019-01-23","purchased_purges":0,"victory":false,"max_hp_per_floor":[80,80,80,80,80,80,80,80,80,80,80,80,80,80,80,80,80,80,80,80,80,80,80,80,80,80,80,80,80,80,80,80,80],"card_choices":[{"not_picked":["Brutality","Demon Form"],"picked":"Fiend Fire","floor":0.0},{"not_picked":["Headbutt","True Grit","Iron Wave"],"picked":"SKIP","floor":1.0},{"not_picked":["Pommel Strike","Warcry"],"picked":"Disarm","floor":2.0},{"not_picked":["Uppercut","Cleave","Perfected Strike"],"picked":"SKIP","floor":4.0},{"not_picked":["Thunderclap","Headbutt","Berserk"],"picked":"SKIP","floor":7.0},{"not_picked":["Feel No Pain","Sever Soul"],"picked":"Sword Boomerang","floor":10.0},{"not_picked":["Anger","Twin Strike","Clash"],"picked":"SKIP","floor":12.0},{"not_picked":["Twin Strike","Searing Blow"],"picked":"Shrug It Off","floor":13.0},{"not_picked":["Power Through","Anger","Havoc"],"picked":"SKIP","floor":14.0},{"not_picked":["Berserk","Juggernaut"],"picked":"Immolate","floor":16.0},{"not_picked":["Heavy Blade","Power Through+1","Feel No Pain"],"picked":"SKIP","floor":18.0},{"not_picked":["Havoc","Reckless Charge+1","Sword Boomerang"],"picked":"SKIP","floor":19.0},{"not_picked":["Searing Blow","Havoc+1"],"picked":"Dual Wield+1","floor":21.0},{"not_picked":["Intimidate","Feel No Pain"],"picked":"Battle Trance","floor":22.0},{"not_picked":["Seeing Red","Pommel Strike","Ghostly Armor"],"picked":"SKIP","floor":23.0},{"not_picked":["Warcry","Heavy Blade","Shrug It Off"],"picked":"SKIP","floor":25.0},{"not_picked":["Armaments","Thunderclap"],"picked":"Corruption","floor":27.0},{"not_picked":["Pommel Strike+1","Rampage+1","Carnage+1"],"picked":"SKIP","floor":29.0},{"not_picked":["Twin Strike","Fire Breathing+1"],"picked":"Impervious","floor":31}],"player_experience":370545,"relics_obtained":[{"floor":7.0,"key":"Omamori"},{"floor":9.0,"key":"Happy Flower"},{"floor":12.0,"key":"Pantograph"},{"floor":23.0,"key":"Dream Catcher"},{"floor":25.0,"key":"Darkstone Periapt"},{"floor":26.0,"key":"Bronze Scales"}],"event_choices":[{"damage_healed":0.0,"max_hp_gain":0.0,"max_hp_loss":0.0,"gold_gain":0.0,"event_name":"Shining Light","player_choice":"Entered Light","floor":3.0,"gold_loss":0.0,"damage_taken":16.0,"cards_upgraded":["Defend_R","Defend_R"]},{"damage_healed":0.0,"max_hp_gain":0.0,"max_hp_loss":0.0,"gold_gain":0.0,"cards_transformed":["Strike_R"],"event_name":"Transmorgrifier","player_choice":"Transformed","floor":5.0,"gold_loss":0.0,"damage_taken":0.0,"cards_obtained":["Spot Weakness"]},{"damage_healed":0.0,"max_hp_gain":0.0,"max_hp_loss":0.0,"gold_gain":0.0,"event_name":"Vampires","player_choice":"Ignored","floor":20.0,"gold_loss":0.0,"damage_taken":0.0},{"damage_healed":0.0,"max_hp_gain":0.0,"max_hp_loss":0.0,"gold_gain":0.0,"event_name":"Duplicator","player_choice":"Copied","floor":30.0,"gold_loss":0.0,"damage_taken":0.0,"cards_obtained":["Fiend Fire"]}],"is_beta":false,"boss_relics":[{"not_picked":["Fusion Hammer","Runic Dome"],"picked":"Ectoplasm"}],"items_purged_floors":[],"is_endless":false,"potions_floor_spawned":[4,7,13,14,19,22,25,29,31],"killed_by":"Champ","ascension_level":6}