{"gold_per_floor":[211,227,227,227,207,241,241,270,295,310,310],"floor_reached":11,"playtime":486,"items_purged":[],"score":81,"play_id":"ca08c875-baff-46de-b927-0bdcd240bc66","local_time":"20180720140924","is_ascension_mode":false,"campfire_choices":[{"floor":7,"key":"REST"}],"neow_cost":"NONE","seed_source_timestamp":2067598686129930,"circlet_count":0,"master_deck":["Defend_G","Defend_G","Defend_G","Defend_G","Defend_G","Strike_G","Strike_G","Strike_G","Strike_G","Strike_G","Survivor","Neutralize","Caltrops+1","Dagger Spray","Poisoned Stab","Slice"],"relics":["Ring of the Snake","Lantern","Potion Belt","Anchor","Art of War"],"potions_floor_usage":[6,6],"damage_taken":[{"damage":0,"enemies":"Jaw Worm","floor":1,"turns":4},{"damage":5,"enemies":"Cultist","floor":2,"turns":5},{"damage":26,"enemies":"Lagavulin","floor":6,"turns":8},{"damage":30,"enemies":"Gremlin Nob","floor":8,"turns":4},{"damage":0,"enemies":"2 Louse","floor":10,"turns":3}],"seed_played":"5638918658117749249","potions_obtained":[{"floor":2,"key":"SkillPotion"},{"floor":5,"key":"Fire Potion"},{"floor":6,"key":"Strength Potion"}],"is_trial":false,"path_per_floor":["M","M","?","?","?","E","R","E","T","M"],"character_chosen":"THE_SILENT","items_purchased":[],"campfire_rested":1,"item_purchase_floors":[],"current_hp_per_floor":[70,65,47,47,47,21,42,12,12,12,0],"gold":310,"neow_bonus":"HUNDRED_GOLD","is_prod":false,"is_daily":false,"chose_seed":false,"campfire_upgraded":0,"win_rate":0,"timestamp":1532113764,"path_taken":["M","M","?","?","?","E","R","E","T","M","?"],"build_version":"2018-07-19v2","purchased_purges":0,"victory":false,"max_hp_per_floor":[70,70,70,70,70,70,70,70,70,70,70],"card_choices":[{"not_picked":["Acrobatics","Expertise"],"picked":"Caltrops","floor":1},{"not_picked":["Calculated Gamble","Prepared"],"picked":"Dagger Spray","floor":2},{"not_picked":["Deadly Poison","After Image"],"picked":"Poisoned Stab","floor":6},{"not_picked":["Backstab","Wraith Form v2"],"picked":"Slice","floor":8},{"not_picked":["Leg Sweep","Quick Slash","Outmaneuver"],"picked":"SKIP","floor":10}],"player_experience":248090,"relics_obtained":[{"floor":6,"key":"Potion Belt"},{"floor":8,"key":"Anchor"},{"floor":9,"key":"Art of War"}],"event_choices":[{"event_name":"Scrap Ooze","player_choice":"success","floor":3,"damage_taken":18},{"event_name":"Upgrade Shrine","player_choice":"Upgraded","floor":4,"damage_taken":0},{"event_name":"The Woman in Blue","player_choice":"Bought 1 Potion","floor":5,"damage_taken":0}],"is_beta":false,"boss_relics":[],"items_purged_floors":[],"is_endless":false,"potions_floor_spawned":[2,6],"ascension_level":0}