{"gold_per_floor":[116,132,132,132,97,127,127,140,218,228,228,255,275,306,306,383,383,393,393,120,140,152,152,183,197,197,197,159,170,170],"floor_reached":30,"playtime":1757,"items_purged":[],"score":484,"play_id":"e29385e9-ad36-4563-ac0d-64e1a4f935ca","local_time":"20181002155305","is_ascension_mode":true,"campfire_choices":[{"data":"Perfected Strike","floor":7,"key":"SMITH"},{"data":"Perfected Strike","floor":11,"key":"SMITH"},{"floor":15,"key":"REST"},{"floor":23,"key":"REST"}],"neow_cost":"NONE","seed_source_timestamp":1743831085447918,"circlet_count":0,"master_deck":["Defend_R+1","Defend_R","Defend_R","Defend_R","Bash+1","AscendersBane","Shrug It Off+1","Perfected Strike+1","Flex","Perfected Strike+1","Pommel Strike","Whirlwind","Flash of Steel","Iron Wave","Battle Trance+1","Wild Strike","Bite","Bite","Bite","Bite","Bite","Ghostly Armor","Thunderclap+1"],"relics":["Burning Blood","Singing Bowl","Matryoshka","Self Forming Clay","Black Star","Bag of Preparation","Regal Pillow","Ancient Tea Set","Frozen Egg 2","War Paint"],"potions_floor_usage":[6,10,12,12,16,21,24,29],"damage_taken":[{"damage":6,"enemies":"Cultist","floor":1,"turns":3},{"damage":8,"enemies":"Jaw Worm","floor":2,"turns":4},{"damage":29,"enemies":"Lagavulin","floor":6,"turns":5},{"damage":0,"enemies":"2 Louse","floor":8,"turns":2},{"damage":11,"enemies":"Looter","floor":10,"turns":3},{"damage":20,"enemies":"3 Sentries","floor":12,"turns":8},{"damage":22,"enemies":"Lots of Slimes","floor":13,"turns":5},{"damage":35,"enemies":"Lagavulin","floor":14,"turns":5},{"damage":18,"enemies":"Slime Boss","floor":16,"turns":8},{"damage":21,"enemies":"Shell Parasite","floor":18,"turns":4},{"damage":30,"enemies":"2 Thieves","floor":21,"turns":4},{"damage":29,"enemies":"Snake Plant","floor":22,"turns":3},{"damage":33,"enemies":"Slavers","floor":24,"turns":6},{"damage":25,"enemies":"Sentry and Sphere","floor":25,"turns":4},{"damage":21,"enemies":"Snecko","floor":29,"turns":4},{"damage":9,"enemies":"Snake Plant","floor":30,"turns":4}],"seed_played":"-2508278671141930963","potions_obtained":[{"floor":1,"key":"Poison Potion"},{"floor":6,"key":"Strength Potion"},{"floor":8,"key":"Regen Potion"},{"floor":10,"key":"Dexterity Potion"},{"floor":14,"key":"SteroidPotion"},{"floor":16,"key":"BloodPotion"},{"floor":21,"key":"EssenceOfSteel"},{"floor":25,"key":"Strength Potion"}],"is_trial":false,"path_per_floor":["M","M","?","?","?","E","R","M","T","M","R","E","M","E","R","B",null,"M","?","$","M","M","R","E","M","T","?","$","M"],"character_chosen":"IRONCLAD","items_purchased":["Bag of Preparation","Flash of Steel","Iron Wave","Ghostly Armor"],"campfire_rested":2,"item_purchase_floors":[20,20,20,28],"current_hp_per_floor":[75,73,57,57,77,54,54,62,62,68,68,58,44,19,44,36,75,62,62,62,48,27,53,30,15,15,15,15,8,7],"gold":170,"neow_bonus":"TEN_PERCENT_HP_BONUS","is_prod":false,"is_daily":false,"chose_seed":false,"campfire_upgraded":2,"win_rate":0,"timestamp":1538513585,"path_taken":["M","M","?","?","?","E","R","M","T","M","R","E","M","E","R","BOSS","M","?","$","M","M","R","E","M","T","?","$","M","M"],"build_version":"2018-09-27","purchased_purges":0,"victory":false,"max_hp_per_floor":[82,82,82,82,82,82,82,82,82,82,82,84,84,86,86,88,88,88,88,88,88,88,88,90,92,92,92,92,92,92],"card_choices":[{"not_picked":["Burning Pact","Hemokinesis","Havoc"],"picked":"SKIP","floor":1},{"not_picked":["Armaments","Bloodletting"],"picked":"Shrug It Off","floor":2},{"not_picked":["Fire Breathing","Fiend Fire"],"picked":"Perfected Strike","floor":6},{"not_picked":["Evolve","Combust"],"picked":"Flex","floor":8},{"not_picked":["Flame Barrier","Wild Strike"],"picked":"Perfected Strike","floor":10},{"not_picked":["Whirlwind","Clash","Havoc"],"picked":"Singing Bowl","floor":12},{"not_picked":["Twin Strike","Combust"],"picked":"Pommel Strike","floor":13},{"not_picked":["Rupture","Dropkick","Carnage"],"picked":"Singing Bowl","floor":14},{"not_picked":["Limit Break","Feed","Double Tap"],"picked":"Singing Bowl","floor":16},{"not_picked":["Anger","Rage"],"picked":"Whirlwind","floor":18},{"not_picked":["True Grit+1","Body Slam"],"picked":"Battle Trance","floor":21},{"not_picked":["Cleave","Flex"],"picked":"Wild Strike","floor":22},{"not_picked":["Heavy Blade","Power Through","Burning Pact"],"picked":"Singing Bowl","floor":24},{"not_picked":["Combust","Clothesline","Dropkick+1"],"picked":"Singing Bowl","floor":25},{"not_picked":["Sword Boomerang","Heavy Blade"],"picked":"Thunderclap+1","floor":29}],"player_experience":684374,"relics_obtained":[{"floor":6,"key":"Blood Vial"},{"floor":9,"key":"Singing Bowl"},{"floor":12,"key":"Matryoshka"},{"floor":14,"key":"Self Forming Clay"},{"floor":24,"key":"Regal Pillow"},{"floor":24,"key":"Ancient Tea Set"},{"floor":26,"key":"Frozen Egg 2"},{"floor":26,"key":"War Paint"}],"event_choices":[{"event_name":"Shining Light","player_choice":"Entered Light","floor":3,"damage_taken":0},{"event_name":"Accursed Blacksmith","player_choice":"Forge","floor":4,"damage_taken":0},{"event_name":"The Cleric","player_choice":"Healed","floor":5,"damage_taken":0},{"event_name":"Beggar","player_choice":"Ignored","floor":19,"damage_taken":0},{"event_name":"Vampires","player_choice":"Became a vampire (Vial)","floor":27,"damage_taken":0}],"is_beta":false,"boss_relics":[{"not_picked":["Empty Cage","Astrolabe"],"picked":"Black Star"}],"items_purged_floors":[],"is_endless":false,"potions_floor_spawned":[1,6,8,10,14,16,21,25],"killed_by":"Snake Plant","ascension_level":14}