{"gold_per_floor":[113,129,146,162,180,214,233,244,297,314,344,344,379,379,379,480,480,491,506,431,450,462,488,113,128,154,154,170,187,210,227,227,326,326,344,344,364,378,388,388,3,29,83,98,125,125,159,173,173,173],"floor_reached":51,"playtime":9168,"items_purged":["Strike_R","Defend_R"],"score":878,"play_id":"e878f1a6-1fd2-413b-a7f0-ee2dfd9c9203","local_time":"20180804232443","is_ascension_mode":true,"campfire_choices":[{"floor":12,"key":"REST"},{"floor":15,"key":"REST"},{"floor":27,"key":"REST"},{"floor":32,"key":"REST"},{"data":"Infernal Blade","floor":40,"key":"SMITH"},{"data":"Blood for Blood","floor":46,"key":"SMITH"},{"data":"Madness","floor":49,"key":"SMITH"}],"neow_cost":"NONE","seed_source_timestamp":41800815625258,"circlet_count":0,"master_deck":["Strike_R","Strike_R","Defend_R","Defend_R","Bash","Cleave","Infernal Blade+1","Shrug It Off","Carnage","Iron Wave","Impervious","Headbutt","Blood for Blood+1","Immolate","Rupture+1","Anger","Headbutt+1","Feed","Pommel Strike","Armaments+1","Impervious","Battle Trance+1","Madness","Madness+1","Uppercut+1","Panache","Carnage","Battle Trance+1"],"relics":["Burning Blood","Dream Catcher","Ancient Tea Set","Lantern","Charon\u0027s Ashes","Runic Pyramid","Singing Bowl","Ornamental Fan","Happy Flower","Regal Pillow","Sozu","Orichalcum","Oddly Smooth Stone","Darkstone Periapt","Mummified Hand"],"potions_floor_usage":[6,6,6,11,11,16,16,16,16,25,25,33,35],"damage_taken":[{"damage":1,"enemies":"2 Louse","floor":1,"turns":4},{"damage":0,"enemies":"Small Slimes","floor":2,"turns":3},{"damage":9,"enemies":"Cultist","floor":3,"turns":4},{"damage":4,"enemies":"3 Louse","floor":4,"turns":3},{"damage":9,"enemies":"Blue Slaver","floor":5,"turns":4},{"damage":33,"enemies":"Lagavulin","floor":6,"turns":7},{"damage":5,"enemies":"Looter","floor":7,"turns":3},{"damage":0,"enemies":"Exordium Wildlife","floor":8,"turns":6},{"damage":2,"enemies":"Blue Slaver","floor":10,"turns":4},{"damage":33,"enemies":"Gremlin Nob","floor":11,"turns":6},{"damage":8,"enemies":"Lagavulin","floor":13,"turns":6},{"damage":35,"enemies":"Hexaghost","floor":16,"turns":10},{"damage":15,"enemies":"3 Byrds","floor":18,"turns":4},{"damage":11,"enemies":"Spheric Guardian","floor":19,"turns":5},{"damage":18,"enemies":"3 Cultists","floor":21,"turns":4},{"damage":21,"enemies":"Snake Plant","floor":22,"turns":5},{"damage":0,"enemies":"Gremlin Leader","floor":23,"turns":6},{"damage":30,"enemies":"Slaver and Parasite","floor":25,"turns":7},{"damage":3,"enemies":"Cultist and Chosen","floor":28,"turns":7},{"damage":13,"enemies":"Centurion and Healer","floor":29,"turns":7},{"damage":1,"enemies":"Chosen and Byrds","floor":31,"turns":4},{"damage":59,"enemies":"Automaton","floor":33,"turns":11},{"damage":7,"enemies":"Orb Walker","floor":35,"turns":4},{"damage":10,"enemies":"3 Darklings","floor":37,"turns":4},{"damage":0,"enemies":"Transient","floor":38,"turns":5},{"damage":6,"enemies":"Spire Growth","floor":39,"turns":3},{"damage":0,"enemies":"2 Orb Walkers","floor":42,"turns":3},{"damage":10,"enemies":"Maw","floor":44,"turns":5},{"damage":3,"enemies":"Nemesis","floor":45,"turns":7},{"damage":13,"enemies":"2 Orb Walkers","floor":47,"turns":4},{"damage":9,"enemies":"Sphere and 2 Shapes","floor":48,"turns":4},{"damage":51,"enemies":"Donu and Deca","floor":50,"turns":9}],"seed_played":"-4818736054022070640","potions_obtained":[{"floor":2,"key":"Regen Potion"},{"floor":4,"key":"Dexterity Potion"},{"floor":5,"key":"Fire Potion"},{"floor":8,"key":"Dexterity Potion"},{"floor":10,"key":"PowerPotion"},{"floor":13,"key":"EntropicBrew"},{"floor":23,"key":"Ancient Potion"},{"floor":29,"key":"Fire Potion"},{"floor":31,"key":"SkillPotion"},{"floor":33,"key":"PowerPotion"}],"is_trial":false,"path_per_floor":["M","M","M","M","M","E","M","M","T","M","E","R","E","?","R","B",null,"M","M","?","M","M","E","$","M","T","R","M","M","T","M","R","B",null,"M","?","M","M","M","R","$","E","T","M","E","R","E","M","R","B"],"character_chosen":"IRONCLAD","items_purchased":["Ornamental Fan","Block Potion","Panache","Carnage"],"campfire_rested":4,"item_purchase_floors":[24,24,41,41],"current_hp_per_floor":[80,80,77,79,76,62,63,69,69,73,46,70,68,68,80,51,80,71,66,66,54,39,45,45,23,23,49,54,47,47,52,86,33,86,85,74,74,82,87,87,87,95,95,94,99,99,97,99,99,54],"gold":173,"neow_bonus":"REMOVE_CARD","is_prod":false,"is_daily":false,"chose_seed":false,"campfire_upgraded":3,"win_rate":0,"timestamp":1533450283,"path_taken":["M","M","M","M","M","E","M","M","T","M","E","R","E","?","R","BOSS","M","?","?","M","M","E","$","M","T","R","M","M","?","M","R","BOSS","M","?","?","?","M","R","$","E","T","M","E","R","E","M","R","BOSS"],"build_version":"2018-08-02","purchased_purges":2,"victory":true,"max_hp_per_floor":[80,80,80,80,80,80,80,80,80,80,80,80,80,80,80,80,80,80,80,80,80,80,80,80,82,82,84,86,86,86,86,86,86,86,86,86,90,92,97,97,97,99,99,102,104,104,109,114,114,114],"card_choices":[{"not_picked":["Flex","Twin Strike"],"picked":"Cleave","floor":1},{"not_picked":["Evolve","Twin Strike","Dropkick"],"picked":"SKIP","floor":2},{"not_picked":["Evolve","Clash"],"picked":"Infernal Blade","floor":3},{"not_picked":["Disarm","Sword Boomerang"],"picked":"Shrug It Off","floor":4},{"not_picked":["Feel No Pain","Armaments"],"picked":"Carnage","floor":5},{"not_picked":["Headbutt","Shrug It Off"],"picked":"Iron Wave","floor":6},{"not_picked":["Entrench","Sword Boomerang","Corruption"],"picked":"SKIP","floor":7},{"not_picked":["Sword Boomerang","Thunderclap"],"picked":"Impervious","floor":8},{"not_picked":["Dual Wield","Body Slam"],"picked":"Headbutt","floor":10},{"not_picked":["Dropkick","Headbutt"],"picked":"Blood for Blood","floor":11},{"not_picked":["Intimidate","Warcry","Sword Boomerang"],"picked":"SKIP","floor":13},{"not_picked":["Juggernaut","Bludgeon"],"picked":"Immolate","floor":16},{"not_picked":["Pommel Strike","Intimidate","Havoc"],"picked":"SKIP","floor":18},{"not_picked":["Perfected Strike","Twin Strike+1"],"picked":"Rupture+1","floor":19},{"not_picked":["Clothesline+1","Heavy Blade"],"picked":"Anger","floor":21},{"not_picked":["Spot Weakness+1","Heavy Blade+1","Anger+1"],"picked":"SKIP","floor":22},{"not_picked":["Reckless Charge","Clash"],"picked":"Headbutt+1","floor":23},{"not_picked":["Perfected Strike","Body Slam+1","Headbutt"],"picked":"Singing Bowl","floor":25},{"not_picked":["Fire Breathing+1","Wild Strike+1","Havoc"],"picked":"Singing Bowl","floor":27},{"not_picked":["Body Slam","Rage","Havoc"],"picked":"Singing Bowl","floor":28},{"not_picked":["Inflame","Sentinel+1"],"picked":"Feed","floor":29},{"not_picked":["Warcry","Anger"],"picked":"Pommel Strike","floor":31},{"not_picked":["Disarm","Flex"],"picked":"Armaments+1","floor":32},{"not_picked":["Limit Break","Offering"],"picked":"Impervious","floor":33},{"not_picked":["Flame Barrier","True Grit+1"],"picked":"Battle Trance+1","floor":35},{"not_picked":["Thunderclap","Clothesline"],"picked":"Uppercut+1","floor":37},{"not_picked":["Twin Strike+1","Pommel Strike","Seeing Red+1"],"picked":"Singing Bowl","floor":38},{"not_picked":["Dual Wield","Perfected Strike","Reckless Charge+1"],"picked":"Singing Bowl","floor":39},{"not_picked":["Clash","Heavy Blade","Rupture+1"],"picked":"Singing Bowl","floor":42},{"not_picked":["Cleave","Headbutt"],"picked":"Battle Trance+1","floor":44},{"not_picked":["Brutality","Warcry","Metallicize+1"],"picked":"Singing Bowl","floor":45},{"not_picked":["Uppercut+1","Sentinel+1","Reckless Charge"],"picked":"Singing Bowl","floor":47},{"not_picked":["Flex+1","True Grit+1","Thunderclap+1"],"picked":"Singing Bowl","floor":48}],"player_experience":189229,"relics_obtained":[{"floor":6,"key":"Dream Catcher"},{"floor":9,"key":"Ancient Tea Set"},{"floor":11,"key":"Lantern"},{"floor":13,"key":"Charon\u0027s Ashes"},{"floor":23,"key":"Singing Bowl"},{"floor":26,"key":"Happy Flower"},{"floor":30,"key":"Regal Pillow"},{"floor":42,"key":"Orichalcum"},{"floor":43,"key":"Oddly Smooth Stone"},{"floor":45,"key":"Darkstone Periapt"},{"floor":47,"key":"Mummified Hand"}],"event_choices":[{"event_name":"Living Wall","player_choice":"Forget","floor":14,"damage_taken":0},{"event_name":"Beggar","player_choice":"Gave Gold","floor":20,"damage_taken":0},{"event_name":"Winding Halls","player_choice":"Embrace Madness","floor":36,"damage_taken":0}],"is_beta":false,"boss_relics":[{"not_picked":["Runic Cube","Runic Dome"],"picked":"Runic Pyramid"},{"not_picked":["Orrery","Coffee Dripper"],"picked":"Sozu"}],"items_purged_floors":[24,41],"is_endless":false,"potions_floor_spawned":[2,4,5,8,10,13,23,29,31,33,38,42,44,47,48],"ascension_level":1}