{"gold_per_floor":[119,119,131,131,143,143,47,72,120,120,133,147,147,161,161,259,259,259,279,204,204,204],"floor_reached":22,"playtime":2161,"items_purged":["Strike_G"],"score":202,"play_id":"48c3738a-740e-4d84-9d63-9afe99b2249c","local_time":"20180810155531","is_ascension_mode":true,"campfire_choices":[{"data":"Blade Dance","floor":6.0,"key":"SMITH"},{"data":"A Thousand Cuts","floor":10.0,"key":"SMITH"},{"floor":13.0,"key":"REST"},{"floor":15.0,"key":"REST"}],"neow_cost":"NONE","seed_source_timestamp":0,"circlet_count":0,"master_deck":["Defend_G","Defend_G","Defend_G","Defend_G","Defend_G","Strike_G","Strike_G","Strike_G","Strike_G","Survivor","Neutralize","A Thousand Cuts+1","Slice","Regret","Well Laid Plans","Blade Dance+1","Flash of Steel","Acrobatics","Footwork","Quick Slash","Dodge and Roll","Accuracy","After Image","Blade Dance"],"special_seed":0,"relics":["Ring of the Snake","Dream Catcher","Kunai","Bag of Preparation","Oddly Smooth Stone","Eternal Feather"],"potions_floor_usage":[22],"damage_taken":[{"damage":1.0,"enemies":"Small Slimes","floor":1.0,"turns":4.0},{"damage":2.0,"enemies":"2 Louse","floor":3.0,"turns":4.0},{"damage":28.0,"enemies":"Jaw Worm","floor":5.0,"turns":7.0},{"damage":17.0,"enemies":"Lots of Slimes","floor":11.0,"turns":4.0},{"damage":0.0,"enemies":"Blue Slaver","floor":12.0,"turns":4.0},{"damage":14.0,"enemies":"Exordium Wildlife","floor":14.0,"turns":4.0},{"damage":14.0,"enemies":"Hexaghost","floor":16.0,"turns":13.0},{"damage":0.0,"enemies":"Spheric Guardian","floor":18.0,"turns":1.0},{"damage":27.0,"enemies":"2 Thieves","floor":19.0,"turns":5.0},{"damage":26,"enemies":"Snake Plant","floor":22,"turns":5}],"seed_played":"1780339473147072997","potions_obtained":[{"floor":3.0,"key":"SteroidPotion"},{"floor":5.0,"key":"Ancient Potion"},{"floor":12.0,"key":"AttackPotion"},{"floor":14.0,"key":"SmokeBomb"}],"is_trial":false,"path_per_floor":["M","?","M","?","M","R","$","T","T","R","M","M","R","M","R","B",null,"M","M","$","?"],"character_chosen":"THE_SILENT","items_purchased":["Flash of Steel"],"campfire_rested":2,"item_purchase_floors":[7],"current_hp_per_floor":[69,69,67,67,39,39,39,39,39,39,22,22,43,29,50,36,70,70,43,43,30,4],"gold":204,"neow_bonus":"ONE_RANDOM_RARE_CARD","is_prod":false,"is_daily":false,"chose_seed":false,"campfire_upgraded":2,"win_rate":0,"timestamp":1533934531,"path_taken":["M","?","M","?","M","R","$","?","T","R","M","M","R","M","R","BOSS","M","M","$","?","M"],"build_version":"2018-08-09","purchased_purges":1,"victory":false,"max_hp_per_floor":[70,70,70,70,70,70,70,70,70,70,70,70,70,70,70,70,70,70,70,70,75,75],"card_choices":[{"not_picked":["Setup","Underhanded Strike"],"picked":"Slice","floor":1.0},{"not_picked":["Underhanded Strike","Blade Dance"],"picked":"Well Laid Plans","floor":3.0},{"not_picked":["Flying Knee","Underhanded Strike"],"picked":"Blade Dance","floor":5.0},{"not_picked":["Bouncing Flask","All Out Attack"],"picked":"Acrobatics","floor":11.0},{"not_picked":["All Out Attack","Acrobatics"],"picked":"Footwork","floor":12.0},{"not_picked":["Deadly Poison","Dagger Spray"],"picked":"Quick Slash","floor":13.0},{"not_picked":["Catalyst","Crippling Poison"],"picked":"Dodge and Roll","floor":14.0},{"not_picked":["Outmaneuver","Footwork"],"picked":"Accuracy","floor":15.0},{"not_picked":["Phantasmal Killer","Grand Finale"],"picked":"After Image","floor":16.0},{"not_picked":["Bouncing Flask+1","Dodge and Roll+1"],"picked":"Blade Dance","floor":19.0}],"player_experience":476058,"relics_obtained":[{"floor":8.0,"key":"Bag of Preparation"},{"floor":9.0,"key":"Oddly Smooth Stone"}],"event_choices":[{"event_name":"Big Fish","player_choice":"Box","floor":2.0,"damage_taken":0.0},{"event_name":"WeMeetAgain","player_choice":"Potion","floor":4.0,"damage_taken":0.0},{"event_name":"Forgotten Altar","player_choice":"Shed Blood","floor":21.0,"damage_taken":0.0}],"is_beta":false,"boss_relics":[{"not_picked":["Tiny House","Ring of the Serpent"],"picked":"Eternal Feather"}],"items_purged_floors":[20],"is_endless":false,"potions_floor_spawned":[3,5,12,14,18],"killed_by":"Snake Plant","ascension_level":3}