{"gold_per_floor":[115,135,135,153,153,186,186,200,224,242,278,28,63,86,86,210,210,233,39,39,53,79,120,70,106,131,156,196,210,210,210,210,336,336,356,356,369,31,56,96,115,115,115,448,463,463,563,574,574,574,574,574,22,51,51],"floor_reached":56,"playtime":6908,"items_purged":["Strike_R","Strike_R","Strike_R","Strike_R"],"score":1322,"play_id":"b40ee68f-11c2-4a1d-a2a0-9f19402e30d6","local_time":"20190226153317","is_ascension_mode":false,"campfire_choices":[{"data":"Pummel","floor":7.0,"key":"SMITH"},{"data":"Inflame","floor":15.0,"key":"SMITH"},{"floor":30.0,"key":"RECALL"},{"floor":32.0,"key":"REST"},{"data":"Double Tap","floor":42.0,"key":"SMITH"},{"data":"Demon Form","floor":46.0,"key":"SMITH"},{"floor":49.0,"key":"REST"},{"data":"Bash","floor":52.0,"key":"SMITH"}],"neow_cost":"NONE","seed_source_timestamp":0,"circlet_count":0,"master_deck":["Defend_R","Defend_R","Defend_R","Defend_R","Bash+1","Feed","Pummel+1","Fire Breathing","Inflame+1","Iron Wave","Double Tap+1","Twin Strike","Wild Strike+1","Pommel Strike+1","Fiend Fire+1","Shrug It Off","Twin Strike+1","Headbutt+1","Ghostly Armor+1","Heavy Blade+1","Flex","Demon Form+1","Body Slam+1","Necronomicurse","Headbutt+1","Twin Strike+1","Power Through","Sword Boomerang+1","Flex+1","Clumsy","True Grit+1","Flex","Sword Boomerang+1","Spot Weakness","Twin Strike+1"],"special_seed":0,"relics":["Burning Blood","Smiling Mask","Red Skull","PreservedInsect","Molten Egg 2","Odd Mushroom","Velvet Choker","Lantern","Centennial Puzzle","Champion Belt","Bronze Scales","Matryoshka","Necronomicon","Cursed Key","Thread and Needle","Vajra","Bag of Preparation","Potion Belt","Magic Flower","Incense Burner","Strawberry","Shuriken"],"potions_floor_usage":[55,55,55],"damage_taken":[{"damage":6.0,"enemies":"2 Louse","floor":1.0,"turns":2.0},{"damage":5.0,"enemies":"Small Slimes","floor":2.0,"turns":2.0},{"damage":6.0,"enemies":"Cultist","floor":4.0,"turns":3.0},{"damage":0.0,"enemies":"Lagavulin","floor":6.0,"turns":4.0},{"damage":10.0,"enemies":"Looter","floor":8.0,"turns":2.0},{"damage":7.0,"enemies":"Blue Slaver","floor":10.0,"turns":2.0},{"damage":40.0,"enemies":"Gremlin Nob","floor":11.0,"turns":5.0},{"damage":0.0,"enemies":"The Mushroom Lair","floor":13.0,"turns":2.0},{"damage":1.0,"enemies":"Exordium Thugs","floor":14.0,"turns":4.0},{"damage":27.0,"enemies":"Slime Boss","floor":16.0,"turns":6.0},{"damage":20.0,"enemies":"2 Thieves","floor":18.0,"turns":3.0},{"damage":5.0,"enemies":"Shell Parasite","floor":21.0,"turns":3.0},{"damage":27.0,"enemies":"Gremlin Leader","floor":23.0,"turns":5.0},{"damage":20.0,"enemies":"Slavers","floor":25.0,"turns":3.0},{"damage":0.0,"enemies":"Snake Plant","floor":27.0,"turns":2.0},{"damage":4.0,"enemies":"Book of Stabbing","floor":28.0,"turns":3.0},{"damage":12.0,"enemies":"3 Cultists","floor":29.0,"turns":3.0},{"damage":28.0,"enemies":"Automaton","floor":33.0,"turns":4.0},{"damage":18.0,"enemies":"3 Darklings","floor":35.0,"turns":3.0},{"damage":0.0,"enemies":"Orb Walker","floor":37.0,"turns":2.0},{"damage":12.0,"enemies":"Spire Growth","floor":39.0,"turns":3.0},{"damage":9.0,"enemies":"Giant Head","floor":40.0,"turns":4.0},{"damage":12.0,"enemies":"Writhing Mass","floor":41.0,"turns":4.0},{"damage":0.0,"enemies":"Maw","floor":45.0,"turns":5.0},{"damage":11.0,"enemies":"Mind Bloom Boss Battle","floor":47.0,"turns":5.0},{"damage":23.0,"enemies":"Transient","floor":48.0,"turns":5.0},{"damage":46.0,"enemies":"Donu and Deca","floor":50.0,"turns":6.0},{"damage":6.0,"enemies":"Shield and Spear","floor":54.0,"turns":3.0},{"damage":92,"enemies":"The Heart","floor":55,"turns":6}],"seed_played":"-1784951862847563134","potions_obtained":[{"floor":1.0,"key":"SneckoOil"},{"floor":2.0,"key":"AttackPotion"},{"floor":5.0,"key":"FairyPotion"},{"floor":5.0,"key":"PowerPotion"},{"floor":5.0,"key":"BloodPotion"},{"floor":8.0,"key":"FearPotion"},{"floor":10.0,"key":"SkillPotion"},{"floor":11.0,"key":"SteroidPotion"},{"floor":25.0,"key":"AttackPotion"},{"floor":27.0,"key":"Swift Potion"},{"floor":33.0,"key":"SteroidPotion"},{"floor":39.0,"key":"Dexterity Potion"},{"floor":41.0,"key":"SpeedPotion"},{"floor":47.0,"key":"Strength Potion"},{"floor":54.0,"key":"Ancient Potion"}],"is_trial":false,"path_per_floor":["M","M","?","M","?","E","R","M","T","M","E","$","?","M","R","B",null,"M","$","?","M","T","E","$","E","T","M","E","M","R","?","R","B",null,"M","?","M","$","M","E","M","R","T","?","M","R","?","M","R","B",null,"R","$","E","B",null],"character_chosen":"IRONCLAD","items_purchased":["Molten Egg 2","Lantern","Thread and Needle","Incense Burner","Strawberry","Spot Weakness"],"campfire_rested":2,"item_purchase_floors":[12,19,38,53,53,53],"current_hp_per_floor":[83,86,65,65,65,74,74,70,70,72,38,38,47,55,55,34,98,84,84,84,85,85,64,64,53,53,62,64,61,61,45,77,55,107,95,95,101,101,98,95,89,89,89,89,95,95,90,76,109,72,110,110,117,117,34],"gold":51,"neow_bonus":"TRANSFORM_CARD","is_prod":false,"is_daily":false,"chose_seed":false,"campfire_upgraded":5,"win_rate":0,"timestamp":1551216797,"path_taken":["M","M","?","M","?","E","R","M","T","?","E","$","?","M","R","BOSS","M","$","?","M","?","E","$","E","T","M","E","M","R","?","R","BOSS","M","?","M","$","M","E","M","R","T","?","M","R","?","M","R","BOSS","R","$","E","BOSS"],"build_version":"2019-01-23","purchased_purges":4,"victory":true,"max_hp_per_floor":[83,86,86,86,86,89,89,89,89,92,92,92,95,98,98,98,98,98,98,98,98,98,98,98,101,101,104,104,107,107,107,107,107,107,107,107,107,107,110,110,110,110,110,110,110,110,110,110,110,110,110,110,117,117,117],"card_choices":[{"not_picked":["Rage","Entrench"],"picked":"Pummel","floor":1.0},{"not_picked":["Body Slam","Entrench"],"picked":"Fire Breathing","floor":2.0},{"not_picked":["Pummel","Battle Trance"],"picked":"Inflame","floor":4.0},{"not_picked":["Sword Boomerang","Warcry"],"picked":"Flex","floor":6.0},{"not_picked":["Clothesline","Fire Breathing"],"picked":"Iron Wave","floor":8.0},{"not_picked":["Thunderclap","Pommel Strike"],"picked":"Double Tap","floor":10.0},{"not_picked":["Armaments","Thunderclap"],"picked":"Twin Strike","floor":11.0},{"not_picked":["Clash+1","Bloodletting"],"picked":"Wild Strike+1","floor":13.0},{"not_picked":["Wild Strike+1","Headbutt+1"],"picked":"Pommel Strike+1","floor":14.0},{"not_picked":["Juggernaut","Feed+1"],"picked":"Fiend Fire+1","floor":16.0},{"not_picked":["Wild Strike+1","Thunderclap+1"],"picked":"Shrug It Off","floor":18.0},{"not_picked":["Clash+1","Clothesline+1"],"picked":"Headbutt+1","floor":21.0},{"not_picked":["Combust","Bloodletting"],"picked":"Ghostly Armor+1","floor":23.0},{"not_picked":["Fire Breathing","Clothesline+1"],"picked":"Heavy Blade+1","floor":25.0},{"not_picked":["Clothesline+1","Blood for Blood+1"],"picked":"Flex","floor":27.0},{"not_picked":["Flex+1","Warcry"],"picked":"Demon Form","floor":28.0},{"not_picked":["Intimidate+1","Wild Strike+1"],"picked":"Body Slam+1","floor":29.0},{"not_picked":["Feel No Pain+1","Sever Soul+1"],"picked":"Headbutt+1","floor":35.0},{"not_picked":["Clash+1","Anger+1"],"picked":"Twin Strike+1","floor":37.0},{"not_picked":["Warcry","Clash+1"],"picked":"Power Through","floor":39.0},{"not_picked":["Bloodletting","Infernal Blade"],"picked":"Sword Boomerang+1","floor":40.0},{"not_picked":["Wild Strike+1","Seeing Red+1"],"picked":"Flex+1","floor":41.0},{"not_picked":["Power Through","Intimidate+1"],"picked":"True Grit+1","floor":45.0},{"not_picked":["Perfected Strike+1","Second Wind"],"picked":"Flex","floor":47.0},{"not_picked":["Armaments","Reckless Charge+1"],"picked":"Sword Boomerang+1","floor":48.0},{"not_picked":["Evolve+1","Havoc+1"],"picked":"Twin Strike+1","floor":54.0}],"player_experience":1117110,"relics_obtained":[{"floor":6.0,"key":"Smiling Mask"},{"floor":9.0,"key":"Red Skull"},{"floor":11.0,"key":"PreservedInsect"},{"floor":13.0,"key":"Odd Mushroom"},{"floor":23.0,"key":"Centennial Puzzle"},{"floor":25.0,"key":"Champion Belt"},{"floor":26.0,"key":"Bronze Scales"},{"floor":28.0,"key":"Matryoshka"},{"floor":31.0,"key":"Necronomicon"},{"floor":40.0,"key":"Vajra"},{"floor":43.0,"key":"Bag of Preparation"},{"floor":43.0,"key":"Potion Belt"},{"floor":47.0,"key":"Magic Flower"},{"floor":54.0,"key":"Shuriken"}],"event_choices":[{"damage_healed":0.0,"max_hp_gain":0.0,"max_hp_loss":0.0,"gold_gain":0.0,"event_name":"Golden Idol","player_choice":"Take Damage","floor":3.0,"gold_loss":0.0,"damage_taken":21.0,"relics_obtained":["Golden Idol"]},{"damage_healed":0.0,"max_hp_gain":0.0,"max_hp_loss":0.0,"gold_gain":0.0,"event_name":"Lab","player_choice":"Got Potions","floor":5.0,"gold_loss":0.0,"damage_taken":0.0},{"damage_healed":0.0,"max_hp_gain":0.0,"max_hp_loss":0.0,"gold_gain":0.0,"event_name":"Mushrooms","player_choice":"Fought Mushrooms","floor":13.0,"gold_loss":0.0,"damage_taken":0.0},{"damage_healed":0.0,"max_hp_gain":0.0,"max_hp_loss":0.0,"gold_gain":0.0,"event_name":"The Library","player_choice":"Read","floor":20.0,"gold_loss":0.0,"damage_taken":0.0,"cards_obtained":["Twin Strike"]},{"damage_healed":0.0,"max_hp_gain":0.0,"max_hp_loss":0.0,"gold_gain":0.0,"event_name":"Cursed Tome","player_choice":"Obtained Book","floor":31.0,"gold_loss":0.0,"damage_taken":16.0},{"cards_removed":["Flex"],"damage_healed":0.0,"max_hp_gain":0.0,"max_hp_loss":0.0,"gold_gain":0.0,"event_name":"Falling","player_choice":"Removed Skill","floor":36.0,"gold_loss":0.0,"damage_taken":0.0},{"damage_healed":0.0,"max_hp_gain":0.0,"max_hp_loss":0.0,"gold_gain":333.0,"event_name":"The Moai Head","player_choice":"Gave Idol","floor":44.0,"relics_lost":["Golden Idol"],"gold_loss":0.0,"damage_taken":0.0},{"damage_healed":0.0,"max_hp_gain":0.0,"max_hp_loss":0.0,"gold_gain":0.0,"event_name":"MindBloom","player_choice":"Fight","floor":47.0,"gold_loss":0.0,"damage_taken":0.0}],"is_beta":false,"boss_relics":[{"not_picked":["Empty Cage","Runic Cube"],"picked":"Velvet Choker"},{"not_picked":["Philosopher\u0027s Stone","Runic Dome"],"picked":"Cursed Key"}],"items_purged_floors":[19,24,38,53],"is_endless":false,"potions_floor_spawned":[1,2,8,10,11,25,27,33,39,41,47,54],"ascension_level":0}