{"gold_per_floor":[115,190,155,173,27,54,73,73,73,85,118,134,134,166,166,271,271],"floor_reached":17,"playtime":751,"items_purged":[],"score":300,"play_id":"818214b5-70a0-4459-a4b1-4e349cc215e7","local_time":"20181025082454","is_ascension_mode":true,"campfire_choices":[{"data":"Die Die Die","floor":8,"key":"SMITH"},{"data":"Terror","floor":13,"key":"SMITH"},{"floor":15,"key":"REST"}],"neow_cost":"NONE","seed_source_timestamp":3705242552213764,"circlet_count":0,"master_deck":["Defend_G","Defend_G","Defend_G","Defend_G","Defend_G","Strike_G","Strike_G","Strike_G","Strike_G","Strike_G","Survivor","Neutralize","AscendersBane","Endless Agony","Riddle With Holes","Die Die Die+1","Sucker Punch","Predator","Terror+1","Quick Slash","Slice","Malaise"],"relics":["Ring of the Snake","NeowsBlessing","Happy Flower","Paper Crane","Bottled Lightning","Darkstone Periapt","Blood Vial","Orrery"],"potions_floor_usage":[14,14,16],"damage_taken":[{"damage":0,"enemies":"2 Louse","floor":1,"turns":1},{"damage":0,"enemies":"Cultist","floor":4,"turns":1},{"damage":0,"enemies":"Lagavulin","floor":6,"turns":1},{"damage":0,"enemies":"Small Slimes","floor":7,"turns":3},{"damage":0,"enemies":"2 Fungi Beasts","floor":10,"turns":3},{"damage":19,"enemies":"Gremlin Nob","floor":11,"turns":4},{"damage":0,"enemies":"3 Louse","floor":12,"turns":1},{"damage":7,"enemies":"3 Sentries","floor":14,"turns":4},{"damage":30,"enemies":"Hexaghost","floor":16,"turns":9}],"seed_played":"2226930342253518239","potions_obtained":[{"floor":4,"key":"SkillPotion"},{"floor":10,"key":"Swift Potion"},{"floor":12,"key":"SteroidPotion"}],"is_trial":false,"path_per_floor":["M","?","?","M","$","E","M","R","T","M","E","M","R","E","R","B"],"character_chosen":"THE_SILENT","items_purchased":["Happy Flower"],"campfire_rested":1,"item_purchase_floors":[5],"current_hp_per_floor":[63,56,70,70,70,70,70,70,70,70,51,51,51,44,65,37,37],"gold":271,"neow_bonus":"THREE_ENEMY_KILL","is_prod":false,"is_daily":false,"chose_seed":false,"campfire_upgraded":2,"win_rate":0,"timestamp":1540473894,"path_taken":["M","?","?","M","$","E","M","R","T","?","E","M","R","E","R","BOSS"],"build_version":"2018-10-18","purchased_purges":0,"victory":false,"max_hp_per_floor":[70,70,70,70,70,70,70,70,70,70,70,70,70,70,70,70,70],"card_choices":[{"not_picked":["Dagger Throw","Flying Knee"],"picked":"Endless Agony","floor":1},{"not_picked":["Dagger Throw","All Out Attack"],"picked":"Riddle With Holes","floor":4},{"not_picked":["Acrobatics","Prepared"],"picked":"Die Die Die","floor":6},{"not_picked":["Dagger Throw","PiercingWail"],"picked":"Sucker Punch","floor":7},{"not_picked":["Underhanded Strike","Acrobatics"],"picked":"Predator","floor":10},{"not_picked":["All Out Attack","Skewer"],"picked":"Terror","floor":11},{"not_picked":["Endless Agony","Dagger Throw"],"picked":"Quick Slash","floor":12},{"not_picked":["Underhanded Strike","Blade Dance"],"picked":"Slice","floor":14},{"not_picked":["Wraith Form v2","Venomology"],"picked":"Malaise","floor":16}],"player_experience":852814,"relics_obtained":[{"floor":6,"key":"Paper Crane"},{"floor":9,"key":"Bottled Lightning"},{"floor":11,"key":"Darkstone Periapt"},{"floor":14,"key":"Blood Vial"}],"event_choices":[{"damage_healed":0,"gold_gain":75,"player_choice":"Touch","damage_taken":7,"max_hp_gain":0,"max_hp_loss":0,"event_name":"FaceTrader","floor":2,"gold_loss":0},{"damage_healed":17,"gold_gain":0,"player_choice":"Healed","damage_taken":0,"max_hp_gain":0,"max_hp_loss":0,"event_name":"The Cleric","floor":3,"gold_loss":35}],"is_beta":false,"boss_relics":[{"not_picked":["WristBlade","Eternal Feather"],"picked":"Orrery"}],"items_purged_floors":[],"is_endless":false,"potions_floor_spawned":[4,10,12],"ascension_level":10}