{"gold_per_floor":[117,117,117,136,160,160,160,160,160,199,234,262,305,9,9,102,102,120,136,136,136,136],"floor_reached":22,"playtime":1553,"items_purged":[],"score":365,"play_id":"4010cbcc-d64f-47fb-978f-40f0057fa830","local_time":"20190701145246","is_ascension_mode":true,"campfire_choices":[{"data":"Envenom","floor":6.0,"key":"SMITH"},{"data":"Riddle With Holes","floor":8.0,"key":"SMITH"},{"floor":15.0,"key":"REST"}],"neow_cost":"NONE","seed_source_timestamp":0,"circlet_count":0,"master_deck":["AscendersBane","Defend_G","Defend_G","Defend_G","Defend_G","Defend_G","Survivor","Neutralize","Envenom+1","Backflip","Blur","Riddle With Holes+1","Bane","Dagger Spray","Blur","Poisoned Stab","Noxious Fumes","Envenom","Infinite Blades","Deadly Poison+1","Bite","Bite","Bite","Bite","Bite"],"special_seed":0,"relics":["Ring of the Snake","Golden Idol","MawBank","Gambling Chip","Kunai","Velvet Choker"],"potions_floor_usage":[19],"damage_taken":[{"damage":0.0,"enemies":"Jaw Worm","floor":1.0,"turns":7.0},{"damage":1.0,"enemies":"2 Louse","floor":4.0,"turns":4.0},{"damage":6.0,"enemies":"Cultist","floor":5.0,"turns":5.0},{"damage":22.0,"enemies":"3 Sentries","floor":10.0,"turns":11.0},{"damage":1.0,"enemies":"Blue Slaver","floor":11.0,"turns":3.0},{"damage":8.0,"enemies":"Gremlin Gang","floor":12.0,"turns":5.0},{"damage":20.0,"enemies":"Gremlin Nob","floor":13.0,"turns":4.0},{"damage":11.0,"enemies":"The Guardian","floor":16.0,"turns":9.0},{"damage":18,"enemies":"Spheric Guardian","floor":18,"turns":5},{"damage":1,"enemies":"Chosen","floor":19,"turns":5},{"damage":34,"enemies":"Colosseum Slavers","floor":22,"turns":6},{"damage":2,"enemies":"Colosseum Nobs","floor":22,"turns":2}],"seed_played":"1810795371534961448","potions_obtained":[{"floor":1.0,"key":"Energy Potion"},{"floor":11.0,"key":"Block Potion"},{"floor":13.0,"key":"AttackPotion"},{"floor":18,"key":"GhostInAJar"}],"is_trial":false,"path_per_floor":["M","?","?","M","M","R","?","R","T","E","M","M","E","$","R","B",null,"M","M","?","?","?"],"character_chosen":"THE_SILENT","items_purchased":["Kunai","Noxious Fumes"],"campfire_rested":1,"item_purchase_floors":[14,14],"current_hp_per_floor":[59,59,59,58,52,52,52,52,52,32,33,27,9,9,28,19,54,38,39,39,39,19],"gold":136,"neow_bonus":"ONE_RANDOM_RARE_CARD","is_prod":false,"is_daily":false,"chose_seed":false,"campfire_upgraded":2,"win_rate":0,"timestamp":1562010766,"path_taken":["M","?","?","?","M","R","?","R","T","E","?","M","E","?","R","BOSS","M","M","?","?","?"],"build_version":"2019-01-23","purchased_purges":0,"victory":false,"max_hp_per_floor":[66,66,66,66,66,66,66,66,66,66,66,66,66,66,66,66,66,66,66,66,66,66],"card_choices":[{"not_picked":["Terror","Eviscerate"],"picked":"Backflip","floor":1.0},{"not_picked":["Dodge and Roll","Quick Slash"],"picked":"Blur","floor":4.0},{"not_picked":["Dodge and Roll","Dagger Spray"],"picked":"Riddle With Holes","floor":5.0},{"not_picked":["Heel Hook","Underhanded Strike"],"picked":"Bane","floor":10.0},{"not_picked":["Sucker Punch","Calculated Gamble"],"picked":"Dagger Spray","floor":11.0},{"not_picked":["Eviscerate","Heel Hook"],"picked":"Blur","floor":12.0},{"not_picked":["PiercingWail","Backstab"],"picked":"Poisoned Stab","floor":13.0},{"not_picked":["Phantasmal Killer","Grand Finale"],"picked":"Envenom","floor":16.0},{"not_picked":["PiercingWail","Reflex"],"picked":"Infinite Blades","floor":18},{"not_picked":["Deflect","Bouncing Flask+1"],"picked":"Deadly Poison+1","floor":19}],"player_experience":1496005,"relics_obtained":[{"floor":9.0,"key":"Blood Vial"},{"floor":10.0,"key":"MawBank"},{"floor":13.0,"key":"Gambling Chip"}],"event_choices":[{"damage_healed":0.0,"max_hp_gain":0.0,"max_hp_loss":0.0,"gold_gain":0.0,"event_name":"Golden Idol","player_choice":"Take Wound","floor":2.0,"gold_loss":0.0,"damage_taken":0.0,"relics_obtained":["Golden Idol"],"cards_obtained":["Injury"]},{"cards_removed":["Injury"],"damage_healed":0.0,"max_hp_gain":0.0,"max_hp_loss":0.0,"gold_gain":0.0,"event_name":"Purifier","player_choice":"Purged","floor":3.0,"gold_loss":0.0,"damage_taken":0.0},{"cards_removed":["Strike_G"],"damage_healed":0.0,"max_hp_gain":0.0,"max_hp_loss":0.0,"gold_gain":0.0,"event_name":"Bonfire Elementals","player_choice":"Offered Basic","floor":7.0,"gold_loss":0.0,"damage_taken":0.0},{"damage_healed":0,"gold_gain":0,"player_choice":"Ignored","damage_taken":0,"max_hp_gain":0,"max_hp_loss":0,"event_name":"Ghosts","floor":20,"gold_loss":0},{"damage_healed":0,"gold_gain":0,"player_choice":"Became a vampire (Vial)","damage_taken":0,"max_hp_gain":0,"max_hp_loss":0,"event_name":"Vampires","floor":21,"relics_lost":["Blood Vial"],"gold_loss":0,"cards_obtained":["Bite","Bite","Bite","Bite","Bite"]},{"damage_healed":0,"gold_gain":0,"player_choice":"Fight","damage_taken":0,"max_hp_gain":0,"max_hp_loss":0,"event_name":"Colosseum","floor":22,"gold_loss":0},{"damage_healed":0,"gold_gain":0,"player_choice":"Fought Nobs","damage_taken":0,"max_hp_gain":0,"max_hp_loss":0,"event_name":"Colosseum","floor":22,"gold_loss":0}],"is_beta":false,"boss_relics":[{"not_picked":["Snecko Eye","Tiny House"],"picked":"Velvet Choker"}],"items_purged_floors":[],"is_endless":false,"potions_floor_spawned":[1,11,13,18],"killed_by":"Colosseum Nobs","ascension_level":15}