{"gold_per_floor":[111,61,72,86,104,104,114,114,138,165,179,179,198,213,213,314,314,328,342,352,352,352,352,370,370,370,370,385,404,404,256,256,256],"floor_reached":33,"playtime":3361,"items_purged":["Defend_G"],"score":253,"play_id":"a94c9b78-aae5-4841-a738-89b4b78ffb38","local_time":"20180627121903","is_ascension_mode":false,"campfire_choices":[{"data":"Backstab","floor":6,"key":"SMITH"},{"floor":12,"key":"REST"},{"data":"Blade Dance","floor":15,"key":"SMITH"},{"floor":23,"key":"REST"},{"floor":25,"key":"REST"},{"floor":27,"key":"REST"},{"floor":32,"key":"REST"}],"neow_cost":"","seed_source_timestamp":0,"circlet_count":0,"master_deck":["Defend_G","Defend_G","Defend_G","Defend_G","Strike_G","Strike_G","Strike_G","Strike_G","Survivor","Neutralize","After Image","Backstab+1","Noxious Fumes","Blur","Phantasmal Killer","Underhanded Strike","Blade Dance+1","Sucker Punch","Noxious Fumes","Quick Slash","Night Terror+1","Endless Agony+1","Acrobatics","Dagger Throw","Deflect","Predator","Choke","Endless Agony"],"special_seed":0,"relics":["Ring of the Snake","Lantern","Bag of Preparation","Bronze Scales","Lizard Tail","Question Card"],"potions_floor_usage":[10,24],"damage_taken":[{"damage":0,"enemies":"2 Louse","floor":1,"turns":4},{"damage":0,"enemies":"Jaw Worm","floor":3,"turns":6},{"damage":0,"enemies":"Small Slimes","floor":4,"turns":4},{"damage":9,"enemies":"Red Slaver","floor":5,"turns":6},{"damage":0,"enemies":"3 Louse","floor":7,"turns":4},{"damage":8,"enemies":"Lagavulin","floor":10,"turns":5},{"damage":0,"enemies":"Exordium Wildlife","floor":11,"turns":3},{"damage":0,"enemies":"Looter","floor":13,"turns":2},{"damage":0,"enemies":"Blue Slaver","floor":14,"turns":3},{"damage":16,"enemies":"Slime Boss","floor":16,"turns":9},{"damage":10,"enemies":"Chosen","floor":18,"turns":6},{"damage":11,"enemies":"Spheric Guardian","floor":19,"turns":4},{"damage":8,"enemies":"Chosen and Byrds","floor":20,"turns":7},{"damage":43,"enemies":"3 Cultists","floor":24,"turns":5},{"damage":23,"enemies":"Centurion and Healer","floor":28,"turns":6},{"damage":18,"enemies":"Snake Plant","floor":29,"turns":4},{"damage":108,"enemies":"Automaton","floor":33,"turns":12}],"seed_played":"2814943646530101449","potions_obtained":[{"floor":1,"key":"Dexterity Potion"},{"floor":4,"key":"Fire Potion"},{"floor":7,"key":"Regen Potion"},{"floor":16,"key":"Poison Potion"},{"floor":28,"key":"SteroidPotion"}],"is_trial":false,"path_per_floor":["M","?","M","M","M","R","M","?","T","E","M","R","M","M","R","B",null,"M","M","M","?","?","R","M","R","T","R","M","M","?","$","R"],"character_chosen":"THE_SILENT","items_purchased":["Endless Agony"],"campfire_rested":5,"item_purchase_floors":[31],"current_hp_per_floor":[70,70,70,70,61,61,61,49,49,41,41,62,62,62,62,46,70,60,49,41,41,28,50,16,38,38,60,37,19,19,19,41,0],"gold":256,"neow_bonus":"","is_prod":false,"is_daily":false,"chose_seed":false,"campfire_upgraded":2,"win_rate":0.0,"timestamp":1530119943,"path_taken":["M","?","M","M","M","R","M","?","T","E","M","R","M","M","R","BOSS","M","M","M","?","?","R","M","R","T","R","?","M","?","?","R","BOSS"],"build_version":"2018-06-21v2","purchased_purges":1,"victory":false,"max_hp_per_floor":[70,70,70,70,70,70,70,70,70,70,70,70,70,70,70,70,70,70,70,70,70,75,75,75,75,75,75,75,75,75,75,75,75],"card_choices":[{"not_picked":["Underhanded Strike","Dagger Throw"],"picked":"Backstab","floor":1},{"not_picked":["Slice","Outmaneuver"],"picked":"Noxious Fumes","floor":3},{"not_picked":["Prepared","Dodge and Roll"],"picked":"Blur","floor":4},{"not_picked":["Dodge and Roll","Acrobatics"],"picked":"Phantasmal Killer","floor":5},{"not_picked":["Deadly Poison","Prepared"],"picked":"Underhanded Strike","floor":7},{"not_picked":["Well Laid Plans","Calculated Gamble"],"picked":"Blade Dance","floor":10},{"not_picked":["Malaise","Outmaneuver"],"picked":"Sucker Punch","floor":11},{"not_picked":["Eviscerate","Dash"],"picked":"Noxious Fumes","floor":13},{"not_picked":["Prepared","Deflect"],"picked":"Quick Slash","floor":14},{"not_picked":["Wraith Form v2","Die Die Die"],"picked":"Night Terror","floor":16},{"not_picked":["Crippling Poison","Dodge and Roll+1"],"picked":"Endless Agony+1","floor":18},{"not_picked":["Underhanded Strike","Flying Knee"],"picked":"Acrobatics","floor":19},{"not_picked":["Dodge and Roll","Blade Dance"],"picked":"Dagger Throw","floor":20},{"not_picked":["Escape Plan","Caltrops"],"picked":"Deflect","floor":24},{"not_picked":["PiercingWail","Terror","A Thousand Cuts"],"picked":"Predator","floor":28},{"not_picked":["Predator","Sucker Punch+1","Poisoned Stab"],"picked":"Choke","floor":29}],"player_experience":49561,"relics_obtained":[{"floor":9,"key":"Bag of Preparation"},{"floor":10,"key":"Bronze Scales"},{"floor":26,"key":"Question Card"}],"event_choices":[{"event_name":"The Cleric","player_choice":"Card Removal","floor":2,"damage_taken":0},{"event_name":"Scrap Ooze","player_choice":"success","floor":8,"damage_taken":12},{"event_name":"Vampires","player_choice":"Ignored","floor":21,"damage_taken":0},{"event_name":"Forgotten Altar","player_choice":"Shed Blood","floor":22,"damage_taken":0},{"event_name":"Upgrade Shrine","player_choice":"Upgraded","floor":30,"damage_taken":0}],"boss_relics":[{"not_picked":["Ectoplasm","White Beast Statue"],"picked":"Lizard Tail"}],"items_purged_floors":[31],"is_endless":false,"potions_floor_spawned":[1,4,7,16,28,29],"killed_by":"Automaton","ascension_level":0}