{"gold_per_floor":[119,194,211,134,145,145,159,159,211,211,229,229,249,23,23,123,123,137,147,163,262,262,262,291,216,216,216,216,229,246,246,246,246],"floor_reached":33,"playtime":1634,"items_purged":["Strike_B"],"score":346,"play_id":"70453258-65f0-49ca-b908-55d3fd1045c1","local_time":"20181031083055","is_ascension_mode":true,"campfire_choices":[{"data":"Sunder","floor":6,"key":"SMITH"},{"data":"Streamline","floor":8,"key":"SMITH"},{"floor":15,"key":"REST"},{"data":"Turbo","floor":23,"key":"SMITH"},{"floor":28,"key":"REST"},{"floor":32,"key":"REST"}],"neow_cost":"NONE","seed_source_timestamp":4223179835842320,"circlet_count":0,"master_deck":["Strike_B","Strike_B+1","Defend_B","Defend_B","Defend_B","Defend_B","Zap+1","Dualcast","Sunder+1","Sweeping Beam","Streamline+1","FTL","FTL","Auto Shields","Electrodynamics+1","FTL","Go for the Eyes","Turbo+1","BootSequence+1","FTL+1","Streamline","Auto Shields","Rebound"],"relics":["Cracked Core","Juzu Bracelet","Lantern","Sozu","DataDisk","Dream Catcher","Boot"],"potions_floor_usage":[13,16,16],"damage_taken":[{"damage":0,"enemies":"2 Louse","floor":1,"turns":1},{"damage":0,"enemies":"Small Slimes","floor":3,"turns":2},{"damage":7,"enemies":"Jaw Worm","floor":5,"turns":2},{"damage":0,"enemies":"Exordium Thugs","floor":7,"turns":3},{"damage":0,"enemies":"Large Slime","floor":11,"turns":3},{"damage":5,"enemies":"Red Slaver","floor":13,"turns":2},{"damage":47,"enemies":"The Guardian","floor":16,"turns":9},{"damage":0,"enemies":"3 Byrds","floor":18,"turns":1},{"damage":0,"enemies":"Chosen","floor":19,"turns":3},{"damage":14,"enemies":"Centurion and Healer","floor":20,"turns":3},{"damage":36,"enemies":"Book of Stabbing","floor":24,"turns":5},{"damage":0,"enemies":"3 Cultists","floor":29,"turns":3},{"damage":2,"enemies":"Shelled Parasite and Fungi","floor":30,"turns":3},{"damage":31,"enemies":"Collector","floor":33,"turns":7}],"seed_played":"-2544428870995065103","potions_obtained":[{"floor":3,"key":"Swift Potion"},{"floor":11,"key":"Weak Potion"},{"floor":13,"key":"Energy Potion"},{"floor":16,"key":"FocusPotion"}],"is_trial":false,"path_per_floor":["M","?","M","$","M","R","M","R","T","?","M","?","M","$","R","B",null,"M","M","M","?","T","R","E","?","T","$","R","M","M","?","R"],"character_chosen":"DEFECT","items_purchased":["FTL","Lantern"],"campfire_rested":3,"item_purchase_floors":[4,14],"current_hp_per_floor":[75,64,64,64,57,57,57,57,57,42,42,42,37,37,59,12,59,59,59,45,45,45,45,9,9,9,9,31,31,29,29,51,20],"gold":246,"neow_bonus":"THREE_CARDS","is_prod":false,"is_daily":false,"chose_seed":false,"campfire_upgraded":3,"win_rate":0,"timestamp":1540992655,"path_taken":["M","?","M","$","M","R","M","R","T","?","M","?","M","$","R","BOSS","M","M","M","?","?","R","E","?","T","$","R","M","M","?","R","BOSS"],"build_version":"2018-10-25v2","purchased_purges":1,"victory":false,"max_hp_per_floor":[75,75,75,75,75,75,75,75,75,75,75,75,75,75,75,75,75,75,75,75,75,75,75,75,75,75,75,75,75,75,75,75,75],"card_choices":[{"not_picked":["Reinforced Body","Blizzard"],"picked":"Sunder","floor":0},{"not_picked":["Streamline","Loop"],"picked":"Sweeping Beam","floor":1},{"not_picked":["Blizzard","Steam"],"picked":"Streamline","floor":3},{"not_picked":["Chill","Hello World"],"picked":"FTL","floor":5},{"not_picked":["Gash","Storm"],"picked":"Auto Shields","floor":7},{"not_picked":["Leap","Darkness"],"picked":"Electrodynamics","floor":11},{"not_picked":["Gash","Compile Driver"],"picked":"FTL","floor":13},{"not_picked":["Redo","Gash"],"picked":"Go for the Eyes","floor":18},{"not_picked":["Coolheaded","Fusion"],"picked":"Turbo","floor":19},{"not_picked":["Conserve Battery","Tempest"],"picked":"BootSequence+1","floor":20},{"not_picked":["Steam Power","Biased Cognition"],"picked":"FTL+1","floor":24},{"not_picked":["Redo","Gash+1"],"picked":"Streamline","floor":28},{"not_picked":["Hologram+1","Compile Driver"],"picked":"Auto Shields","floor":29},{"not_picked":["Heatsinks+1","Gash","Barrage"],"picked":"SKIP","floor":30},{"not_picked":["Core Surge","Blizzard"],"picked":"Rebound","floor":32}],"player_experience":902601,"relics_obtained":[{"floor":9,"key":"Juzu Bracelet"},{"floor":22,"key":"DataDisk"},{"floor":24,"key":"Dream Catcher"},{"floor":26,"key":"Boot"}],"event_choices":[{"damage_healed":0,"gold_gain":75,"player_choice":"Gather Gold","damage_taken":11,"max_hp_gain":0,"max_hp_loss":0,"event_name":"World of Goop","floor":2,"gold_loss":0},{"damage_healed":0,"gold_gain":0,"player_choice":"Entered Light","damage_taken":15,"max_hp_gain":0,"max_hp_loss":0,"event_name":"Shining Light","floor":10,"gold_loss":0,"cards_upgraded":["Zap","Strike_B"]},{"damage_healed":0,"gold_gain":0,"player_choice":"Upgraded","damage_taken":0,"max_hp_gain":0,"max_hp_loss":0,"event_name":"Upgrade Shrine","floor":12,"gold_loss":0,"cards_upgraded":["Electrodynamics"]},{"damage_healed":0,"gold_gain":99,"player_choice":"Stole From Cult","damage_taken":0,"max_hp_gain":0,"max_hp_loss":0,"event_name":"Nest","floor":21,"gold_loss":0},{"cards_removed":["Strike_B"],"damage_healed":0,"gold_gain":0,"player_choice":"Gave Gold","damage_taken":0,"max_hp_gain":0,"max_hp_loss":0,"event_name":"Beggar","floor":25,"gold_loss":75},{"damage_healed":0,"gold_gain":0,"player_choice":"Got Potions","damage_taken":0,"max_hp_gain":0,"max_hp_loss":0,"event_name":"The Lab","floor":31,"gold_loss":0}],"is_beta":false,"boss_relics":[{"not_picked":["Tiny House","Nuclear Battery"],"picked":"Sozu"}],"items_purged_floors":[14],"is_endless":false,"potions_floor_spawned":[3,11,13,16,18,19,30],"killed_by":"Collector","ascension_level":5}