{"gold_per_floor":[111,211,228,228,113,113,139,139,139,139,149,166,228,24,24,125,125,140,158,124,137,137,137,171,184,229,229,73,73,83,83,83,183,183,197,72,89,100,100,100,128,143,143,143,143,174,174,186,186,186],"floor_reached":51,"playtime":2628,"items_purged":["Defend_R","Strike_R","Strike_R"],"score":823,"play_id":"2616ff51-f182-4f7a-b654-26fe021da91f","local_time":"20180717153706","is_ascension_mode":false,"campfire_choices":[{"data":"Flame Barrier","floor":6,"key":"SMITH"},{"data":"Flex","floor":8,"key":"SMITH"},{"floor":15,"key":"DIG"},{"floor":23,"key":"DIG"},{"floor":27,"key":"REST"},{"floor":32,"key":"DIG"},{"floor":40,"key":"DIG"},{"floor":49,"key":"DIG"}],"neow_cost":"TEN_PERCENT_HP_LOSS","seed_source_timestamp":1811461768695117,"circlet_count":0,"master_deck":["Strike_R+1","Strike_R","Defend_R+1","Defend_R","Bash","Flex+1","Headbutt+1","Flame Barrier+1","Battle Trance","Heavy Blade","Double Tap","Panacea+1","Reaper","Cleave","Pommel Strike","Spot Weakness+1","Pommel Strike","Flex+1","Immolate","Heavy Blade+1","Ghostly Armor"],"relics":["Burning Blood","Regal Pillow","Question Card","Shovel","Vajra","Mark of Pain","Dream Catcher","Strawberry","Red Skull","Bag of Marbles","Bronze Scales","Busted Crown","Pen Nib","Ornamental Fan","Mercury Hourglass","Ancient Tea Set","Omamori"],"potions_floor_usage":[21,25,42,42,50,50],"damage_taken":[{"damage":5,"enemies":"Small Slimes","floor":1,"turns":3},{"damage":1,"enemies":"Cultist","floor":3,"turns":3},{"damage":14,"enemies":"3 Sentries","floor":7,"turns":7},{"damage":0,"enemies":"2 Louse","floor":11,"turns":2},{"damage":0,"enemies":"2 Fungi Beasts","floor":12,"turns":3},{"damage":8,"enemies":"3 Sentries","floor":13,"turns":7},{"damage":0,"enemies":"Slime Boss","floor":16,"turns":4},{"damage":0,"enemies":"Shell Parasite","floor":18,"turns":2},{"damage":0,"enemies":"Spheric Guardian","floor":19,"turns":2},{"damage":9,"enemies":"Snake Plant","floor":21,"turns":3},{"damage":49,"enemies":"Book of Stabbing","floor":24,"turns":5},{"damage":2,"enemies":"Centurion and Healer","floor":25,"turns":4},{"damage":2,"enemies":"Sentry and Sphere","floor":30,"turns":3},{"damage":84,"enemies":"Collector","floor":33,"turns":6},{"damage":7,"enemies":"3 Darklings","floor":35,"turns":3},{"damage":0,"enemies":"Orb Walker","floor":37,"turns":2},{"damage":17,"enemies":"Flame Bruiser 2 Orb","floor":38,"turns":3},{"damage":34,"enemies":"Giant Head","floor":41,"turns":5},{"damage":0,"enemies":"Transient","floor":42,"turns":5},{"damage":36,"enemies":"Nemesis","floor":46,"turns":3},{"damage":6,"enemies":"Sphere and 2 Shapes","floor":48,"turns":2},{"damage":39,"enemies":"Donu and Deca","floor":50,"turns":6}],"seed_played":"-7325027120255776788","potions_obtained":[{"floor":7,"key":"Poison Potion"},{"floor":11,"key":"Strength Potion"},{"floor":12,"key":"SteroidPotion"},{"floor":18,"key":"Block Potion"},{"floor":22,"key":"Energy Potion"},{"floor":22,"key":"Dexterity Potion"},{"floor":25,"key":"GamblersBrew"},{"floor":42,"key":"SneckoOil"},{"floor":46,"key":"FearPotion"}],"is_trial":false,"path_per_floor":["M","?","M","?","$","R","E","R","T","?","M","M","?","$","R","B",null,"M","M","$","M","?","R","E","M","T","R","$","?","M","$","R","B",null,"M","$","M","M","?","R","E","M","T","?","?","E","?","M","R","B"],"character_chosen":"IRONCLAD","items_purchased":["Flame Barrier","Panacea","Rampage","Bag of Marbles"],"campfire_rested":1,"item_purchase_floors":[5,14,20,28],"current_hp_per_floor":[72,72,72,58,58,58,50,50,50,50,56,62,60,60,60,66,72,72,72,72,72,72,72,36,40,40,78,78,71,75,75,75,17,79,79,79,79,68,68,68,40,59,59,59,59,29,69,69,69,36],"gold":186,"neow_bonus":"REMOVE_TWO","is_prod":false,"is_daily":false,"chose_seed":false,"campfire_upgraded":2,"win_rate":0,"timestamp":1531859826,"path_taken":["M","?","M","?","?","R","E","R","T","?","?","M","?","$","R","BOSS","M","M","$","?","?","R","E","?","T","R","$","?","M","?","R","BOSS","M","$","M","M","?","R","E","M","T","?","?","E","?","M","R","BOSS"],"build_version":"2018-07-12","purchased_purges":3,"victory":true,"max_hp_per_floor":[72,72,72,72,72,72,72,72,72,72,72,72,72,72,72,72,72,72,72,72,72,72,72,79,79,79,79,79,79,79,79,79,79,79,79,79,79,79,79,79,79,79,79,79,79,79,69,69,69,69],"card_choices":[{"not_picked":["Heavy Blade","Anger"],"picked":"Flex","floor":1},{"not_picked":["Second Wind","Carnage"],"picked":"Headbutt","floor":3},{"not_picked":["Searing Blow","Headbutt"],"picked":"Battle Trance","floor":7},{"not_picked":["Shockwave","Anger","Bloodletting","Clothesline"],"picked":"SKIP","floor":11},{"not_picked":["Wild Strike","Body Slam","Havoc"],"picked":"Heavy Blade","floor":12},{"not_picked":["Headbutt","Perfected Strike","Anger"],"picked":"Double Tap","floor":13},{"not_picked":["Bludgeon","Offering","Impervious"],"picked":"Reaper","floor":16},{"not_picked":["Shockwave","Armaments+1","Clothesline"],"picked":"Cleave","floor":18},{"not_picked":["Body Slam","True Grit","Anger"],"picked":"Pommel Strike","floor":19},{"not_picked":["Combust","Warcry+1","Battle Trance"],"picked":"Spot Weakness+1","floor":21},{"not_picked":["Dual Wield","Rupture","Carnage"],"picked":"Pommel Strike","floor":24},{"not_picked":["Spot Weakness","Bloodletting+1","True Grit","Rupture+1"],"picked":"SKIP","floor":25},{"not_picked":["Heavy Blade","Sword Boomerang","Burning Pact"],"picked":"Flex+1","floor":30},{"not_picked":["Reaper","Exhume","Impervious"],"picked":"Immolate","floor":33},{"not_picked":["Clothesline","Wild Strike"],"picked":"SKIP","floor":35},{"not_picked":["Rage"],"picked":"Heavy Blade+1","floor":37},{"not_picked":["Fire Breathing","Cleave"],"picked":"SKIP","floor":38},{"not_picked":["Burning Pact+1","Perfected Strike+1"],"picked":"SKIP","floor":41},{"not_picked":["Rupture+1","Clash+1"],"picked":"SKIP","floor":42},{"not_picked":["Sentinel","Pummel+1"],"picked":"SKIP","floor":46},{"not_picked":["Twin Strike"],"picked":"Ghostly Armor","floor":48}],"player_experience":204669,"relics_obtained":[{"floor":7,"key":"Regal Pillow"},{"floor":9,"key":"Question Card"},{"floor":15,"key":"Vajra"},{"floor":23,"key":"Dream Catcher"},{"floor":24,"key":"Strawberry"},{"floor":26,"key":"Red Skull"},{"floor":32,"key":"Bronze Scales"},{"floor":40,"key":"Pen Nib"},{"floor":41,"key":"Ornamental Fan"},{"floor":43,"key":"Mercury Hourglass"},{"floor":46,"key":"Ancient Tea Set"},{"floor":49,"key":"Omamori"}],"event_choices":[{"event_name":"Golden Shrine","player_choice":"Pray","floor":2,"damage_taken":0},{"event_name":"Shining Light","player_choice":"Entered Light","floor":4,"damage_taken":0},{"event_name":"Accursed Blacksmith","player_choice":"Forge","floor":10,"damage_taken":0},{"event_name":"Dead Adventurer","player_choice":"Searched \u00272\u0027 times","floor":13,"damage_taken":0},{"event_name":"The Lab","player_choice":"Got Potions","floor":22,"damage_taken":0},{"event_name":"Knowing Skull","player_choice":"","floor":29,"damage_taken":0},{"event_name":"Falling","player_choice":"Removed Attack","floor":39,"damage_taken":0},{"event_name":"The Woman in Blue","player_choice":"Bought 0 Potions","floor":44,"damage_taken":0},{"event_name":"Upgrade Shrine","player_choice":"Upgraded","floor":45,"damage_taken":0},{"event_name":"The Moai Head","player_choice":"Heal","floor":47,"damage_taken":0}],"boss_relics":[{"not_picked":["White Beast Statue","Runic Cube"],"picked":"Mark of Pain"},{"not_picked":["Black Star","Empty Cage"],"picked":"Busted Crown"}],"items_purged_floors":[5,14,36],"is_endless":false,"potions_floor_spawned":[7,11,12,13,18,25,30,41,42,46],"ascension_level":0}