{"gold_per_floor":[111,286,286,305,380,380,413,413,413,413],"floor_reached":10,"playtime":472,"items_purged":[],"score":102,"play_id":"915b532f-7975-41e2-b0b6-3a4b253ed116","local_time":"20190502084347","is_ascension_mode":true,"campfire_choices":[{"floor":6,"key":"REST"},{"floor":8,"key":"REST"}],"neow_cost":"NONE","seed_source_timestamp":220915718747829,"circlet_count":0,"master_deck":["AscendersBane","Defend_G","Defend_G","Defend_G","Defend_G","Defend_G","Strike_G","Strike_G","Strike_G","Strike_G","Strike_G","Survivor","Neutralize","Blade Dance","Doubt","Flying Knee","Infinite Blades","Sucker Punch"],"relics":["Ring of the Snake","Pantograph","Dream Catcher","Darkstone Periapt"],"potions_floor_usage":[4],"damage_taken":[{"damage":4,"enemies":"Small Slimes","floor":1,"turns":4},{"damage":8,"enemies":"Jaw Worm","floor":4,"turns":5},{"damage":53,"enemies":"Lagavulin","floor":7,"turns":9},{"damage":39,"enemies":"Gremlin Nob","floor":10,"turns":5}],"seed_played":"4858914787943258834","potions_obtained":[{"floor":1,"key":"AttackPotion"}],"is_trial":false,"path_per_floor":["M","?","T","M","?","R","E","R","T","E"],"character_chosen":"THE_SILENT","items_purchased":[],"campfire_rested":2,"item_purchase_floors":[],"current_hp_per_floor":[66,66,66,58,47,70,17,40,40,1],"gold":413,"neow_bonus":"TEN_PERCENT_HP_BONUS","is_prod":false,"is_daily":false,"chose_seed":false,"campfire_upgraded":0,"win_rate":0,"timestamp":1556804627,"path_taken":["M","?","?","M","?","R","E","R","T","E"],"build_version":"2019-01-23","purchased_purges":0,"victory":false,"max_hp_per_floor":[77,77,77,77,77,77,77,77,77,77],"card_choices":[{"not_picked":["Catalyst","Backflip"],"picked":"Blade Dance","floor":1},{"not_picked":["Blur","Catalyst"],"picked":"Flying Knee","floor":4},{"not_picked":["Dodge and Roll","Dagger Throw"],"picked":"Infinite Blades","floor":7},{"not_picked":["Acrobatics","Catalyst"],"picked":"Sucker Punch","floor":8}],"player_experience":1362593,"relics_obtained":[{"floor":3,"key":"Pantograph"},{"floor":7,"key":"Dream Catcher"},{"floor":9,"key":"Darkstone Periapt"}],"event_choices":[{"damage_healed":0,"gold_gain":175,"player_choice":"AGREE","damage_taken":0,"max_hp_gain":0,"max_hp_loss":0,"event_name":"Liars Game","floor":2,"gold_loss":0,"cards_obtained":["Doubt"]},{"damage_healed":0,"gold_gain":75,"player_choice":"Gather Gold","damage_taken":11,"max_hp_gain":0,"max_hp_loss":0,"event_name":"World of Goop","floor":5,"gold_loss":0}],"is_beta":false,"boss_relics":[],"items_purged_floors":[],"is_endless":false,"potions_floor_spawned":[1],"killed_by":"Gremlin Nob","ascension_level":12}