{"gold_per_floor":[115,115,131,141,21,48,48,77,103,103,178,178,178,188,188,283,283,295,295],"floor_reached":19,"playtime":980,"items_purged":["Decay"],"score":175,"play_id":"b14e8043-1d16-4234-a23f-962bbb7289cd","local_time":"20190307212922","is_ascension_mode":false,"campfire_choices":[{"floor":7.0,"key":"REST"},{"data":"Cloak And Dagger","floor":10.0,"key":"SMITH"},{"data":"Slice","floor":12.0,"key":"SMITH"},{"data":"Poisoned Stab","floor":15.0,"key":"SMITH"}],"neow_cost":"NONE","seed_source_timestamp":0,"circlet_count":0,"master_deck":["Defend_G","Defend_G","Defend_G","Defend_G","Defend_G","Strike_G","Strike_G","Strike_G","Strike_G","Survivor","Neutralize","Endless Agony","Cloak And Dagger","Poisoned Stab+1","Cloak And Dagger+1","Slice+1","Quick Slash","Dash","Deadly Poison","Adrenaline","Dagger Spray"],"special_seed":0,"relics":["Ring of the Snake","Pen Nib","Regal Pillow","PreservedInsect","Sozu"],"potions_floor_usage":[],"damage_taken":[{"damage":0.0,"enemies":"2 Louse","floor":1.0,"turns":3.0},{"damage":0.0,"enemies":"Cultist","floor":3.0,"turns":4.0},{"damage":0.0,"enemies":"Jaw Worm","floor":4.0,"turns":3.0},{"damage":43.0,"enemies":"Gremlin Nob","floor":6.0,"turns":6.0},{"damage":15.0,"enemies":"Lagavulin","floor":8.0,"turns":5.0},{"damage":0.0,"enemies":"2 Fungi Beasts","floor":14.0,"turns":3.0},{"damage":24.0,"enemies":"Slime Boss","floor":16.0,"turns":14.0},{"damage":0.0,"enemies":"Shell Parasite","floor":18.0,"turns":3.0},{"damage":0,"enemies":"Colosseum Slavers","floor":19,"turns":1}],"seed_played":"8673302739432397863","potions_obtained":[{"floor":6.0,"key":"FearPotion"},{"floor":14.0,"key":"SteroidPotion"},{"floor":16.0,"key":"EntropicBrew"}],"is_trial":false,"path_per_floor":["M","?","M","M","$","E","R","E","T","R","?","R","?","M","R","B",null,"M","?"],"character_chosen":"THE_SILENT","items_purchased":["Slice"],"campfire_rested":1,"item_purchase_floors":[5],"current_hp_per_floor":[70,70,70,70,70,27,48,33,33,33,33,33,56,56,56,32,70,70,70],"gold":295,"neow_bonus":"TRANSFORM_CARD","is_prod":false,"is_daily":false,"chose_seed":false,"campfire_upgraded":3,"win_rate":0,"timestamp":1552015762,"path_taken":["M","?","?","M","$","E","R","E","T","R","?","R","?","M","R","BOSS","M","?"],"build_version":"2019-01-23","purchased_purges":1,"victory":false,"max_hp_per_floor":[70,70,70,70,70,70,70,70,70,70,70,70,70,70,70,70,70,70,70],"card_choices":[{"not_picked":["Acrobatics","Eviscerate"],"picked":"Cloak And Dagger","floor":1.0},{"not_picked":["Deadly Poison","Dagger Throw"],"picked":"Poisoned Stab","floor":3.0},{"not_picked":["Heel Hook","Outmaneuver"],"picked":"Cloak And Dagger","floor":4.0},{"not_picked":["Setup","Escape Plan"],"picked":"Quick Slash","floor":6.0},{"not_picked":["Predator","Outmaneuver"],"picked":"Dash","floor":8.0},{"not_picked":["Acrobatics","Blur"],"picked":"Deadly Poison","floor":14.0},{"not_picked":["Storm of Steel","Die Die Die"],"picked":"Adrenaline","floor":16.0},{"not_picked":["Masterful Stab","Catalyst"],"picked":"Dagger Spray","floor":18.0}],"player_experience":1139821,"relics_obtained":[{"floor":6.0,"key":"Pen Nib"},{"floor":8.0,"key":"Regal Pillow"},{"floor":9.0,"key":"PreservedInsect"}],"event_choices":[{"damage_healed":0.0,"max_hp_gain":0.0,"max_hp_loss":0.0,"gold_gain":0.0,"event_name":"Wheel of Change","player_choice":"Cursed","floor":2.0,"gold_loss":0.0,"damage_taken":0.0,"cards_obtained":["Decay"]},{"damage_healed":0.0,"max_hp_gain":0.0,"max_hp_loss":0.0,"gold_gain":75.0,"event_name":"Golden Wing","player_choice":"Gained Gold","floor":11.0,"gold_loss":0.0,"damage_taken":0.0},{"damage_healed":23.0,"max_hp_gain":0.0,"max_hp_loss":0.0,"gold_gain":0.0,"event_name":"Big Fish","player_choice":"Banana","floor":13.0,"gold_loss":0.0,"damage_taken":0.0},{"damage_healed":0,"gold_gain":0,"player_choice":"Fight","damage_taken":0,"max_hp_gain":0,"max_hp_loss":0,"event_name":"Colosseum","floor":19,"gold_loss":0}],"is_beta":false,"boss_relics":[{"not_picked":["Lizard Tail","Tiny House"],"picked":"Sozu"}],"items_purged_floors":[5],"is_endless":false,"potions_floor_spawned":[6,14,16,18],"killed_by":"Colosseum Slavers","ascension_level":0}