{"gold_per_floor":[20,39,57,57,76,102,121,141,141,141,172,172,202,219,219,315,315,326,326,326,213,229,244,244,169,169,169,188,188,39,66,66,66],"floor_reached":33,"playtime":3170,"items_purged":["Strike_R"],"score":341,"play_id":"85a65da4-bb88-4ce9-b5a4-d7226552b6d7","local_time":"20180718112306","is_ascension_mode":true,"campfire_choices":[{"floor":12,"key":"REST"},{"data":"Shockwave","floor":15,"key":"SMITH"},{"floor":24,"key":"REST"},{"data":"Doubt","floor":27,"key":"PURGE"},{"floor":29,"key":"REST"},{"floor":32,"key":"REST"}],"neow_cost":"NO_GOLD","seed_source_timestamp":682171753386,"circlet_count":0,"master_deck":["Strike_R","Strike_R","Strike_R","Strike_R","Defend_R","Defend_R","Defend_R","Defend_R","Bash","Cleave","Twin Strike","Iron Wave","Shrug It Off","Cleave","Shockwave+1","Feed","Battle Trance","Carnage","Clothesline","Pommel Strike+1"],"relics":["Burning Blood","Darkstone Periapt","Boot","Art of War","Strawberry","Cursed Key","Bottled Flame","Peace Pipe","Blood Vial","Frozen Egg 2"],"potions_floor_usage":[2,11,11,18,31],"damage_taken":[{"damage":4,"enemies":"2 Louse","floor":1,"turns":4},{"damage":11,"enemies":"Jaw Worm","floor":2,"turns":2},{"damage":9,"enemies":"Small Slimes","floor":3,"turns":4},{"damage":13,"enemies":"Red Slaver","floor":5,"turns":3},{"damage":33,"enemies":"3 Sentries","floor":6,"turns":9},{"damage":6,"enemies":"3 Louse","floor":7,"turns":2},{"damage":0,"enemies":"2 Fungi Beasts","floor":8,"turns":4},{"damage":6,"enemies":"Lagavulin","floor":11,"turns":5},{"damage":16,"enemies":"Exordium Wildlife","floor":14,"turns":4},{"damage":82,"enemies":"The Guardian","floor":16,"turns":13},{"damage":29,"enemies":"Spheric Guardian","floor":18,"turns":6},{"damage":13,"enemies":"Shell Parasite","floor":22,"turns":6},{"damage":19,"enemies":"Snake Plant","floor":23,"turns":4},{"damage":34,"enemies":"Slaver and Parasite","floor":28,"turns":6},{"damage":57,"enemies":"Gremlin Leader","floor":31,"turns":6},{"damage":115,"enemies":"Automaton","floor":33,"turns":10}],"seed_played":"-3278815966543771537","potions_obtained":[{"floor":1,"key":"Fire Potion"},{"floor":6,"key":"SpeedPotion"},{"floor":7,"key":"Block Potion"},{"floor":10,"key":"FairyPotion"},{"floor":10,"key":"Strength Potion"},{"floor":16,"key":"Block Potion"},{"floor":28,"key":"BloodPotion"}],"is_trial":false,"path_per_floor":["M","M","M","?","M","E","M","M","T","?","E","R","?","M","R","B",null,"M","T","?","$","M","M","R","?","T","R","M","R","$","E","R"],"character_chosen":"IRONCLAD","items_purchased":["Carnage","Blood Vial"],"campfire_rested":4,"item_purchase_floors":[21,30],"current_hp_per_floor":[96,91,88,93,86,59,59,65,65,65,65,95,102,92,92,16,108,85,91,67,67,60,47,82,82,88,88,60,97,97,60,97,0],"gold":66,"neow_bonus":"TWENTY_PERCENT_HP_BONUS","is_prod":false,"is_daily":false,"chose_seed":false,"campfire_upgraded":1,"win_rate":0,"timestamp":1531938186,"path_taken":["M","M","M","?","M","E","M","M","T","?","E","R","?","M","R","BOSS","M","?","?","$","?","M","R","?","T","R","M","R","$","E","R","BOSS"],"build_version":"2018-07-12","purchased_purges":1,"victory":false,"max_hp_per_floor":[96,96,96,101,101,101,101,101,101,101,101,101,108,108,108,108,108,108,114,119,119,119,119,119,119,125,125,125,125,125,125,125,125],"card_choices":[{"not_picked":["Entrench","Disarm"],"picked":"Cleave","floor":1},{"not_picked":["Corruption","Warcry"],"picked":"Twin Strike","floor":2},{"not_picked":["Wild Strike","Seeing Red"],"picked":"Iron Wave","floor":3},{"not_picked":["Warcry","Shockwave"],"picked":"Shrug It Off","floor":5},{"not_picked":["Spot Weakness","Perfected Strike","Anger"],"picked":"SKIP","floor":6},{"not_picked":["Warcry","Power Through","Bloodletting"],"picked":"SKIP","floor":7},{"not_picked":["Warcry","Rampage"],"picked":"Cleave","floor":8},{"not_picked":["Dark Embrace","Heavy Blade","Entrench"],"picked":"SKIP","floor":11},{"not_picked":["Whirlwind","Corruption"],"picked":"Shockwave","floor":14},{"not_picked":["Immolate","Reaper"],"picked":"Feed","floor":16},{"not_picked":["Body Slam","Wild Strike"],"picked":"Battle Trance","floor":18},{"not_picked":["Perfected Strike","Evolve+1"],"picked":"Clothesline","floor":22},{"not_picked":["Disarm","Sword Boomerang+1","Twin Strike"],"picked":"SKIP","floor":23},{"not_picked":["Body Slam","Cleave","Double Tap"],"picked":"SKIP","floor":28},{"not_picked":["Clothesline","Headbutt"],"picked":"Pommel Strike+1","floor":31}],"player_experience":93123,"relics_obtained":[{"floor":6,"key":"Darkstone Periapt"},{"floor":9,"key":"Boot"},{"floor":11,"key":"Art of War"},{"floor":19,"key":"Bottled Flame"},{"floor":26,"key":"Peace Pipe"},{"floor":31,"key":"Frozen Egg 2"}],"event_choices":[{"event_name":"Big Fish","player_choice":"Donut","floor":4,"damage_taken":0},{"event_name":"The Lab","player_choice":"Got Potions","floor":10,"damage_taken":0},{"event_name":"Dead Adventurer","player_choice":"Searched \u00272\u0027 times","floor":13,"damage_taken":0},{"event_name":"Forgotten Altar","player_choice":"Shed Blood","floor":20,"damage_taken":0},{"event_name":"Beggar","player_choice":"Gave Gold","floor":25,"damage_taken":0}],"boss_relics":[{"not_picked":["Mark of Pain","Black Blood"],"picked":"Cursed Key"}],"items_purged_floors":[21],"is_endless":false,"potions_floor_spawned":[1,6,7,16,28],"killed_by":"Automaton","ascension_level":1}