{"gold_per_floor":[118,130,143,143,154,154,179,194,194,206,206,206,4,15,15,116,116,128,128,128,128,53,82,82,101,171,171,184,210,229,169,169,169],"floor_reached":33,"playtime":2429,"items_purged":["Pain"],"score":344,"play_id":"b0f920fd-c586-4da3-95fb-3992ef9cdf3b","local_time":"20181105011748","is_ascension_mode":true,"campfire_choices":[{"floor":6,"key":"REST"},{"floor":15,"key":"REST"},{"floor":24,"key":"REST"},{"data":"Noxious Fumes","floor":27,"key":"SMITH"},{"floor":32,"key":"REST"}],"neow_cost":"NONE","seed_source_timestamp":55483302952416,"circlet_count":0,"master_deck":["Defend_G","Defend_G","Defend_G","Defend_G","Survivor","Neutralize","Purity","Dagger Spray+1","All Out Attack","Noxious Fumes+1","Dagger Throw","Storm of Steel","Poisoned Stab","Prepared","Adrenaline","Deflect","Phantasmal Killer","Expertise+1","Dodge and Roll","Backstab","Crippling Poison"],"relics":["Ring of the Snake","Mummified Hand","Bottled Flame","WarpedTongs","Empty Cage","Centennial Puzzle","Ninja Scroll","Letter Opener","Pantograph"],"potions_floor_usage":[16,16,23,25,28,29,33],"damage_taken":[{"damage":13,"enemies":"Jaw Worm","floor":1,"turns":5},{"damage":6,"enemies":"Cultist","floor":2,"turns":4},{"damage":0,"enemies":"Small Slimes","floor":3,"turns":3},{"damage":6,"enemies":"Exordium Thugs","floor":5,"turns":4},{"damage":17,"enemies":"3 Sentries","floor":7,"turns":5},{"damage":9,"enemies":"Blue Slaver","floor":8,"turns":4},{"damage":0,"enemies":"3 Louse","floor":10,"turns":1},{"damage":3,"enemies":"Looter","floor":14,"turns":2},{"damage":33,"enemies":"Hexaghost","floor":16,"turns":9},{"damage":0,"enemies":"3 Byrds","floor":18,"turns":3},{"damage":13,"enemies":"Slavers","floor":23,"turns":4},{"damage":2,"enemies":"Shell Parasite","floor":25,"turns":2},{"damage":17,"enemies":"Snecko","floor":28,"turns":5},{"damage":33,"enemies":"Book of Stabbing","floor":29,"turns":4},{"damage":19,"enemies":"Shelled Parasite and Fungi","floor":30,"turns":3},{"damage":75,"enemies":"Automaton","floor":33,"turns":10}],"seed_played":"3818445912314406358","potions_obtained":[{"floor":1,"key":"Swift Potion"},{"floor":8,"key":"SneckoOil"},{"floor":16,"key":"GhostInAJar"},{"floor":18,"key":"Weak Potion"},{"floor":25,"key":"Regen Potion"},{"floor":28,"key":"Fire Potion"}],"is_trial":false,"path_per_floor":["M","M","M","?","M","R","E","M","T","M","?","?","$","M","R","B",null,"M","?","?","T","?","E","R","M","T","R","M","E","M","?","R","B"],"character_chosen":"THE_SILENT","items_purchased":["Prepared","Dexterity Potion","Fire Potion"],"campfire_rested":4,"item_purchase_floors":[13,13,13],"current_hp_per_floor":[57,51,51,51,45,66,49,40,40,40,45,45,45,42,64,31,75,75,61,61,61,61,48,72,70,70,70,67,34,15,15,39,0],"gold":169,"neow_bonus":"RANDOM_COLORLESS","is_prod":false,"is_daily":false,"chose_seed":false,"campfire_upgraded":1,"win_rate":0,"timestamp":1541409468,"path_taken":["M","M","M","?","?","R","E","M","T","M","?","?","$","?","R","BOSS","M","?","?","?","?","E","R","M","T","R","M","E","?","?","R","BOSS"],"build_version":"2018-11-01","purchased_purges":1,"victory":false,"max_hp_per_floor":[70,70,70,70,70,70,70,70,70,70,75,75,75,75,75,75,75,75,80,80,80,80,80,80,80,80,80,80,80,80,80,80,80],"card_choices":[{"not_picked":["Skewer","PiercingWail"],"picked":"Dagger Spray","floor":1},{"not_picked":["Quick Slash","Cloak And Dagger"],"picked":"All Out Attack","floor":2},{"not_picked":["Deflect","Predator"],"picked":"Noxious Fumes","floor":3},{"not_picked":["Blade Dance","Cloak And Dagger"],"picked":"Dagger Throw","floor":5},{"not_picked":["Concentrate","Slice"],"picked":"Storm of Steel","floor":7},{"not_picked":["Catalyst","Deflect"],"picked":"Poisoned Stab","floor":8},{"not_picked":["Finisher","Flying Knee","Eviscerate"],"picked":"SKIP","floor":10},{"not_picked":["Sucker Punch","Expertise","Blade Dance"],"picked":"SKIP","floor":14},{"not_picked":["Phantasmal Killer","Malaise"],"picked":"Adrenaline","floor":16},{"not_picked":["Outmaneuver","Choke","Expertise"],"picked":"SKIP","floor":18},{"not_picked":["Slice+1","Distraction"],"picked":"Expertise+1","floor":23},{"not_picked":["Flying Knee","Sucker Punch+1"],"picked":"Dodge and Roll","floor":25},{"not_picked":["Infinite Blades","Poisoned Stab"],"picked":"Backstab","floor":28},{"not_picked":["Heel Hook","Quick Slash+1","Riddle With Holes"],"picked":"SKIP","floor":29},{"not_picked":["Footwork","Underhanded Strike+1"],"picked":"Crippling Poison","floor":30}],"player_experience":476396,"relics_obtained":[{"floor":7,"key":"Mummified Hand"},{"floor":9,"key":"Bottled Flame"},{"floor":21,"key":"Centennial Puzzle"},{"floor":23,"key":"Ninja Scroll"},{"floor":26,"key":"Letter Opener"},{"floor":29,"key":"Pantograph"}],"event_choices":[{"damage_healed":0,"gold_gain":0,"player_choice":"Upgraded","damage_taken":0,"max_hp_gain":0,"max_hp_loss":0,"event_name":"Upgrade Shrine","floor":4,"gold_loss":0,"cards_upgraded":["Dagger Spray"]},{"damage_healed":0,"gold_gain":0,"player_choice":"Donut","damage_taken":0,"max_hp_gain":5,"max_hp_loss":0,"event_name":"Big Fish","floor":11,"gold_loss":0},{"damage_healed":0,"gold_gain":0,"player_choice":"Rummage","damage_taken":0,"relics_obtained":["WarpedTongs"],"max_hp_gain":0,"max_hp_loss":0,"event_name":"Accursed Blacksmith","floor":12,"gold_loss":0,"cards_obtained":["Pain"]},{"damage_healed":0,"gold_gain":0,"player_choice":"Shed Blood","damage_taken":19,"max_hp_gain":5,"max_hp_loss":0,"event_name":"Forgotten Altar","floor":19,"gold_loss":0},{"damage_healed":0,"gold_gain":0,"cards_transformed":["Strike_G","Strike_G"],"player_choice":"Became Test Subject","damage_taken":0,"max_hp_gain":0,"max_hp_loss":0,"event_name":"Drug Dealer","floor":20,"gold_loss":0,"cards_obtained":["Deflect","Phantasmal Killer"]},{"cards_removed":["Strike_G"],"damage_healed":0,"gold_gain":0,"player_choice":"Gave Gold","damage_taken":0,"max_hp_gain":0,"max_hp_loss":0,"event_name":"Beggar","floor":22,"gold_loss":75},{"cards_removed":["Strike_G"],"damage_healed":0,"gold_gain":0,"player_choice":"Single Remove","damage_taken":0,"max_hp_gain":0,"max_hp_loss":0,"event_name":"Designer","floor":31,"gold_loss":60}],"is_beta":false,"boss_relics":[{"not_picked":["Astrolabe","Runic Dome"],"picked":"Empty Cage"}],"items_purged_floors":[13],"is_endless":false,"potions_floor_spawned":[1,8,14,16,18,25,28],"killed_by":"Automaton","ascension_level":4}