{"gold_per_floor":[115,134,84,100,117,146,146,171,171,171,171,246,262,296,296,396,396,408,507,526,257,277,277,305,305,305,255,255,255,255,280,280,280],"floor_reached":33,"playtime":2355,"items_purged":["Strike_B","Writhe"],"score":421,"play_id":"5982f1e0-5450-4c50-862d-8c4d08678e7d","local_time":"20190702172059","is_ascension_mode":true,"campfire_choices":[{"data":"Defragment","floor":7.0,"key":"SMITH"},{"floor":10.0,"key":"REST"},{"data":"Doom and Gloom","floor":15.0,"key":"SMITH"},{"data":"Zap","floor":23.0,"key":"SMITH"},{"floor":28.0,"key":"REST"},{"floor":30.0,"key":"REST"},{"floor":32,"key":"REST"}],"neow_cost":"NONE","seed_source_timestamp":32483413204476,"circlet_count":0,"master_deck":["Defend_B","Defend_B","Defend_B","Defend_B","Zap+1","Ball Lightning","Streamline","Defragment+1","Cold Snap","Doom and Gloom+1","Barrage+1","Hologram","Reboot","Recycle+1","Heatsinks+1","Force Field+1","BootSequence","Hologram+1"],"special_seed":0,"relics":["Cracked Core","Smiling Mask","Matryoshka","Bag of Preparation","Happy Flower","Molten Egg 2","Prayer Wheel","Astrolabe","Art of War","Vajra","Anchor","Omamori","Shuriken","Centennial Puzzle"],"potions_floor_usage":[31],"damage_taken":[{"damage":2.0,"enemies":"2 Louse","floor":1.0,"turns":3.0},{"damage":2.0,"enemies":"Jaw Worm","floor":2.0,"turns":4.0},{"damage":0.0,"enemies":"Small Slimes","floor":4.0,"turns":2.0},{"damage":15.0,"enemies":"3 Louse","floor":5.0,"turns":4.0},{"damage":8.0,"enemies":"Gremlin Nob","floor":6.0,"turns":3.0},{"damage":20.0,"enemies":"3 Sentries","floor":8.0,"turns":6.0},{"damage":6.0,"enemies":"Looter","floor":13.0,"turns":4.0},{"damage":11.0,"enemies":"Gremlin Nob","floor":14.0,"turns":3.0},{"damage":0.0,"enemies":"Slime Boss","floor":16.0,"turns":8.0},{"damage":7.0,"enemies":"Spheric Guardian","floor":18.0,"turns":4.0},{"damage":0.0,"enemies":"Chosen","floor":20.0,"turns":3.0},{"damage":2.0,"enemies":"Centurion and Healer","floor":22.0,"turns":7.0},{"damage":54.0,"enemies":"Slavers","floor":24.0,"turns":7.0},{"damage":32,"enemies":"Book of Stabbing","floor":31,"turns":5},{"damage":54,"enemies":"Collector","floor":33,"turns":7}],"seed_played":"8138948386573479347","potions_obtained":[{"floor":2.0,"key":"Regen Potion"},{"floor":4.0,"key":"FocusPotion"},{"floor":5.0,"key":"PowerPotion"},{"floor":16.0,"key":"Swift Potion"},{"floor":24.0,"key":"FearPotion"}],"is_trial":false,"path_per_floor":["M","M","?","M","M","E","R","E","T","R","?","?","M","E","R","B",null,"M","?","M","$","M","R","E","?","T","$","R","?","R","E","R","B"],"character_chosen":"DEFECT","items_purchased":["Art of War","EssenceOfSteel"],"campfire_rested":4,"item_purchase_floors":[21,21],"current_hp_per_floor":[73,71,71,71,56,48,48,42,42,64,69,58,52,41,41,41,80,73,73,73,73,71,71,17,17,17,17,41,26,51,19,44,0],"gold":280,"neow_bonus":"RANDOM_COMMON_RELIC","is_prod":false,"is_daily":false,"chose_seed":false,"campfire_upgraded":3,"win_rate":0,"timestamp":1562080859,"path_taken":["M","M","?","M","M","E","R","E","T","R","?","?","M","E","R","BOSS","M","?","M","$","M","R","E","?","T","$","R","?","R","E","R","BOSS"],"build_version":"2019-07-01","purchased_purges":2,"victory":false,"max_hp_per_floor":[75,75,75,75,75,75,75,75,75,75,80,80,80,80,80,80,80,80,80,80,80,80,80,80,80,80,80,80,85,85,85,85,85],"card_choices":[{"not_picked":["Coolheaded","Go for the Eyes","Beam Cell"],"picked":"SKIP","floor":1.0},{"not_picked":["Auto Shields","Gash"],"picked":"Ball Lightning","floor":2.0},{"not_picked":["Barrage","Blizzard"],"picked":"Streamline","floor":4.0},{"not_picked":["Biased Cognition","Darkness"],"picked":"Defragment","floor":5.0},{"not_picked":["Barrage","Redo"],"picked":"Cold Snap","floor":6.0},{"not_picked":["Self Repair","Cold Snap"],"picked":"Doom and Gloom","floor":8.0},{"not_picked":["Coolheaded","Leap"],"picked":"Barrage+1","floor":13.0},{"not_picked":["Ball Lightning+1","Fusion"],"picked":"Hologram","floor":14.0},{"not_picked":["Fission","Rainbow"],"picked":"Reboot","floor":16.0},{"not_picked":["Coolheaded+1","Cold Snap+1"],"picked":"BootSequence","floor":18.0},{"not_picked":["Steam","Barrage+1","Reprogram"],"picked":"SKIP","floor":18.0},{"not_picked":["Rebound+1","Turbo"],"picked":"Hologram+1","floor":20.0},{"not_picked":["Hologram","Storm+1","Leap"],"picked":"SKIP","floor":20.0},{"not_picked":["Coolheaded","Sweeping Beam+1","Lockon+1"],"picked":"SKIP","floor":22.0},{"not_picked":["Redo","Stack","Turbo+1"],"picked":"SKIP","floor":22.0},{"not_picked":["Hologram","All For One+1","Force Field"],"picked":"SKIP","floor":24.0},{"not_picked":["Compile Driver+1","Force Field","Leap"],"picked":"SKIP","floor":31}],"player_experience":410627,"relics_obtained":[{"floor":6.0,"key":"Matryoshka"},{"floor":8.0,"key":"Bag of Preparation"},{"floor":9.0,"key":"Happy Flower"},{"floor":9.0,"key":"Molten Egg 2"},{"floor":14.0,"key":"Prayer Wheel"},{"floor":24.0,"key":"Vajra"},{"floor":26.0,"key":"Omamori"},{"floor":26.0,"key":"Shuriken"},{"floor":31,"key":"Centennial Puzzle"}],"event_choices":[{"cards_removed":["Dualcast"],"damage_healed":0.0,"max_hp_gain":0.0,"max_hp_loss":0.0,"gold_gain":0.0,"event_name":"The Cleric","player_choice":"Card Removal","floor":3.0,"gold_loss":50.0,"damage_taken":0.0},{"damage_healed":0.0,"max_hp_gain":5.0,"max_hp_loss":0.0,"gold_gain":0.0,"event_name":"Big Fish","player_choice":"Donut","floor":11.0,"gold_loss":0.0,"damage_taken":0.0},{"damage_healed":0.0,"max_hp_gain":0.0,"max_hp_loss":0.0,"gold_gain":75.0,"event_name":"World of Goop","player_choice":"Gather Gold","floor":12.0,"gold_loss":0.0,"damage_taken":11.0},{"damage_healed":0.0,"max_hp_gain":0.0,"max_hp_loss":0.0,"gold_gain":99.0,"event_name":"Nest","player_choice":"Stole From Cult","floor":19.0,"gold_loss":0.0,"damage_taken":0.0},{"damage_healed":0.0,"max_hp_gain":0.0,"max_hp_loss":0.0,"gold_gain":0.0,"event_name":"The Mausoleum","player_choice":"Opened","floor":25.0,"gold_loss":0.0,"damage_taken":0.0,"relics_obtained":["Anchor"],"cards_obtained":["Writhe"]},{"damage_healed":0.0,"max_hp_gain":5.0,"max_hp_loss":0.0,"gold_gain":0.0,"event_name":"Forgotten Altar","player_choice":"Shed Blood","floor":29.0,"gold_loss":0.0,"damage_taken":20.0}],"is_beta":false,"boss_relics":[{"not_picked":["Runic Dome","Busted Crown"],"picked":"Astrolabe"}],"items_purged_floors":[21,27],"is_endless":false,"potions_floor_spawned":[2,4,5,16,24],"killed_by":"Collector","ascension_level":4}