{"gold_per_floor":[15,15,15,115,135,165,165,181,229,246,51,80,80,5,5,105,105,115,165,165,165,175,175,75,75,149,149,168,168,183,201,201,201],"floor_reached":33,"playtime":2204,"items_purged":["Strike_R","Strike_R"],"score":268,"play_id":"4c3ac3ac-dfed-4c8d-9c1f-bb851fe0f151","local_time":"20180702083323","is_ascension_mode":false,"campfire_choices":[{"data":"Carnage","floor":7.0,"key":"SMITH"},{"data":"Shrug It Off","floor":15.0,"key":"SMITH"},{"floor":23,"key":"DIG"},{"data":"Rampage","floor":25,"key":"SMITH"},{"floor":27,"key":"DIG"},{"data":"Flex","floor":32,"key":"SMITH"}],"neow_cost":"","seed_source_timestamp":0,"circlet_count":0,"master_deck":["Strike_R","Strike_R","Defend_R","Defend_R","Defend_R","Bash","Shrug It Off+1","Dropkick","Carnage+1","Body Slam+1","Headbutt","Iron Wave+1","Double Tap","Sever Soul+1","Rampage+1","Pommel Strike","Sever Soul","True Grit+1","Flex+1"],"special_seed":0,"relics":["Burning Blood","Mango","Regal Pillow","Dream Catcher","Lee\u0027s Waffle","Odd Mushroom","Busted Crown","Shovel","Mummified Hand","Frozen Egg 2","Lantern"],"potions_floor_usage":[33],"damage_taken":[{"damage":1.0,"enemies":"Cultist","floor":1.0,"turns":3.0},{"damage":0.0,"enemies":"Small Slimes","floor":5.0,"turns":3.0},{"damage":38.0,"enemies":"3 Sentries","floor":6.0,"turns":11.0},{"damage":0.0,"enemies":"2 Louse","floor":8.0,"turns":2.0},{"damage":18.0,"enemies":"2 Fungi Beasts","floor":10.0,"turns":5.0},{"damage":5.0,"floor":12.0,"turns":3.0},{"damage":37.0,"enemies":"The Guardian","floor":16.0,"turns":11.0},{"damage":5,"enemies":"Shell Parasite","floor":18,"turns":6},{"damage":0,"enemies":"Chosen","floor":22,"turns":3},{"damage":16,"enemies":"Snake Plant","floor":28,"turns":2},{"damage":19,"enemies":"Slaver and Parasite","floor":30,"turns":5},{"damage":0,"enemies":"Snecko","floor":31,"turns":3},{"damage":113,"enemies":"Automaton","floor":33,"turns":10}],"seed_played":"5922952718683920836","potions_obtained":[{"floor":6.0,"key":"FairyPotion"},{"floor":12.0,"key":"Strength Potion"},{"floor":22,"key":"Ancient Potion"},{"floor":30,"key":"Fire Potion"}],"is_trial":false,"path_per_floor":["M","?","$","?","M","E","R","M","T","M","$","?","?","$","R","B",null,"M","?","?","?","M","R","$","R","T","R","M","?","M","M","R"],"character_chosen":"IRONCLAD","items_purchased":["Lee\u0027s Waffle"],"campfire_rested":0,"item_purchase_floors":[],"current_hp_per_floor":[94,94,94,94,94,62,62,68,68,56,101,101,81,81,81,50,101,101,101,101,101,101,101,101,101,101,101,91,91,78,84,84,0],"gold":201,"neow_bonus":"","is_prod":false,"is_daily":false,"chose_seed":false,"campfire_upgraded":4,"win_rate":0,"timestamp":1530538403,"path_taken":["M","?","$","?","M","E","R","M","T","?","$","?","?","?","R","BOSS","M","?","?","?","M","R","$","R","T","R","M","?","M","M","R","BOSS"],"build_version":"2018-06-28","purchased_purges":2,"victory":false,"max_hp_per_floor":[94,94,94,94,94,94,94,94,94,94,101,101,101,101,101,101,101,101,101,101,101,101,101,101,101,101,101,101,101,101,101,101,101],"card_choices":[{"not_picked":["True Grit","Warcry"],"picked":"Shrug It Off","floor":1.0},{"not_picked":["Havoc","Sword Boomerang","Blood for Blood"],"picked":"SKIP","floor":5.0},{"not_picked":["Twin Strike","Reckless Charge"],"picked":"Carnage","floor":6.0},{"not_picked":["Rupture","Armaments"],"picked":"Body Slam","floor":8.0},{"not_picked":["Sentinel","Body Slam"],"picked":"Headbutt","floor":10.0},{"not_picked":["Twin Strike","Body Slam"],"picked":"Iron Wave","floor":12.0},{"not_picked":["Limit Break","Exhume"],"picked":"Double Tap","floor":16.0},{"not_picked":[],"picked":"Sever Soul+1","floor":18},{"not_picked":[],"picked":"Pommel Strike","floor":22},{"not_picked":[],"picked":"Sever Soul","floor":28},{"not_picked":[],"picked":"True Grit+1","floor":30},{"not_picked":[],"picked":"Flex","floor":31}],"player_experience":74764,"relics_obtained":[{"floor":6.0,"key":"Regal Pillow"},{"floor":9.0,"key":"Dream Catcher"},{"floor":12.0,"key":"Odd Mushroom"},{"floor":23,"key":"Mummified Hand"},{"floor":26,"key":"Frozen Egg 2"},{"floor":27,"key":"Lantern"}],"event_choices":[{"event_name":"Living Wall","player_choice":"Change","floor":2.0,"damage_taken":0.0},{"event_name":"Golden Shrine","player_choice":"Pray","floor":4.0,"damage_taken":0.0},{"event_name":"Mushrooms","player_choice":"Fought Mushrooms","floor":12.0,"damage_taken":0.0},{"event_name":"Shining Light","player_choice":"Entered Light","floor":13.0,"damage_taken":0.0},{"event_name":"The Joust","player_choice":"Bet on Murderer","floor":19,"damage_taken":0},{"event_name":"The Mausoleum","player_choice":"Yes","floor":20,"damage_taken":0},{"event_name":"The Library","player_choice":"Read","floor":21,"damage_taken":0},{"event_name":"Back to Basics","player_choice":"Elegance","floor":29,"damage_taken":0}],"boss_relics":[{"not_picked":["Ectoplasm","Runic Cube"],"picked":"Busted Crown"}],"items_purged_floors":[],"is_endless":false,"potions_floor_spawned":[6,12,22,30],"killed_by":"Automaton","ascension_level":0}