{"gold_per_floor":[113,288,299,249,17,17,17,32,105,120,45,68,78,95,95,198,198,212,212,112,131,148,148,148,164,164,164,164],"floor_reached":28,"playtime":1439,"items_purged":["Defend_R","Defend_R"],"score":212,"play_id":"24dc1dff-79a8-43bd-85c9-6bfc8a2bfe39","local_time":"20180710092705","is_ascension_mode":false,"campfire_choices":[{"data":"Iron Wave","floor":6,"key":"SMITH"},{"data":"Searing Blow","floor":15,"key":"SMITH"},{"floor":23,"key":"REST"}],"neow_cost":"TEN_PERCENT_HP_LOSS","seed_source_timestamp":1185730801838613,"circlet_count":0,"master_deck":["Strike_R","Strike_R","Strike_R","Strike_R","Defend_R","Defend_R","Bash","Inflame","Anger","Iron Wave+1","Heavy Blade","Flex","Searing Blow+1","Fiend Fire","Ghostly Armor"],"relics":["Black Blood","Ginger","TwistedFunnel","Bottled Tornado","Odd Mushroom","Dream Catcher","Molten Egg 2"],"potions_floor_usage":[16,16,16,22,27],"damage_taken":[{"damage":6,"enemies":"2 Louse","floor":1,"turns":3},{"damage":6,"enemies":"Jaw Worm","floor":3,"turns":5},{"damage":1,"enemies":"Cultist","floor":8,"turns":3},{"damage":8,"enemies":"Lots of Slimes","floor":10,"turns":3},{"damage":13,"floor":12,"turns":3},{"damage":7,"enemies":"Exordium Wildlife","floor":13,"turns":2},{"damage":0,"enemies":"3 Louse","floor":14,"turns":2},{"damage":49,"enemies":"The Guardian","floor":16,"turns":10},{"damage":43,"enemies":"Shell Parasite","floor":18,"turns":6},{"damage":31,"enemies":"2 Thieves","floor":21,"turns":4},{"damage":0,"enemies":"Snake Plant","floor":22,"turns":2},{"damage":30,"enemies":"Chosen and Byrds","floor":25,"turns":5},{"damage":0,"enemies":"Centurion and Healer","floor":27,"turns":1},{"damage":0,"enemies":"Slavers","floor":28,"turns":1}],"seed_played":"-2683139662831841412","potions_obtained":[{"floor":1,"key":"Poison Potion"},{"floor":10,"key":"Regen Potion"},{"floor":14,"key":"Dexterity Potion"},{"floor":16,"key":"Energy Potion"},{"floor":25,"key":"SmokeBomb"}],"is_trial":false,"path_per_floor":["M","?","M","?","$","R","?","M","T","M","$","?","M","M","R","B",null,"M","?","$","M","M","R","?","M","T","M"],"character_chosen":"IRONCLAD","items_purchased":["TwistedFunnel","Iron Wave"],"campfire_rested":1,"item_purchase_floors":[5,5],"current_hp_per_floor":[72,72,72,72,72,72,72,72,72,70,70,63,62,68,68,40,72,39,39,39,18,28,49,49,29,29,19,19],"gold":164,"neow_bonus":"ONE_RARE_RELIC","is_prod":false,"is_daily":false,"chose_seed":false,"campfire_upgraded":2,"win_rate":0,"timestamp":1531232825,"path_taken":["M","?","?","?","?","R","?","M","T","?","$","?","M","?","R","BOSS","M","?","$","M","M","R","?","M","T","?","E"],"build_version":"2018-07-05","purchased_purges":2,"victory":false,"max_hp_per_floor":[72,72,72,72,72,72,72,72,72,72,72,72,72,72,72,72,72,72,72,72,72,72,72,72,72,72,72,72],"card_choices":[{"not_picked":["Feel No Pain","Twin Strike"],"picked":"Inflame","floor":1},{"not_picked":["Corruption","Bloodletting"],"picked":"Anger","floor":3},{"not_picked":["Warcry","True Grit","Sever Soul"],"picked":"SKIP","floor":8},{"not_picked":["Entrench","Body Slam"],"picked":"Heavy Blade","floor":10},{"not_picked":["Pommel Strike","Bludgeon"],"picked":"Flex","floor":12},{"not_picked":["Headbutt","Pummel"],"picked":"Searing Blow","floor":13},{"not_picked":["Clash","Havoc","True Grit"],"picked":"SKIP","floor":14},{"not_picked":["Impervious","Offering"],"picked":"Fiend Fire","floor":16},{"not_picked":["Wild Strike","Rage","Headbutt"],"picked":"SKIP","floor":18},{"not_picked":["Thunderclap","Body Slam","Rupture+1"],"picked":"SKIP","floor":21},{"not_picked":["Body Slam+1","Reckless Charge"],"picked":"Ghostly Armor","floor":22},{"not_picked":["True Grit","Uppercut","Fire Breathing"],"picked":"SKIP","floor":25}],"player_experience":127370,"relics_obtained":[{"floor":9,"key":"Bottled Tornado"},{"floor":12,"key":"Odd Mushroom"},{"floor":26,"key":"Molten Egg 2"}],"event_choices":[{"event_name":"Liars Game","player_choice":"agreed","floor":2,"damage_taken":0},{"event_name":"The Cleric","player_choice":"Card Removal","floor":4,"damage_taken":0},{"event_name":"Living Wall","player_choice":"Forget","floor":7,"damage_taken":0},{"event_name":"Mushrooms","player_choice":"Fought Mushrooms","floor":12,"damage_taken":0},{"event_name":"Match and Keep!","player_choice":"0 cards matched","floor":19,"damage_taken":0},{"event_name":"The Mausoleum","player_choice":"Yes","floor":24,"damage_taken":0}],"boss_relics":[{"not_picked":["Snecko Eye","Coffee Dripper"],"picked":"Black Blood"}],"items_purged_floors":[11,20],"is_endless":false,"potions_floor_spawned":[1,10,14,16,25,27],"killed_by":"Slavers","ascension_level":0}