{"gold_per_floor":[112,129,129,140,151,181,181,215],"floor_reached":8,"playtime":486,"items_purged":[],"score":109,"play_id":"69fd3be4-382b-494f-a75a-0287e629438e","local_time":"20190325102206","is_ascension_mode":true,"campfire_choices":[{"floor":7,"key":"REST"}],"neow_cost":"PERCENT_DAMAGE","seed_source_timestamp":425226121572388,"circlet_count":0,"master_deck":["AscendersBane","Strike_B","Strike_B","Strike_B","Defend_B","Defend_B","Defend_B","Defend_B","Zap","Dualcast","Electrodynamics","Conserve Battery","Fission","Loop","Conserve Battery","Auto Shields"],"relics":["Cracked Core","Art of War","Happy Flower"],"potions_floor_usage":[8,8],"damage_taken":[{"damage":0,"enemies":"Small Slimes","floor":1,"turns":3},{"damage":1,"enemies":"Cultist","floor":2,"turns":3},{"damage":2,"enemies":"Jaw Worm","floor":4,"turns":5},{"damage":5,"enemies":"Gremlin Gang","floor":5,"turns":3},{"damage":37,"enemies":"Lagavulin","floor":6,"turns":7},{"damage":26,"enemies":"Gremlin Nob","floor":8,"turns":4}],"seed_played":"3286587125896230320","potions_obtained":[{"floor":4,"key":"FocusPotion"},{"floor":6,"key":"Swift Potion"}],"is_trial":false,"path_per_floor":["M","M","?","M","M","E","R","E"],"character_chosen":"DEFECT","items_purchased":[],"campfire_rested":1,"item_purchase_floors":[],"current_hp_per_floor":[50,49,49,47,42,5,27,1],"gold":215,"neow_bonus":"THREE_RARE_CARDS","is_prod":false,"is_daily":false,"chose_seed":false,"campfire_upgraded":0,"win_rate":0,"timestamp":1553527326,"path_taken":["M","M","?","?","M","E","R","E"],"build_version":"2019-01-23","purchased_purges":0,"victory":false,"max_hp_per_floor":[75,75,75,75,75,75,75,75],"card_choices":[{"not_picked":["Core Surge","Fission"],"picked":"Electrodynamics","floor":0},{"not_picked":["Beam Cell","Leap"],"picked":"Conserve Battery","floor":1},{"not_picked":["Rebound","Scrape"],"picked":"Fission","floor":2},{"not_picked":["Reprogram","Streamline"],"picked":"Loop","floor":4},{"not_picked":["Beam Cell","Double Energy"],"picked":"Conserve Battery","floor":5},{"not_picked":["Go for the Eyes","Coolheaded"],"picked":"Auto Shields","floor":6}],"player_experience":1264206,"relics_obtained":[{"floor":6,"key":"Art of War"},{"floor":8,"key":"Happy Flower"}],"event_choices":[{"cards_removed":["Strike_B"],"damage_healed":0,"gold_gain":0,"player_choice":"Purged","damage_taken":0,"max_hp_gain":0,"max_hp_loss":0,"event_name":"Purifier","floor":3,"gold_loss":0}],"is_beta":false,"boss_relics":[],"items_purged_floors":[],"is_endless":false,"potions_floor_spawned":[4,6],"killed_by":"Gremlin Nob","ascension_level":12}