{"gold_per_floor":[366,378,150,169,181,181,216,216,296,296,296,312,312,190,190,293,293,305,305,180,194,206,206,239,287,362,372,297,297,311,328,328,428,428,441,458,458,475,425,450,450,478,478,478,478,488,505,516,516,516,516,516,22,53,53],"floor_reached":55,"playtime":6203,"items_purged":["Doubt","Defend_R","Perfected Strike+1","Defend_R","Evolve+1"],"score":799,"play_id":"a7a4c2dd-0968-4ebb-a905-654ef5e9cfd2","local_time":"20190326172600","is_ascension_mode":false,"campfire_choices":[{"data":"Rampage","floor":6.0,"key":"SMITH"},{"data":"Bash","floor":8.0,"key":"SMITH"},{"floor":10,"key":"REST"},{"data":"Shrug It Off","floor":15,"key":"SMITH"},{"data":"Dropkick","floor":23,"key":"SMITH"},{"floor":32,"key":"REST"},{"floor":41,"key":"REST"},{"floor":49,"key":"RECALL"},{"floor":52,"key":"REST"}],"neow_cost":"CURSE","seed_source_timestamp":876757146946561,"circlet_count":0,"master_deck":["Bash+1","Rampage+1","Shrug It Off+1","Flame Barrier+1","Dropkick+1"],"special_seed":0,"relics":["Burning Blood","Bag of Marbles","Mango","Lantern","Astrolabe","Dream Catcher","Smiling Mask","Pear","Fusion Hammer","Thread and Needle","Whetstone","Bird Faced Urn","Dodecahedron","TheAbacus","Vajra"],"potions_floor_usage":[16,30,33,33,33,33,33,38,50,54,55],"damage_taken":[{"damage":8.0,"enemies":"Small Slimes","floor":1.0,"turns":3.0},{"damage":8.0,"enemies":"Jaw Worm","floor":2.0,"turns":3.0},{"damage":1.0,"enemies":"Cultist","floor":4.0,"turns":3.0},{"damage":10.0,"enemies":"Looter","floor":5.0,"turns":2.0},{"damage":28.0,"enemies":"3 Sentries","floor":7.0,"turns":6.0},{"damage":6,"enemies":"Exordium Wildlife","floor":12,"turns":3},{"damage":41,"enemies":"The Guardian","floor":16,"turns":9},{"damage":22,"enemies":"Spheric Guardian","floor":18,"turns":5},{"damage":13,"enemies":"3 Byrds","floor":21,"turns":3},{"damage":1,"enemies":"Snecko","floor":22,"turns":3},{"damage":13,"enemies":"Gremlin Leader","floor":24,"turns":6},{"damage":3,"enemies":"Cultist and Chosen","floor":27,"turns":7},{"damage":1,"enemies":"Snake Plant","floor":30,"turns":3},{"damage":0,"enemies":"Centurion and Healer","floor":31,"turns":5},{"damage":98,"enemies":"Automaton","floor":33,"turns":9},{"damage":6,"enemies":"3 Shapes","floor":35,"turns":4},{"damage":4,"enemies":"Orb Walker","floor":36,"turns":4},{"damage":30,"enemies":"Sphere and 2 Shapes","floor":38,"turns":8},{"damage":52,"enemies":"Reptomancer","floor":40,"turns":4},{"damage":0,"enemies":"Nemesis","floor":42,"turns":3},{"damage":2,"enemies":"4 Shapes","floor":46,"turns":4},{"damage":4,"enemies":"3 Darklings","floor":47,"turns":4},{"damage":0,"enemies":"Sphere and 2 Shapes","floor":48,"turns":4},{"damage":34,"enemies":"Time Eater","floor":50,"turns":6},{"damage":0,"enemies":"Shield and Spear","floor":54,"turns":5},{"damage":111,"enemies":"The Heart","floor":55,"turns":6}],"seed_played":"2195422963416919683","potions_obtained":[{"floor":1.0,"key":"Poison Potion"},{"floor":5.0,"key":"SkillPotion"},{"floor":12,"key":"FearPotion"},{"floor":21,"key":"Swift Potion"},{"floor":22,"key":"Ancient Potion"},{"floor":30,"key":"EntropicBrew"},{"floor":33,"key":"SpeedPotion"},{"floor":35,"key":"SteroidPotion"},{"floor":40,"key":"SteroidPotion"},{"floor":42,"key":"Ancient Potion"}],"is_trial":false,"path_per_floor":["M","M","$","M","M","R","E","R","T","R","?","M","?","$","R","B",null,"M","?","$","M","M","R","E","T","T","M","?","?","M","M","R","B",null,"M","M","?","M","$","E","R","E","T","?","?","M","M","M","R","B",null,"R","$","E","B"],"character_chosen":"IRONCLAD","items_purchased":["Bag of Marbles","Shrug It Off","Dodecahedron","TheAbacus"],"campfire_rested":4,"item_purchase_floors":[3,14,53,53],"current_hp_per_floor":[78,76,76,80,76,76,68,68,68,94,82,82,82,82,82,47,94,78,78,78,71,76,76,69,69,79,82,82,61,66,72,104,21,109,109,109,109,85,85,39,71,77,77,77,77,81,83,91,91,65,109,109,109,109,0],"gold":53,"neow_bonus":"TWO_FIFTY_GOLD","is_prod":false,"is_daily":false,"chose_seed":false,"campfire_upgraded":4,"win_rate":0,"timestamp":1553617560,"path_taken":["M","M","$","M","M","R","E","R","T","R","?","M","?","$","R","BOSS","M","?","$","M","M","R","E","?","T","M","?","?","M","M","R","BOSS","M","M","?","M","$","E","R","E","T","?","?","M","M","?","R","BOSS","R","$","E","BOSS"],"build_version":"2019-01-23","purchased_purges":5,"victory":false,"max_hp_per_floor":[80,80,80,80,80,80,94,94,94,94,94,94,94,94,94,94,94,94,94,94,94,94,94,94,94,104,104,104,109,109,109,109,109,109,109,109,109,109,109,109,109,109,109,109,109,109,109,109,109,109,109,109,109,109,109],"card_choices":[{"not_picked":["Cleave","Pommel Strike"],"picked":"Rampage","floor":1.0},{"not_picked":["True Grit","Inflame","Evolve"],"picked":"SKIP","floor":2.0},{"not_picked":["Clash","Heavy Blade","Bloodletting"],"picked":"SKIP","floor":4.0},{"not_picked":["Armaments","Havoc","Warcry"],"picked":"SKIP","floor":5.0},{"not_picked":["Battle Trance","Bloodletting","Impervious"],"picked":"SKIP","floor":7.0},{"not_picked":["Cleave","Heavy Blade","Ghostly Armor"],"picked":"SKIP","floor":12},{"not_picked":["Havoc","Twin Strike","Second Wind"],"picked":"SKIP","floor":18},{"not_picked":["Headbutt","Rupture","Wild Strike"],"picked":"SKIP","floor":21},{"not_picked":["Headbutt","Rupture","Wild Strike"],"picked":"SKIP","floor":21},{"not_picked":["Hemokinesis+1","Feel No Pain","Corruption+1"],"picked":"SKIP","floor":22},{"not_picked":["Dropkick","Entrench","Whirlwind"],"picked":"SKIP","floor":24},{"not_picked":["Thunderclap+1","Blood for Blood","Entrench"],"picked":"SKIP","floor":27},{"not_picked":["Thunderclap+1","Blood for Blood","Entrench"],"picked":"SKIP","floor":27},{"not_picked":["Havoc","Rampage+1","Heavy Blade+1"],"picked":"SKIP","floor":30},{"not_picked":["Carnage","Sentinel","Fire Breathing"],"picked":"SKIP","floor":31},{"not_picked":["Anger+1","Burning Pact","Headbutt"],"picked":"SKIP","floor":35},{"not_picked":["Body Slam+1","Thunderclap+1","Headbutt+1"],"picked":"SKIP","floor":36},{"not_picked":["Fire Breathing+1","Feel No Pain","Havoc"],"picked":"SKIP","floor":38},{"not_picked":["Fire Breathing","Exhume","Dual Wield"],"picked":"SKIP","floor":40},{"not_picked":["Wild Strike","Warcry","Corruption+1"],"picked":"SKIP","floor":42},{"not_picked":["Warcry+1","True Grit","Hemokinesis"],"picked":"SKIP","floor":46},{"not_picked":["Pommel Strike","Havoc","Warcry"],"picked":"SKIP","floor":47},{"not_picked":["Havoc+1","Wild Strike+1","Anger"],"picked":"SKIP","floor":48},{"not_picked":["Havoc","Spot Weakness+1","Dual Wield+1"],"picked":"SKIP","floor":54}],"player_experience":227570,"relics_obtained":[{"floor":7.0,"key":"Mango"},{"floor":24,"key":"Dream Catcher"},{"floor":25,"key":"Smiling Mask"},{"floor":26,"key":"Pear"},{"floor":40,"key":"Thread and Needle"},{"floor":42,"key":"Whetstone"},{"floor":43,"key":"Bird Faced Urn"},{"floor":54,"key":"Vajra"}],"event_choices":[{"damage_healed":0,"gold_gain":0,"player_choice":"Success","damage_taken":12,"relics_obtained":["Lantern"],"max_hp_gain":0,"max_hp_loss":0,"event_name":"Scrap Ooze","floor":11,"gold_loss":0},{"cards_removed":["Strike_R"],"damage_healed":0,"gold_gain":0,"player_choice":"Forget","damage_taken":0,"max_hp_gain":0,"max_hp_loss":0,"event_name":"Living Wall","floor":13,"gold_loss":0},{"damage_healed":0,"gold_gain":0,"player_choice":"Read","damage_taken":0,"max_hp_gain":0,"max_hp_loss":0,"event_name":"The Library","floor":19,"gold_loss":0,"cards_obtained":["Dropkick"]},{"cards_removed":["Strike_R"],"damage_healed":0,"gold_gain":0,"player_choice":"Gave Gold","damage_taken":0,"max_hp_gain":0,"max_hp_loss":0,"event_name":"Beggar","floor":28,"gold_loss":75},{"damage_healed":0,"gold_gain":0,"player_choice":"Shed Blood","damage_taken":26,"max_hp_gain":5,"max_hp_loss":0,"event_name":"Forgotten Altar","floor":29,"gold_loss":0},{"damage_healed":0,"gold_gain":0,"player_choice":"Memory 1","damage_taken":0,"max_hp_gain":0,"max_hp_loss":0,"event_name":"SensoryStone","floor":37,"gold_loss":0},{"cards_removed":["Strike_R"],"damage_healed":0,"gold_gain":0,"player_choice":"Removed Attack","damage_taken":0,"max_hp_gain":0,"max_hp_loss":0,"event_name":"Falling","floor":44,"gold_loss":0},{"cards_removed":["Defend_R"],"damage_healed":0,"gold_gain":0,"player_choice":"Offered Basic","damage_taken":0,"max_hp_gain":0,"max_hp_loss":0,"event_name":"Bonfire Elementals","floor":45,"gold_loss":0}],"is_beta":false,"boss_relics":[{"not_picked":["Eternal Feather","Velvet Choker"],"picked":"Astrolabe"},{"not_picked":["Runic Pyramid","Orrery"],"picked":"Fusion Hammer"}],"items_purged_floors":[3,14,20,39,53],"is_endless":false,"potions_floor_spawned":[1,5,12,21,22,30,31,33,35,40,42,46,48],"killed_by":"The Heart","ascension_level":0}