{"gold_per_floor":[113,128,143,160,160,172,211,223,259,271,300,346,433,445],"floor_reached":14,"playtime":1513,"items_purged":[],"score":165,"play_id":"88d7c9b9-5c63-4070-a35a-ad23a7ec3f52","local_time":"20190508154247","is_ascension_mode":true,"campfire_choices":[{"data":"Blade Dance","floor":6,"key":"SMITH"},{"floor":8,"key":"REST"},{"data":"Blade Dance","floor":10,"key":"SMITH"}],"neow_cost":"NONE","seed_source_timestamp":72734769928298,"circlet_count":0,"master_deck":["AscendersBane","Defend_G","Defend_G","Defend_G","Defend_G","Defend_G","Strike_G","Strike_G","Strike_G","Strike_G","Strike_G","Survivor","Neutralize","Blade Dance+1","Flechettes","Deflect","Blade Dance+1","Bullet Time","Escape Plan","Dagger Spray"],"relics":["Ring of the Snake","MawBank","Bronze Scales","Potion Belt","Anchor"],"potions_floor_usage":[7],"damage_taken":[{"damage":4,"enemies":"Cultist","floor":1,"turns":5},{"damage":1,"enemies":"Small Slimes","floor":2,"turns":3},{"damage":0,"enemies":"Jaw Worm","floor":3,"turns":4},{"damage":9,"enemies":"Red Slaver","floor":4,"turns":4},{"damage":28,"enemies":"Gremlin Nob","floor":7,"turns":4},{"damage":5,"enemies":"Exordium Thugs","floor":11,"turns":4},{"damage":34,"enemies":"Lagavulin","floor":12,"turns":8},{"damage":13,"enemies":"Blue Slaver","floor":14,"turns":2}],"seed_played":"164757727180143213","potions_obtained":[{"floor":2,"key":"SpeedPotion"},{"floor":3,"key":"Swift Potion"}],"is_trial":false,"path_per_floor":["M","M","M","M","?","R","E","R","T","R","M","E","?","M"],"character_chosen":"THE_SILENT","items_purchased":[],"campfire_rested":1,"item_purchase_floors":[],"current_hp_per_floor":[66,65,65,56,56,56,28,51,51,51,46,12,1,0],"gold":445,"neow_bonus":"TEN_PERCENT_HP_BONUS","is_prod":false,"is_daily":false,"chose_seed":false,"campfire_upgraded":2,"win_rate":0,"timestamp":1557348167,"path_taken":["M","?","M","M","?","R","E","R","T","R","?","E","?","M"],"build_version":"2019-01-23","purchased_purges":0,"victory":false,"max_hp_per_floor":[77,77,77,77,77,77,77,77,77,77,77,77,77,77],"card_choices":[{"not_picked":["Bane","Quick Slash"],"picked":"Blade Dance","floor":1},{"not_picked":["Dagger Throw","Underhanded Strike"],"picked":"Flechettes","floor":2},{"not_picked":["Dodge and Roll","Blur"],"picked":"Deflect","floor":3},{"not_picked":["Slice","Masterful Stab"],"picked":"Blade Dance","floor":4},{"not_picked":["Acrobatics","Concentrate"],"picked":"Bullet Time","floor":7},{"not_picked":["Dagger Throw","Prepared"],"picked":"Escape Plan","floor":11},{"not_picked":["All Out Attack","Heel Hook"],"picked":"Dagger Spray","floor":12}],"player_experience":1372922,"relics_obtained":[{"floor":7,"key":"Bronze Scales"},{"floor":9,"key":"Potion Belt"},{"floor":12,"key":"Anchor"}],"event_choices":[{"damage_healed":0,"gold_gain":0,"player_choice":"Gave Potion","damage_taken":0,"relics_obtained":["MawBank"],"max_hp_gain":0,"max_hp_loss":0,"event_name":"WeMeetAgain","floor":5,"gold_loss":0},{"damage_healed":0,"gold_gain":75,"player_choice":"Gather Gold","damage_taken":11,"max_hp_gain":0,"max_hp_loss":0,"event_name":"World of Goop","floor":13,"gold_loss":0}],"is_beta":false,"boss_relics":[],"items_purged_floors":[],"is_endless":false,"potions_floor_spawned":[2,3,4],"killed_by":"Blue Slaver","ascension_level":13}