{"gold_per_floor":[13,113,129,129,140,140,69,69,116,41,41,41,61,81,81,210,210,231,271,80,80,94,94,94,110,110,110,126,57,57,72,72,192,192,213,238,238,45,45,45,45,45,45,45,58,77,77],"floor_reached":47,"playtime":2937,"items_purged":["Strike_B","Defend_B","Darkness"],"score":513,"play_id":"534c00bb-2cc9-46ea-a9a3-4d5f13f43bb1","local_time":"20180723141523","is_ascension_mode":false,"campfire_choices":[{"data":"Defragment","floor":6,"key":"SMITH"},{"data":"Ball Lightning","floor":8,"key":"SMITH"},{"data":"Self Repair","floor":15,"key":"SMITH"},{"floor":23,"key":"REST"},{"data":"Electrodynamics","floor":30,"key":"SMITH"},{"data":"Loop","floor":32,"key":"SMITH"},{"data":"Doom and Gloom","floor":40,"key":"SMITH"},{"data":"Conserve Battery","floor":42,"key":"SMITH"},{"data":"Scrape","floor":44,"key":"SMITH"}],"neow_cost":"NO_GOLD","seed_source_timestamp":2324721235345164,"circlet_count":0,"master_deck":["Defend_B","Defend_B","Zap","Dualcast+1","Defragment+1","Ball Lightning+1","Self Repair+1","Scrape+1","Machine Learning","Conserve Battery+1","Bite","Bite","Bite","Bite","Bite","Capacitor","Go for the Eyes","Electrodynamics+1","Loop+1","Fusion+1","Fission+1","Rebound+1","Rebound+1","Doom and Gloom+1","Madness+1","Madness+1","Doom and Gloom+1"],"relics":["Cracked Core","Bronze Scales","Golden Idol","Nuclear Battery","Red Mask","Toxic Egg 2","Black Star","Molten Egg 2"],"potions_floor_usage":[18,19,25,25,25,33,33,35,46,47,47],"damage_taken":[{"damage":1,"enemies":"Jaw Worm","floor":1,"turns":4},{"damage":1,"enemies":"Cultist","floor":3,"turns":3},{"damage":9,"enemies":"2 Louse","floor":5,"turns":2},{"damage":2,"enemies":"Exordium Thugs","floor":13,"turns":3},{"damage":13,"enemies":"Red Slaver","floor":14,"turns":2},{"damage":0,"enemies":"Slime Boss","floor":16,"turns":5},{"damage":0,"enemies":"Spheric Guardian","floor":18,"turns":3},{"damage":46,"floor":19,"turns":4},{"damage":16,"enemies":"Shell Parasite","floor":22,"turns":4},{"damage":11,"enemies":"Snecko","floor":25,"turns":4},{"damage":9,"enemies":"Cultist and Chosen","floor":28,"turns":5},{"damage":15,"enemies":"Snake Plant","floor":31,"turns":3},{"damage":98,"enemies":"Collector","floor":33,"turns":9},{"damage":4,"enemies":"3 Shapes","floor":35,"turns":4},{"damage":41,"enemies":"3 Darklings","floor":36,"turns":4},{"damage":7,"enemies":"4 Shapes","floor":45,"turns":4},{"damage":38,"enemies":"Flame Bruiser 2 Orb","floor":46,"turns":6},{"damage":31,"enemies":"Transient","floor":47,"turns":4}],"seed_played":"-6257359984608671285","potions_obtained":[{"floor":3,"key":"Block Potion"},{"floor":5,"key":"Swift Potion"},{"floor":13,"key":"EntropicBrew"},{"floor":18,"key":"FearPotion"},{"floor":31,"key":"Regen Potion"},{"floor":33,"key":"SkillPotion"},{"floor":36,"key":"SteroidPotion"},{"floor":45,"key":"Weak Potion"}],"is_trial":false,"path_per_floor":["M","?","M","?","M","R","$","R","T","$","?","?","M","M","R","B",null,"M","?","$","?","M","R","?","M","T","$","M","$","R","M","R","B",null,"M","M","?","$","?","R","?","R","T","R","M","M"],"character_chosen":"DEFECT","items_purchased":["Self Repair","Purity","Loop","Doom and Gloom"],"campfire_rested":1,"item_purchase_floors":[7,20,29,38],"current_hp_per_floor":[74,74,73,73,64,64,64,64,64,64,49,49,54,48,48,58,69,69,33,33,33,39,48,48,48,48,48,48,48,48,47,47,16,48,46,9,42,42,37,37,42,42,42,42,35,15,0],"gold":77,"neow_bonus":"REMOVE_TWO","is_prod":false,"is_daily":false,"chose_seed":false,"campfire_upgraded":8,"win_rate":0.0,"timestamp":1532373323,"path_taken":["M","?","M","?","?","R","?","R","T","?","?","?","M","M","R","BOSS","M","?","$","?","?","R","?","?","T","$","M","$","R","M","R","BOSS","M","M","?","$","?","R","?","R","T","R","M","M","M"],"build_version":"2018-07-19v2","purchased_purges":3,"victory":false,"max_hp_per_floor":[75,75,75,75,75,75,75,75,75,75,75,69,69,69,69,69,69,69,69,69,48,48,48,48,48,48,48,48,48,48,48,48,48,48,48,48,42,42,42,42,42,42,42,42,42,42,42],"card_choices":[{"not_picked":["Cold Snap","Steam"],"picked":"Defragment","floor":1},{"not_picked":["Chaos","Compile Driver"],"picked":"Ball Lightning","floor":3},{"not_picked":["Barrage","Hologram"],"picked":"Darkness","floor":5},{"not_picked":["Coolheaded","Redo"],"picked":"Scrape","floor":13},{"not_picked":["Reprogram","Redo","Skim"],"picked":"SKIP","floor":14},{"not_picked":["Thunder Strike","Seek"],"picked":"Machine Learning","floor":16},{"not_picked":["Leap","Reprogram"],"picked":"Conserve Battery","floor":18},{"not_picked":["Redo","Stack+1","Auto Shields+1"],"picked":"SKIP","floor":22},{"not_picked":["Beam Cell","Steam+1"],"picked":"Go for the Eyes","floor":25},{"not_picked":["Go for the Eyes","Barrage"],"picked":"Electrodynamics","floor":28},{"not_picked":["Cold Snap","Static Discharge"],"picked":"Fusion+1","floor":31},{"not_picked":["Seek+1","Electrodynamics"],"picked":"Fission+1","floor":33},{"not_picked":["Go for the Eyes","Doom and Gloom+1"],"picked":"Rebound+1","floor":35},{"not_picked":["Coolheaded+1","Gash"],"picked":"Rebound+1","floor":36},{"not_picked":["Capacitor","Heatsinks+1","Stack+1"],"picked":"SKIP","floor":45},{"not_picked":["Hologram+1","Sweeping Beam+1"],"picked":"Doom and Gloom+1","floor":46}],"player_experience":296053,"relics_obtained":[{"floor":9,"key":"Bronze Scales"},{"floor":19,"key":"Red Mask"},{"floor":26,"key":"Toxic Egg 2"},{"floor":43,"key":"Molten Egg 2"}],"event_choices":[{"event_name":"Golden Shrine","player_choice":"Pray","floor":2,"damage_taken":0},{"event_name":"Living Wall","player_choice":"Forget","floor":4,"damage_taken":0},{"event_name":"Shining Light","player_choice":"Entered Light","floor":11,"damage_taken":0},{"event_name":"Golden Idol","player_choice":"Lose Max HP","floor":12,"damage_taken":0},{"event_name":"Masked Bandits","player_choice":"Fought over 231 gold","floor":19,"damage_taken":0},{"event_name":"Vampires","player_choice":"Became a vampire","floor":21,"damage_taken":0},{"event_name":"The Library","player_choice":"Read","floor":24,"damage_taken":0},{"event_name":"The Moai Head","player_choice":"Heal","floor":37,"damage_taken":0},{"event_name":"Winding Halls","player_choice":"Embrace Madness","floor":39,"damage_taken":0},{"event_name":"Bonfire Elementals","player_choice":"UNCOMMON","floor":41,"damage_taken":0}],"is_beta":false,"boss_relics":[{"not_picked":["Calling Bell","Ectoplasm"],"picked":"Nuclear Battery"},{"not_picked":["Eternal Feather","Philosopher\u0027s Stone"],"picked":"Black Star"}],"items_purged_floors":[10,20,38],"is_endless":false,"potions_floor_spawned":[3,5,13,18,31,33,36,45],"killed_by":"Transient","ascension_level":0}