{"gold_per_floor":[109,184,202,213,213,213,242,242,265,276,291,319,329,361,361,438,438,449,477,477,151,171,205,205,233,233,248,278,278,289,315,315,315],"floor_reached":33,"playtime":1996,"items_purged":["Flex+1"],"score":650,"play_id":"4b163f96-f1f0-4973-87fb-3431344a2d8e","local_time":"20190703214029","is_ascension_mode":true,"campfire_choices":[{"floor":6,"key":"REST"},{"data":"Combust","floor":8,"key":"SMITH"},{"data":"Bash","floor":15,"key":"SMITH"},{"data":"Sword Boomerang","floor":24,"key":"SMITH"},{"data":"Spot Weakness","floor":29,"key":"SMITH"},{"data":"Feed","floor":32,"key":"SMITH"}],"neow_cost":"NONE","seed_source_timestamp":24829074340593,"circlet_count":0,"master_deck":["AscendersBane","Strike_R+1","Strike_R+1","Defend_R+1","Defend_R+1","Defend_R+1","Defend_R+1","Bash+1","Cleave","Feel No Pain","Combust+1","Feel No Pain","Feel No Pain","Battle Trance","Feed+1","Seeing Red+1","Evolve+1","Spot Weakness+1","Battle Trance","Rupture","Sword Boomerang+1","Shockwave+1","Rupture+1"],"relics":["Burning Blood","Bag of Marbles","Red Skull","War Paint","Anchor","Magic Flower","Astrolabe","Red Mask","Pen Nib","Frozen Egg 2","Smiling Mask","Blue Candle","Juzu Bracelet","PreservedInsect"],"potions_floor_usage":[16,16,22,25,33],"damage_taken":[{"damage":10,"enemies":"2 Louse","floor":1,"turns":3},{"damage":9,"enemies":"Jaw Worm","floor":3,"turns":6},{"damage":7,"enemies":"Cultist","floor":4,"turns":4},{"damage":16,"enemies":"3 Sentries","floor":7,"turns":13},{"damage":10,"enemies":"Red Slaver","floor":10,"turns":3},{"damage":6,"enemies":"3 Louse","floor":11,"turns":3},{"damage":8,"enemies":"Gremlin Nob","floor":12,"turns":3},{"damage":6,"enemies":"Exordium Thugs","floor":13,"turns":3},{"damage":17,"enemies":"3 Sentries","floor":14,"turns":9},{"damage":18,"enemies":"Slime Boss","floor":16,"turns":11},{"damage":9,"enemies":"3 Byrds","floor":18,"turns":4},{"damage":68,"enemies":"Masked Bandits","floor":19,"turns":6},{"damage":4,"enemies":"Chosen","floor":22,"turns":7},{"damage":13,"enemies":"Gremlin Leader","floor":23,"turns":6},{"damage":35,"enemies":"Slavers","floor":25,"turns":4},{"damage":1,"enemies":"Snecko","floor":27,"turns":2},{"damage":7,"enemies":"Book of Stabbing","floor":28,"turns":4},{"damage":12,"enemies":"Cultist and Chosen","floor":30,"turns":6},{"damage":69,"enemies":"Collector","floor":33,"turns":7}],"seed_played":"7636338336252053628","potions_obtained":[{"floor":10,"key":"FearPotion"},{"floor":12,"key":"SpeedPotion"},{"floor":16,"key":"BloodPotion"},{"floor":19,"key":"Block Potion"},{"floor":22,"key":"Swift Potion"}],"is_trial":false,"path_per_floor":["M","?","M","M","?","R","E","R","T","M","M","E","M","E","R","B",null,"M","?","?","$","M","E","R","E","T","M","E","R","M","T","R","B"],"character_chosen":"IRONCLAD","items_purchased":["Rupture","Pen Nib"],"campfire_rested":1,"item_purchase_floors":[21,21],"current_hp_per_floor":[71,60,57,56,30,54,44,44,44,40,40,38,38,27,27,18,66,71,12,12,12,49,50,50,24,24,37,39,39,41,41,41,0],"gold":315,"neow_bonus":"TEN_PERCENT_HP_BONUS","is_prod":false,"is_daily":false,"chose_seed":false,"campfire_upgraded":5,"win_rate":0,"timestamp":1562182829,"path_taken":["M","?","M","M","?","R","E","R","T","M","M","E","M","E","R","BOSS","M","?","?","$","M","E","R","E","T","M","E","R","M","?","R","BOSS"],"build_version":"2019-07-01","purchased_purges":1,"victory":false,"max_hp_per_floor":[82,82,82,82,82,82,82,82,82,82,82,82,82,82,82,82,82,85,85,85,85,85,88,88,88,88,91,91,91,94,94,94,94],"card_choices":[{"not_picked":["Warcry","Flex","Seeing Red"],"picked":"SKIP","floor":1},{"not_picked":["Headbutt","Power Through"],"picked":"Cleave","floor":3},{"not_picked":["Shrug It Off","Corruption"],"picked":"Feel No Pain","floor":4},{"not_picked":["Pummel","Havoc"],"picked":"Combust","floor":7},{"not_picked":["Perfected Strike","Entrench"],"picked":"Feel No Pain","floor":10},{"not_picked":["Armaments","Intimidate","Infernal Blade"],"picked":"SKIP","floor":11},{"not_picked":["Entrench","Headbutt","Thunderclap"],"picked":"SKIP","floor":12},{"not_picked":["Whirlwind","Anger"],"picked":"Feel No Pain","floor":13},{"not_picked":["Sever Soul","Combust"],"picked":"Battle Trance","floor":14},{"not_picked":["Exhume","Reaper"],"picked":"Feed","floor":16},{"not_picked":["Shrug It Off","Dual Wield"],"picked":"Spot Weakness","floor":18},{"not_picked":["Body Slam","Thunderclap"],"picked":"Battle Trance","floor":19},{"not_picked":["Clash","Armaments"],"picked":"Sword Boomerang","floor":22},{"not_picked":["Headbutt","Second Wind","Bloodletting"],"picked":"SKIP","floor":23},{"not_picked":["Ghostly Armor","Rampage+1","Armaments"],"picked":"SKIP","floor":25},{"not_picked":["Anger","Flame Barrier"],"picked":"Shockwave+1","floor":27},{"not_picked":["Headbutt+1","Sword Boomerang","Demon Form+1"],"picked":"SKIP","floor":28},{"not_picked":["Headbutt+1","Sword Boomerang","Demon Form+1"],"picked":"SKIP","floor":28},{"not_picked":["Anger","Sword Boomerang"],"picked":"Rupture+1","floor":30}],"player_experience":1460935,"relics_obtained":[{"floor":7,"key":"Red Skull"},{"floor":9,"key":"War Paint"},{"floor":12,"key":"Anchor"},{"floor":14,"key":"Magic Flower"},{"floor":19,"key":"Red Mask"},{"floor":23,"key":"Frozen Egg 2"},{"floor":25,"key":"Smiling Mask"},{"floor":26,"key":"Blue Candle"},{"floor":28,"key":"Juzu Bracelet"},{"floor":31,"key":"PreservedInsect"}],"event_choices":[{"damage_healed":0,"gold_gain":75,"player_choice":"Gather Gold","damage_taken":11,"max_hp_gain":0,"max_hp_loss":0,"event_name":"World of Goop","floor":2,"gold_loss":0},{"damage_healed":0,"gold_gain":0,"player_choice":"Success","damage_taken":26,"relics_obtained":["Bag of Marbles"],"max_hp_gain":0,"max_hp_loss":0,"event_name":"Scrap Ooze","floor":5,"gold_loss":0},{"damage_healed":0,"gold_gain":0,"player_choice":"Fought Bandits","damage_taken":0,"max_hp_gain":0,"max_hp_loss":0,"event_name":"Masked Bandits","floor":19,"gold_loss":0},{"damage_healed":0,"gold_gain":0,"player_choice":"Simplicity","damage_taken":0,"max_hp_gain":0,"max_hp_loss":0,"event_name":"Back to Basics","floor":20,"gold_loss":0,"cards_upgraded":["Strike_R","Strike_R","Defend_R","Defend_R"]}],"is_beta":false,"boss_relics":[{"not_picked":["Tiny House","Pandora\u0027s Box"],"picked":"Astrolabe"}],"items_purged_floors":[21],"is_endless":false,"potions_floor_spawned":[10,12,13,16,19,22],"killed_by":"Collector","ascension_level":20}