{"gold_per_floor":[216,14,32,32,52,52,87,104,104,134,150,150,170,170,170,275,275,285,302,10,27,37,37,65,65,90,116,129,29,47,57,57,162,162,177,277,290,10,25,25,50,64,110,127,127,157,168,168,168,168,168,168,6,40,40],"floor_reached":56,"playtime":5501,"items_purged":["Strike_G","Strike_G","Strike_G"],"score":1461,"play_id":"597df8d8-5032-410a-b2d9-dabca0749185","local_time":"20190612193929","is_ascension_mode":true,"campfire_choices":[{"data":"Reflex","floor":6.0,"key":"SMITH"},{"floor":15.0,"key":"REST"},{"data":"Cloak And Dagger","floor":23.0,"key":"SMITH"},{"floor":25.0,"key":"REST"},{"floor":32.0,"key":"REST"},{"data":"Malaise","floor":40.0,"key":"SMITH"},{"floor":49.0,"key":"RECALL"},{"data":"Burst","floor":52.0,"key":"SMITH"}],"neow_cost":"NONE","seed_source_timestamp":18867998585500,"circlet_count":0,"master_deck":["Strike_G","Strike_G","Defend_G","Defend_G","Defend_G","Defend_G","Defend_G","Survivor","Neutralize","Accuracy","Blade Dance","Choke+1","Reflex+1","Calculated Gamble+1","Cloak And Dagger+1","Backstab","Prepared","Well Laid Plans+1","A Thousand Cuts+1","Acrobatics","Blade Dance","Dodge and Roll+1","Quick Slash","Malaise+1","Slice+1","Dagger Throw","Accuracy+1","Adrenaline","Outmaneuver+1","Reflex+1","Backflip","Blur","Tools of the Trade+1","Accuracy+1","Underhanded Strike+1","Distraction+1","Burst+1","Blur","Flash of Steel+1","Cloak And Dagger+1"],"special_seed":0,"relics":["Ring of the Serpent","Tough Bandages","Frozen Egg 2","Kunai","Bottled Lightning","HoveringKite","Nunchaku","Torii","Centennial Puzzle","Pen Nib","Gambling Chip","Molten Egg 2","Vajra","Blood Vial"],"potions_floor_usage":[],"damage_taken":[{"damage":1.0,"enemies":"Small Slimes","floor":1.0,"turns":4.0},{"damage":6.0,"enemies":"Cultist","floor":3.0,"turns":4.0},{"damage":1.0,"enemies":"2 Louse","floor":5.0,"turns":3.0},{"damage":19.0,"enemies":"Lagavulin","floor":7.0,"turns":5.0},{"damage":4.0,"enemies":"Blue Slaver","floor":8.0,"turns":4.0},{"damage":34.0,"enemies":"3 Sentries","floor":10.0,"turns":8.0},{"damage":0.0,"enemies":"Gremlin Gang","floor":11.0,"turns":7.0},{"damage":0.0,"enemies":"3 Louse","floor":13.0,"turns":4.0},{"damage":15.0,"enemies":"Hexaghost","floor":16.0,"turns":16.0},{"damage":0.0,"enemies":"Chosen","floor":18.0,"turns":4.0},{"damage":7.0,"enemies":"Spheric Guardian","floor":19.0,"turns":5.0},{"damage":14.0,"enemies":"Snake Plant","floor":21.0,"turns":4.0},{"damage":0.0,"enemies":"3 Cultists","floor":22.0,"turns":4.0},{"damage":37.0,"enemies":"Slavers","floor":24.0,"turns":7.0},{"damage":13.0,"enemies":"Book of Stabbing","floor":27.0,"turns":7.0},{"damage":7.0,"enemies":"Shelled Parasite and Fungi","floor":28.0,"turns":5.0},{"damage":0.0,"enemies":"Chosen and Byrds","floor":30.0,"turns":6.0},{"damage":0.0,"enemies":"Snecko","floor":31.0,"turns":6.0},{"damage":26.0,"enemies":"Automaton","floor":33.0,"turns":6.0},{"damage":0.0,"enemies":"Orb Walker","floor":35.0,"turns":4.0},{"damage":0.0,"enemies":"Mind Bloom Boss Battle","floor":36.0,"turns":3.0},{"damage":10.0,"enemies":"3 Shapes","floor":37.0,"turns":3.0},{"damage":0.0,"enemies":"Jaw Worm Horde","floor":39.0,"turns":4.0},{"damage":0.0,"enemies":"Giant Head","floor":41.0,"turns":6.0},{"damage":10.0,"enemies":"Writhing Mass","floor":42.0,"turns":5.0},{"damage":8.0,"enemies":"3 Darklings","floor":44.0,"turns":4.0},{"damage":2.0,"enemies":"Nemesis","floor":46.0,"turns":7.0},{"damage":11.0,"enemies":"Spire Growth","floor":47.0,"turns":5.0},{"damage":33.0,"enemies":"Awakened One","floor":50.0,"turns":9.0},{"damage":10,"enemies":"Shield and Spear","floor":54,"turns":3},{"damage":45,"enemies":"The Heart","floor":55,"turns":13}],"seed_played":"6376654934291257575","potions_obtained":[{"floor":3.0,"key":"Ancient Potion"},{"floor":5.0,"key":"FearPotion"},{"floor":8.0,"key":"AttackPotion"},{"floor":11.0,"key":"Dexterity Potion"},{"floor":27.0,"key":"SteroidPotion"},{"floor":28.0,"key":"Ancient Potion"},{"floor":30.0,"key":"SteroidPotion"},{"floor":31.0,"key":"GhostInAJar"},{"floor":35.0,"key":"LiquidBronze"},{"floor":39.0,"key":"Dexterity Potion"},{"floor":44.0,"key":"Weak Potion"},{"floor":46.0,"key":"Strength Potion"}],"is_trial":false,"path_per_floor":["M","$","M","?","M","R","E","M","T","E","M","?","M","?","R","B",null,"M","M","$","M","M","R","E","R","T","E","M","$","M","M","R","B",null,"M","?","M","$","M","R","E","M","T","M","$","E","M","?","R","B",null,"R","$","E","B",null],"character_chosen":"THE_SILENT","items_purchased":["Blade Dance","EssenceOfSteel","Nunchaku","Blur","Tools of the Trade+1","Blur","Flash of Steel+1"],"campfire_rested":3,"item_purchase_floors":[2,2,20,38,38,53,53],"current_hp_per_floor":[69,69,63,63,62,62,43,39,39,5,5,5,5,5,26,11,70,70,63,63,49,49,49,12,33,33,20,13,13,13,13,34,8,70,70,70,60,60,60,60,60,50,50,42,42,40,29,61,61,28,61,61,61,51,8],"gold":40,"neow_bonus":"HUNDRED_GOLD","is_prod":false,"is_daily":false,"chose_seed":false,"campfire_upgraded":4,"win_rate":0,"timestamp":1560361169,"path_taken":["M","$","M","?","M","R","E","M","T","E","?","?","M","?","R","BOSS","M","?","$","M","M","R","E","R","T","E","M","$","M","M","R","BOSS","M","?","M","$","M","R","E","M","T","M","$","E","M","?","R","BOSS","R","$","E","BOSS"],"build_version":"2019-06-11","purchased_purges":3,"victory":true,"max_hp_per_floor":[70,70,70,70,70,70,70,70,70,70,70,70,70,70,70,70,70,70,70,70,70,70,70,70,70,70,70,70,70,70,70,70,70,70,70,70,70,70,70,70,70,70,70,70,70,70,70,61,61,61,61,61,61,61,61],"card_choices":[{"not_picked":["Blade Dance","Eviscerate"],"picked":"Accuracy","floor":1.0},{"not_picked":["Masterful Stab","Backflip"],"picked":"Choke","floor":3.0},{"not_picked":["Sucker Punch","Wraith Form v2"],"picked":"Reflex","floor":5.0},{"not_picked":["Dagger Spray","Dash"],"picked":"Calculated Gamble","floor":7.0},{"not_picked":["Flying Knee","Acrobatics"],"picked":"Cloak And Dagger","floor":8.0},{"not_picked":["Concentrate","Heel Hook"],"picked":"Backstab","floor":10.0},{"not_picked":["Dagger Spray","Bane"],"picked":"Prepared","floor":11.0},{"not_picked":["Reflex","Escape Plan"],"picked":"Well Laid Plans+1","floor":13.0},{"not_picked":["Wraith Form v2+1","Doppelganger"],"picked":"A Thousand Cuts+1","floor":16.0},{"not_picked":["Riddle With Holes","Dodge and Roll"],"picked":"Acrobatics","floor":18.0},{"not_picked":["Distraction","Sucker Punch+1"],"picked":"Blade Dance","floor":19.0},{"not_picked":["Finisher","Bane"],"picked":"Dodge and Roll+1","floor":21.0},{"not_picked":["Deflect","Outmaneuver"],"picked":"Quick Slash","floor":22.0},{"not_picked":["Prepared","Bane+1"],"picked":"Malaise","floor":24.0},{"not_picked":["Prepared","Setup"],"picked":"Slice+1","floor":27.0},{"not_picked":["Bane","Skewer"],"picked":"Dagger Throw","floor":28.0},{"not_picked":["Heel Hook","Slice","Dash"],"picked":"SKIP","floor":30.0},{"not_picked":["Sucker Punch","A Thousand Cuts+1"],"picked":"Accuracy+1","floor":31.0},{"not_picked":["Doppelganger","Bullet Time"],"picked":"Adrenaline","floor":33.0},{"not_picked":["Cloak And Dagger+1","Poisoned Stab"],"picked":"Outmaneuver+1","floor":35.0},{"not_picked":["Outmaneuver","Adrenaline"],"picked":"Reflex+1","floor":36.0},{"not_picked":["Dagger Throw+1","Accuracy+1"],"picked":"Backflip","floor":37.0},{"not_picked":["Dash","Dagger Spray","Prepared"],"picked":"SKIP","floor":39.0},{"not_picked":["Doppelganger","Dodge and Roll"],"picked":"Accuracy+1","floor":41.0},{"not_picked":["Backflip","Endless Agony+1"],"picked":"Underhanded Strike+1","floor":42.0},{"not_picked":["Backflip","Backstab+1"],"picked":"Distraction+1","floor":44.0},{"not_picked":["Leg Sweep+1","Accuracy+1","Underhanded Strike+1"],"picked":"SKIP","floor":46.0},{"not_picked":["Flying Knee+1","PiercingWail"],"picked":"Burst","floor":47.0},{"not_picked":["Deflect+1","Flying Knee+1"],"picked":"Cloak And Dagger+1","floor":54}],"player_experience":372759,"relics_obtained":[{"floor":7.0,"key":"Frozen Egg 2"},{"floor":9.0,"key":"Kunai"},{"floor":10.0,"key":"Bottled Lightning"},{"floor":24.0,"key":"Torii"},{"floor":26.0,"key":"Centennial Puzzle"},{"floor":27.0,"key":"Pen Nib"},{"floor":36.0,"key":"Gambling Chip"},{"floor":41.0,"key":"Molten Egg 2"},{"floor":46.0,"key":"Vajra"},{"floor":54,"key":"Blood Vial"}],"event_choices":[{"damage_healed":0.0,"max_hp_gain":0.0,"max_hp_loss":0.0,"gold_gain":0.0,"event_name":"WeMeetAgain","player_choice":"Gave Potion","floor":4.0,"gold_loss":0.0,"damage_taken":0.0,"relics_obtained":["Tough Bandages"]},{"damage_healed":0.0,"max_hp_gain":0.0,"max_hp_loss":0.0,"gold_gain":0.0,"event_name":"Living Wall","player_choice":"Grow","floor":12.0,"gold_loss":0.0,"damage_taken":0.0,"cards_upgraded":["Calculated Gamble"]},{"damage_healed":0.0,"max_hp_gain":0.0,"max_hp_loss":0.0,"gold_gain":0.0,"event_name":"Accursed Blacksmith","player_choice":"Forge","floor":14.0,"gold_loss":0.0,"damage_taken":0.0,"cards_upgraded":["Choke"]},{"damage_healed":0.0,"max_hp_gain":0.0,"max_hp_loss":0.0,"gold_gain":0.0,"event_name":"MindBloom","player_choice":"Fight","floor":36.0,"gold_loss":0.0,"damage_taken":0.0},{"damage_healed":61.0,"max_hp_gain":0.0,"max_hp_loss":9.0,"gold_gain":0.0,"event_name":"The Moai Head","player_choice":"Heal","floor":48.0,"gold_loss":0.0,"damage_taken":0.0}],"is_beta":true,"boss_relics":[{"not_picked":["Philosopher\u0027s Stone","Coffee Dripper"],"picked":"HoveringKite"},{"not_picked":["Tiny House","Cursed Key"],"picked":"Ring of the Serpent"}],"items_purged_floors":[2,29,38],"is_endless":false,"potions_floor_spawned":[3,5,8,11,27,28,30,31,35,39,44,46],"ascension_level":4}