{"gold_per_floor":[112,125,125,145,145,178,197,197,222,297,297,297,308,46,46,146,146,166,186,197,45,57,57,91,91,167,167,196,111,129,129,129,228,228,243,243,23,23,43,43,70,70,70,82,105,117,142,166,178,190],"floor_reached":51,"playtime":8574,"items_purged":["Writhe"],"score":1056,"play_id":"28a75d4f-7d5c-4a29-96a0-d4a1fdb9cae7","local_time":"20190425110210","is_ascension_mode":true,"campfire_choices":[{"data":"Accuracy","floor":8,"key":"SMITH"},{"floor":11,"key":"REST"},{"floor":15,"key":"REST"},{"floor":23,"key":"REST"},{"data":"Blade Dance","floor":25,"key":"SMITH"},{"data":"Doppelganger","floor":32,"key":"SMITH"},{"data":"Burst","floor":40,"key":"SMITH"},{"floor":42,"key":"REST"},{"data":"Choke","floor":44,"key":"SMITH"},{"data":"Neutralize","floor":49,"key":"SMITH"}],"neow_cost":"NONE","seed_source_timestamp":1171485041171915,"circlet_count":0,"master_deck":["AscendersBane","Defend_G+1","Defend_G","Defend_G","Defend_G","Defend_G+1","Strike_G","Strike_G","Survivor","Neutralize+1","Infinite Blades","Flying Knee","Cloak And Dagger+1","Accuracy+1","Flying Knee","Sucker Punch","Doppelganger+1","Concentrate+1","Choke+1","Concentrate","Sucker Punch","Blade Dance+1","Finisher","Expertise+1","Burst+1","Flying Knee","Deflect+1","Blur+1","Deflect","Flying Knee+1"],"relics":["Ring of the Serpent","Boot","Regal Pillow","Ancient Tea Set","War Paint","Ninja Scroll","Empty Cage","Bronze Scales","Pear","Kunai","Bag of Preparation","Matryoshka","Happy Flower","Gremlin Horn","MawBank","Incense Burner"],"potions_floor_usage":[6,33,50],"damage_taken":[{"damage":0,"enemies":"Small Slimes","floor":1,"turns":3},{"damage":0,"enemies":"Cultist","floor":2,"turns":4},{"damage":0,"enemies":"2 Louse","floor":4,"turns":3},{"damage":20,"enemies":"Lagavulin","floor":6,"turns":7},{"damage":13,"enemies":"Large Slime","floor":7,"turns":6},{"damage":1,"enemies":"2 Fungi Beasts","floor":13,"turns":3},{"damage":40,"enemies":"Hexaghost","floor":16,"turns":11},{"damage":11,"enemies":"Shell Parasite","floor":18,"turns":4},{"damage":10,"enemies":"Spheric Guardian","floor":19,"turns":4},{"damage":13,"enemies":"Snake Plant","floor":20,"turns":3},{"damage":5,"enemies":"Snecko","floor":22,"turns":3},{"damage":16,"enemies":"Slavers","floor":24,"turns":5},{"damage":13,"enemies":"Book of Stabbing","floor":28,"turns":5},{"damage":6,"enemies":"Sentry and Sphere","floor":30,"turns":5},{"damage":44,"enemies":"Automaton","floor":33,"turns":13},{"damage":24,"enemies":"3 Shapes","floor":35,"turns":6},{"damage":4,"enemies":"Orb Walker","floor":39,"turns":3},{"damage":42,"enemies":"Giant Head","floor":41,"turns":10},{"damage":35,"enemies":"Transient","floor":45,"turns":5},{"damage":0,"enemies":"Jaw Worm Horde","floor":47,"turns":5},{"damage":1,"enemies":"Writhing Mass","floor":48,"turns":5},{"damage":19,"enemies":"Awakened One","floor":50,"turns":23}],"seed_played":"-5978598800031554197","potions_obtained":[{"floor":1,"key":"Poison Potion"},{"floor":2,"key":"Energy Potion"},{"floor":13,"key":"GhostInAJar"},{"floor":28,"key":"SpeedPotion"},{"floor":33,"key":"SteroidPotion"}],"is_trial":false,"path_per_floor":["M","M","?","M","?","E","M","R","T","?","R","?","M","$","R","B",null,"M","M","M","$","M","R","E","R","T","?","E","?","M","?","R","B",null,"M","?","$","?","M","R","E","R","T","R","M","?","M","M","R","B",null],"character_chosen":"THE_SILENT","items_purchased":["Ninja Scroll","Bronze Scales","Happy Flower"],"campfire_rested":4,"item_purchase_floors":[14,21,37],"current_hp_per_floor":[63,63,63,63,63,43,30,30,30,19,55,48,47,47,70,30,60,49,39,26,26,21,57,51,51,51,77,64,64,58,58,58,14,64,40,60,60,60,56,56,14,53,53,53,18,70,70,69,69,50],"gold":202,"neow_bonus":"RANDOM_COMMON_RELIC","is_prod":false,"is_daily":false,"chose_seed":false,"campfire_upgraded":6,"win_rate":0,"timestamp":1556208130,"path_taken":["M","M","?","?","?","E","M","R","T","?","R","?","M","$","R","BOSS","M","M","M","$","M","R","E","R","T","?","E","?","M","?","R","BOSS","M","?","$","?","M","R","E","R","T","R","M","?","M","M","R","BOSS"],"build_version":"2019-01-23","purchased_purges":1,"victory":true,"max_hp_per_floor":[70,70,70,70,70,70,70,70,70,70,70,70,70,70,70,70,70,70,70,70,70,70,70,80,80,80,80,80,80,80,80,80,80,80,80,80,80,80,80,80,80,80,80,80,80,70,70,70,70,70],"card_choices":[{"not_picked":["Dodge and Roll","Predator"],"picked":"Infinite Blades","floor":1},{"not_picked":["Acrobatics","Prepared"],"picked":"Flying Knee","floor":2},{"not_picked":["Prepared","Outmaneuver"],"picked":"Cloak And Dagger","floor":4},{"not_picked":["Quick Slash","Die Die Die"],"picked":"Accuracy","floor":6},{"not_picked":["Acrobatics","Sucker Punch"],"picked":"Flying Knee","floor":7},{"not_picked":["Riddle With Holes","Quick Slash"],"picked":"Sucker Punch","floor":13},{"not_picked":["Venomology","Malaise"],"picked":"Doppelganger","floor":16},{"not_picked":["Dagger Throw","Bane"],"picked":"Concentrate+1","floor":18},{"not_picked":["Dagger Spray+1","Outmaneuver+1"],"picked":"Choke","floor":19},{"not_picked":["All Out Attack","Bouncing Flask"],"picked":"Concentrate","floor":20},{"not_picked":["Underhanded Strike","Reflex"],"picked":"Sucker Punch","floor":22},{"not_picked":["Finisher","Heel Hook"],"picked":"Blade Dance","floor":24},{"not_picked":["Cloak And Dagger","Riddle With Holes+1"],"picked":"Finisher","floor":28},{"not_picked":["Bouncing Flask+1","PiercingWail"],"picked":"Expertise+1","floor":30},{"not_picked":["Tools of the Trade","Glass Knife"],"picked":"Burst","floor":33},{"not_picked":["Dagger Spray","Noxious Fumes+1"],"picked":"Well Laid Plans","floor":35},{"not_picked":["Underhanded Strike+1","Footwork+1"],"picked":"Flying Knee","floor":39},{"not_picked":["Quick Slash","Flying Knee"],"picked":"Deflect+1","floor":41},{"not_picked":["Crippling Poison+1","Escape Plan+1"],"picked":"Blur+1","floor":45},{"not_picked":["Prepared","Dodge and Roll"],"picked":"Deflect","floor":47},{"not_picked":["Concentrate+1","Bouncing Flask"],"picked":"Flying Knee+1","floor":48}],"player_experience":1345930,"relics_obtained":[{"floor":6,"key":"Ancient Tea Set"},{"floor":9,"key":"War Paint"},{"floor":24,"key":"Pear"},{"floor":26,"key":"Kunai"},{"floor":28,"key":"Bag of Preparation"},{"floor":41,"key":"Gremlin Horn"},{"floor":43,"key":"MawBank"},{"floor":43,"key":"Incense Burner"}],"event_choices":[{"damage_healed":0,"gold_gain":0,"player_choice":"Gave Potion","damage_taken":0,"relics_obtained":["Regal Pillow"],"max_hp_gain":0,"max_hp_loss":0,"event_name":"WeMeetAgain","floor":3,"gold_loss":0},{"damage_healed":0,"gold_gain":0,"player_choice":"Grow","damage_taken":0,"max_hp_gain":0,"max_hp_loss":0,"event_name":"Living Wall","floor":5,"gold_loss":0,"cards_upgraded":["Cloak And Dagger"]},{"damage_healed":0,"gold_gain":75,"player_choice":"Gather Gold","damage_taken":11,"max_hp_gain":0,"max_hp_loss":0,"event_name":"World of Goop","floor":10,"gold_loss":0},{"cards_removed":["Strike_G"],"damage_healed":0,"gold_gain":0,"player_choice":"Card Removal","damage_taken":7,"max_hp_gain":0,"max_hp_loss":0,"event_name":"Golden Wing","floor":12,"gold_loss":0},{"damage_healed":26,"gold_gain":0,"player_choice":"Heal","damage_taken":0,"max_hp_gain":0,"max_hp_loss":0,"event_name":"The Library","floor":27,"gold_loss":0},{"damage_healed":0,"gold_gain":0,"player_choice":"Obtained Relic","damage_taken":0,"relics_obtained":["Matryoshka"],"max_hp_gain":0,"max_hp_loss":0,"event_name":"Addict","floor":29,"gold_loss":85},{"damage_healed":0,"gold_gain":0,"player_choice":"Ignored","damage_taken":0,"max_hp_gain":0,"max_hp_loss":0,"event_name":"Vampires","floor":31,"gold_loss":0},{"damage_healed":20,"gold_gain":0,"player_choice":"Writhe","damage_taken":0,"max_hp_gain":0,"max_hp_loss":0,"event_name":"Winding Halls","floor":36,"gold_loss":0,"cards_obtained":["Writhe"]},{"cards_removed":["Well Laid Plans"],"damage_healed":0,"gold_gain":0,"player_choice":"Removed Power","damage_taken":0,"max_hp_gain":0,"max_hp_loss":0,"event_name":"Falling","floor":38,"gold_loss":0},{"damage_healed":70,"gold_gain":0,"player_choice":"Heal","damage_taken":0,"max_hp_gain":0,"max_hp_loss":10,"event_name":"The Moai Head","floor":46,"gold_loss":0}],"is_beta":false,"boss_relics":[{"not_picked":["HoveringKite","Snecko Eye"],"picked":"Empty Cage"},{"not_picked":["Busted Crown","Astrolabe"],"picked":"Ring of the Serpent"}],"items_purged_floors":[37],"is_endless":false,"potions_floor_spawned":[1,2,13,28,30,33,39,45],"ascension_level":11}