{"gold_per_floor":[109,109,128,303,41,41,71,71,71,71,87,87,103,136,136,232,232,244,263,14,26,46,46,46,46,46,62,62,62,62,93,105,117],"floor_reached":33,"playtime":1696,"items_purged":["Doubt","Strike_G"],"score":383,"play_id":"4b9c1cdf-0a89-4c32-b399-813b153943cf","local_time":"20181025091435","is_ascension_mode":true,"campfire_choices":[{"data":"Glass Knife","floor":6.0,"key":"SMITH"},{"floor":10.0,"key":"REST"},{"data":"Noxious Fumes","floor":12.0,"key":"SMITH"},{"floor":15.0,"key":"REST"},{"floor":23.0,"key":"REST"},{"data":"Riddle With Holes","floor":28.0,"key":"SMITH"},{"floor":32.0,"key":"REST"}],"neow_cost":"NONE","seed_source_timestamp":0,"circlet_count":0,"master_deck":["Defend_G","Defend_G","Defend_G","Defend_G","Defend_G","Strike_G","Strike_G","Strike_G","Survivor","Neutralize","AscendersBane","Deadly Poison","Catalyst","Noxious Fumes+1","Glass Knife+1","Flying Knee","Cloak And Dagger","Dagger Spray","Backflip","Envenom","Poisoned Stab","Blur","Riddle With Holes+1"],"special_seed":0,"relics":["Ring of the Snake","Orichalcum","Bronze Scales","Anchor","Ninja Scroll","Darkstone Periapt","Busted Crown","Omamori","Kunai","Blood Vial","MawBank"],"potions_floor_usage":[33,33],"damage_taken":[{"damage":0.0,"enemies":"2 Louse","floor":1.0,"turns":4.0},{"damage":0.0,"enemies":"Jaw Worm","floor":3.0,"turns":3.0},{"damage":25.0,"enemies":"Gremlin Nob","floor":7.0,"turns":4.0},{"damage":0.0,"enemies":"Cultist","floor":11.0,"turns":2.0},{"damage":0.0,"enemies":"Looter","floor":13.0,"turns":1.0},{"damage":6.0,"enemies":"3 Sentries","floor":14.0,"turns":5.0},{"damage":19.0,"enemies":"The Guardian","floor":16.0,"turns":9.0},{"damage":10.0,"enemies":"Spheric Guardian","floor":18.0,"turns":3.0},{"damage":7.0,"enemies":"Shell Parasite","floor":19.0,"turns":3.0},{"damage":17.0,"enemies":"Snake Plant","floor":21.0,"turns":3.0},{"damage":1.0,"enemies":"Snecko","floor":22.0,"turns":4.0},{"damage":0.0,"enemies":"Cultist and Chosen","floor":27.0,"turns":5.0},{"damage":19.0,"enemies":"Snake Plant","floor":31.0,"turns":3.0},{"damage":81,"enemies":"Collector","floor":33,"turns":6}],"seed_played":"1107356418500199585","potions_obtained":[{"floor":1.0,"key":"SneckoOil"},{"floor":13.0,"key":"SmokeBomb"},{"floor":14.0,"key":"Block Potion"},{"floor":16.0,"key":"Energy Potion"},{"floor":18.0,"key":"Explosive Potion"},{"floor":27.0,"key":"Block Potion"}],"is_trial":false,"path_per_floor":["M","?","M","?","$","R","E","?","T","R","M","R","M","E","R","B",null,"M","M","$","M","M","R","?","?","T","M","R","$","?","M","R"],"character_chosen":"THE_SILENT","items_purchased":["Noxious Fumes","Glass Knife","Omamori"],"campfire_rested":4,"item_purchase_floors":[5,5,20],"current_hp_per_floor":[63,56,56,56,56,56,31,19,19,40,40,40,40,34,55,36,62,52,45,45,28,27,48,70,70,70,70,70,70,70,51,70,0],"gold":117,"neow_bonus":"RANDOM_COMMON_RELIC","is_prod":false,"is_daily":false,"chose_seed":false,"campfire_upgraded":3,"win_rate":0,"timestamp":1540476875,"path_taken":["M","?","M","?","$","R","E","?","T","R","M","R","M","E","R","BOSS","M","M","$","M","M","R","?","?","T","M","R","?","?","M","R","BOSS"],"build_version":"2018-10-18","purchased_purges":2,"victory":false,"max_hp_per_floor":[70,70,70,70,70,70,70,70,70,70,70,70,70,70,70,70,70,70,70,70,70,70,70,70,70,70,70,70,70,70,70,70,70],"card_choices":[{"not_picked":["All Out Attack","PiercingWail"],"picked":"Deadly Poison","floor":1.0},{"not_picked":["Quick Slash","Underhanded Strike"],"picked":"Catalyst","floor":3.0},{"not_picked":["Setup","Dagger Throw"],"picked":"Flying Knee","floor":7.0},{"not_picked":["Masterful Stab","Blur"],"picked":"Cloak And Dagger","floor":11.0},{"not_picked":["Prepared","Flying Knee"],"picked":"Dagger Spray","floor":13.0},{"not_picked":["Terror","Eviscerate"],"picked":"Backflip","floor":14.0},{"not_picked":["Doppelganger","Bullet Time"],"picked":"Envenom","floor":16.0},{"not_picked":[],"picked":"Poisoned Stab","floor":18.0},{"not_picked":["Deflect"],"picked":"SKIP","floor":19.0},{"not_picked":["PiercingWail"],"picked":"SKIP","floor":21.0},{"not_picked":[],"picked":"Blur","floor":22.0},{"not_picked":[],"picked":"Riddle With Holes","floor":27.0},{"not_picked":["Acrobatics+1"],"picked":"SKIP","floor":31.0}],"player_experience":853565,"relics_obtained":[{"floor":7.0,"key":"Bronze Scales"},{"floor":9.0,"key":"Ninja Scroll"},{"floor":14.0,"key":"Darkstone Periapt"},{"floor":26.0,"key":"Blood Vial"}],"event_choices":[{"cards_removed":["Strike_G"],"damage_healed":0.0,"max_hp_gain":0.0,"max_hp_loss":0.0,"gold_gain":0.0,"event_name":"Golden Wing","player_choice":"Card Removal","floor":2.0,"gold_loss":0.0,"damage_taken":7.0},{"damage_healed":0.0,"max_hp_gain":0.0,"max_hp_loss":0.0,"gold_gain":175.0,"event_name":"Liars Game","player_choice":"AGREE","floor":4.0,"gold_loss":0.0,"damage_taken":0.0,"cards_obtained":["Doubt"]},{"damage_healed":0.0,"max_hp_gain":0.0,"max_hp_loss":0.0,"gold_gain":0.0,"event_name":"Scrap Ooze","player_choice":"Success","floor":8.0,"gold_loss":0.0,"damage_taken":12.0,"relics_obtained":["Anchor"]},{"damage_healed":23.0,"max_hp_gain":0.0,"max_hp_loss":0.0,"gold_gain":0.0,"event_name":"The Library","player_choice":"Heal","floor":24.0,"gold_loss":0.0,"damage_taken":0.0},{"damage_healed":0.0,"max_hp_gain":0.0,"max_hp_loss":0.0,"gold_gain":0.0,"event_name":"Addict","player_choice":"Stole Relic","floor":25.0,"gold_loss":0.0,"damage_taken":0.0,"relics_obtained":["Kunai"],"cards_obtained":["Shame"]},{"damage_healed":0.0,"max_hp_gain":0.0,"max_hp_loss":0.0,"gold_gain":0.0,"event_name":"The Mausoleum","player_choice":"Opened","floor":30.0,"gold_loss":0.0,"damage_taken":0.0,"relics_obtained":["MawBank"],"cards_obtained":["Writhe"]}],"is_beta":false,"boss_relics":[{"not_picked":["Velvet Choker","Eternal Feather"],"picked":"Busted Crown"}],"items_purged_floors":[5,20],"is_endless":false,"potions_floor_spawned":[1,13,14,16,18,27],"killed_by":"Collector","ascension_level":10}