{"gold_per_floor":[118,130,80,80,97,127,127,150,150,163,163,163,177,27,27,129,129,148,148,53,0,10,10,42,42,96,114,132,146,146,146,146,146],"floor_reached":33,"playtime":2518,"items_purged":["Strike_R"],"score":331,"play_id":"442e6fd1-41e0-409f-bcf7-bf5fd090512f","local_time":"20181122175851","is_ascension_mode":true,"campfire_choices":[{"data":"Metallicize","floor":7,"key":"SMITH"},{"floor":11,"key":"REST"},{"floor":15,"key":"REST"},{"floor":23,"key":"REST"},{"floor":25,"key":"REST"},{"floor":30,"key":"REST"},{"floor":32,"key":"REST"}],"neow_cost":"NONE","seed_source_timestamp":373841242502974,"circlet_count":0,"master_deck":["Strike_R","Strike_R","Defend_R","Defend_R","Bash","Metallicize+1","Shrug It Off","Battle Trance","Flex","Juggernaut","Shrug It Off","Inflame","Cleave","Inflame","Impervious","Iron Wave+1","Good Instincts","Body Slam","Intimidate+1","Power Through","Thunderclap"],"relics":["Black Blood","Question Card","Odd Mushroom","Darkstone Periapt","Meat on the Bone","Lantern"],"potions_floor_usage":[6,16,24,31,33],"damage_taken":[{"damage":4,"enemies":"2 Louse","floor":1,"turns":3},{"damage":4,"enemies":"Jaw Worm","floor":2,"turns":4},{"damage":1,"enemies":"Small Slimes","floor":5,"turns":5},{"damage":18,"enemies":"3 Sentries","floor":6,"turns":9},{"damage":29,"enemies":"The Mushroom Lair","floor":8,"turns":5},{"damage":6,"enemies":"Looter","floor":10,"turns":3},{"damage":7,"enemies":"Exordium Wildlife","floor":13,"turns":4},{"damage":53,"enemies":"Hexaghost","floor":16,"turns":10},{"damage":9,"enemies":"Spheric Guardian","floor":18,"turns":7},{"damage":10,"enemies":"2 Thieves","floor":22,"turns":5},{"damage":51,"enemies":"Slavers","floor":24,"turns":8},{"damage":20,"enemies":"Centurion and Healer","floor":27,"turns":6},{"damage":12,"enemies":"Snecko","floor":28,"turns":6},{"damage":17,"enemies":"Shelled Parasite and Fungi","floor":29,"turns":7},{"damage":18,"enemies":"Colosseum Slavers","floor":31,"turns":4},{"damage":105,"enemies":"Champ","floor":33,"turns":13}],"seed_played":"2937894934249410671","potions_obtained":[{"floor":5,"key":"PowerPotion"},{"floor":10,"key":"Strength Potion"},{"floor":13,"key":"Ancient Potion"},{"floor":22,"key":"BloodPotion"},{"floor":29,"key":"PowerPotion"}],"is_trial":false,"path_per_floor":["M","M","?","?","M","E","R","?","T","M","R","?","M","$","R","B",null,"M","?","$","?","M","R","E","R","T","M","M","M","R","?","R","B"],"character_chosen":"IRONCLAD","items_purchased":["Inflame","Good Instincts"],"campfire_rested":6,"item_purchase_floors":[14,20],"current_hp_per_floor":[80,80,80,80,80,68,68,45,45,45,69,62,61,61,80,33,68,69,69,69,69,69,80,47,71,71,61,59,52,76,68,80,0],"gold":146,"neow_bonus":"TRANSFORM_CARD","is_prod":false,"is_daily":false,"chose_seed":false,"campfire_upgraded":1,"win_rate":0,"timestamp":1542938331,"path_taken":["M","M","?","?","M","E","R","?","T","M","R","?","M","?","R","BOSS","M","?","?","?","M","R","E","R","T","M","?","M","R","?","R","BOSS"],"build_version":"2018-11-15","purchased_purges":1,"victory":false,"max_hp_per_floor":[80,80,80,80,80,80,80,80,80,80,80,80,80,80,80,80,80,80,80,80,80,80,80,80,80,80,80,80,80,80,80,80,80],"card_choices":[{"not_picked":["Pommel Strike","Corruption"],"picked":"Shrug It Off","floor":1},{"not_picked":["Rage","Armaments"],"picked":"Battle Trance","floor":2},{"not_picked":["Sever Soul","Shrug It Off"],"picked":"Flex","floor":5},{"not_picked":["Headbutt","Havoc"],"picked":"Juggernaut","floor":6},{"not_picked":["Sword Boomerang","Warcry","Heavy Blade"],"picked":"Shrug It Off","floor":8},{"not_picked":["Corruption","Thunderclap","Shrug It Off"],"picked":"Inflame","floor":10},{"not_picked":["Feel No Pain","Wild Strike","Evolve"],"picked":"Cleave","floor":13},{"not_picked":["Bludgeon","Demon Form","Double Tap"],"picked":"Impervious","floor":16},{"not_picked":["Anger+1","Headbutt","Warcry"],"picked":"Iron Wave+1","floor":18},{"not_picked":["Dual Wield","Heavy Blade","Perfected Strike+1"],"picked":"Body Slam","floor":22},{"not_picked":["Double Tap","Cleave","Reckless Charge+1","Shrug It Off"],"picked":"SKIP","floor":24},{"not_picked":["Wild Strike","Rupture","Perfected Strike+1"],"picked":"Intimidate+1","floor":27},{"not_picked":["Reckless Charge","Second Wind","Disarm"],"picked":"Power Through","floor":28},{"not_picked":["Bludgeon","Searing Blow","Clothesline"],"picked":"Thunderclap","floor":29}],"player_experience":512050,"relics_obtained":[{"floor":6,"key":"Question Card"},{"floor":8,"key":"Odd Mushroom"},{"floor":9,"key":"Darkstone Periapt"},{"floor":24,"key":"Meat on the Bone"},{"floor":26,"key":"Lantern"}],"event_choices":[{"cards_removed":["Defend_R"],"damage_healed":0,"gold_gain":0,"player_choice":"Card Removal","damage_taken":0,"max_hp_gain":0,"max_hp_loss":0,"event_name":"The Cleric","floor":3,"gold_loss":50},{"cards_removed":["Strike_R"],"damage_healed":0,"gold_gain":0,"player_choice":"Forget","damage_taken":0,"max_hp_gain":0,"max_hp_loss":0,"event_name":"Living Wall","floor":4,"gold_loss":0},{"damage_healed":0,"gold_gain":0,"player_choice":"Fought Mushrooms","damage_taken":0,"max_hp_gain":0,"max_hp_loss":0,"event_name":"Mushrooms","floor":8,"gold_loss":0},{"cards_removed":["Defend_R"],"damage_healed":0,"gold_gain":0,"player_choice":"Card Removal","damage_taken":7,"max_hp_gain":0,"max_hp_loss":0,"event_name":"Golden Wing","floor":12,"gold_loss":0},{"damage_healed":0,"gold_gain":0,"player_choice":"Ignored","damage_taken":0,"max_hp_gain":0,"max_hp_loss":0,"event_name":"Vampires","floor":19,"gold_loss":0},{"damage_healed":0,"gold_gain":0,"player_choice":"Paid Fearfully","damage_taken":0,"max_hp_gain":0,"max_hp_loss":0,"event_name":"Masked Bandits","floor":21,"gold_loss":53},{"damage_healed":0,"gold_gain":0,"player_choice":"Fight","damage_taken":0,"max_hp_gain":0,"max_hp_loss":0,"event_name":"Colosseum","floor":31,"gold_loss":0},{"damage_healed":0,"gold_gain":0,"player_choice":"Fled From Nobs","damage_taken":0,"max_hp_gain":0,"max_hp_loss":0,"event_name":"Colosseum","floor":31,"gold_loss":0}],"is_beta":false,"boss_relics":[{"not_picked":["Tiny House","Busted Crown"],"picked":"Black Blood"}],"items_purged_floors":[14],"is_endless":false,"potions_floor_spawned":[5,10,13,22,29],"killed_by":"Champ","ascension_level":5}