{"gold_per_floor":[118,43,43,53,73,73,99,115,190,206,206,230,258,94,94,195,195,215,230,26,126,126,137,137,97,145,145,157,157,170,196,196,301,301,311,41,41,41,0,0,35,62,111,61,161,173,173,187,187,187],"floor_reached":50,"playtime":4983,"items_purged":["Strike_B","Strike_B"],"score":694,"play_id":"745d284c-cce8-469a-93b8-bcabd938cc9d","local_time":"20181105215200","is_ascension_mode":true,"campfire_choices":[{"data":"Zap","floor":6.0,"key":"SMITH"},{"floor":11.0,"key":"REST"},{"floor":15.0,"key":"REST"},{"floor":24.0,"key":"REST"},{"data":"Doom and Gloom","floor":27.0,"key":"SMITH"},{"floor":29.0,"key":"REST"},{"data":"Darkness","floor":32.0,"key":"SMITH"},{"data":"Rebound","floor":40.0,"key":"SMITH"},{"data":"Turbo","floor":47.0,"key":"SMITH"},{"data":"Steam Power","floor":49.0,"key":"SMITH"}],"neow_cost":"NONE","seed_source_timestamp":0,"circlet_count":0,"master_deck":["Strike_B+1","Defend_B","Defend_B","Defend_B","Defend_B","Zap+1","Dualcast","Gash+1","Reinforced Body","Steam Power+1","Hologram","Ball Lightning","Darkness+1","Glacier+1","Doom and Gloom+1","Electrodynamics","Compile Driver","Steam","Go for the Eyes","Cold Snap+1","Gash+1","Rebound","Darkness+1","Machine Learning","Hologram+1","Self Repair","Rebound+1","Gash+1","FTL","Gash","Rebound","Skim+1","Conserve Battery","Turbo+1","Parasite","Steam+1","Darkness+1"],"special_seed":0,"relics":["Cracked Core","Happy Flower","Bottled Lightning","Tiny Chest","Odd Mushroom","Smiling Mask","Eternal Feather","PreservedInsect","Thread and Needle","Question Card","Whetstone","Lantern","Juzu Bracelet","Orrery","Vajra","Red Mask","StoneCalendar","Boot","Blood Vial","Prayer Wheel"],"potions_floor_usage":[],"damage_taken":[{"damage":2.0,"enemies":"2 Louse","floor":1.0,"turns":3.0},{"damage":0.0,"enemies":"Small Slimes","floor":4.0,"turns":2.0},{"damage":0.0,"enemies":"Jaw Worm","floor":5.0,"turns":2.0},{"damage":15.0,"enemies":"3 Sentries","floor":7.0,"turns":10.0},{"damage":6.0,"enemies":"2 Fungi Beasts","floor":8.0,"turns":4.0},{"damage":8.0,"enemies":"Exordium Thugs","floor":10.0,"turns":3.0},{"damage":14.0,"enemies":"The Mushroom Lair","floor":12.0,"turns":4.0},{"damage":14.0,"enemies":"Lagavulin","floor":13.0,"turns":5.0},{"damage":24.0,"enemies":"The Guardian","floor":16.0,"turns":11.0},{"damage":1.0,"enemies":"3 Byrds","floor":18.0,"turns":2.0},{"damage":7.0,"enemies":"Chosen","floor":19.0,"turns":4.0},{"damage":3.0,"enemies":"Colosseum Slavers","floor":21.0,"turns":5.0},{"damage":32.0,"enemies":"Colosseum Nobs","floor":21.0,"turns":4.0},{"damage":6.0,"enemies":"3 Cultists","floor":23.0,"turns":6.0},{"damage":20.0,"enemies":"Centurion and Healer","floor":28.0,"turns":4.0},{"damage":23.0,"enemies":"Shelled Parasite and Fungi","floor":30.0,"turns":6.0},{"damage":60.0,"enemies":"Automaton","floor":33.0,"turns":10.0},{"damage":29.0,"enemies":"3 Darklings","floor":35.0,"turns":6.0},{"damage":16.0,"enemies":"Nemesis","floor":41.0,"turns":7.0},{"damage":17.0,"enemies":"Mind Bloom Boss Battle","floor":45.0,"turns":6.0},{"damage":0.0,"enemies":"3 Shapes","floor":46.0,"turns":4.0},{"damage":16.0,"enemies":"Writhing Mass","floor":48.0,"turns":6.0},{"damage":57,"enemies":"Awakened One","floor":50,"turns":5}],"seed_played":"-2851815498503743476","potions_obtained":[{"floor":1.0,"key":"Energy Potion"},{"floor":4.0,"key":"Weak Potion"},{"floor":7.0,"key":"FearPotion"},{"floor":10.0,"key":"Block Potion"},{"floor":19.0,"key":"Block Potion"},{"floor":21.0,"key":"EssenceOfSteel"},{"floor":30.0,"key":"GamblersBrew"},{"floor":35.0,"key":"Block Potion"},{"floor":41.0,"key":"Explosive Potion"}],"is_trial":false,"path_per_floor":["M","$","?","M","M","R","E","M","T","M","R","?","E","$","R","B",null,"M","M","$","?","T","M","R","?","T","R","M","R","M","T","R","B",null,"M","$","?","?","?","R","E","T","T","$","?","M","R","M","R","B"],"character_chosen":"DEFECT","items_purchased":["Electrodynamics","PreservedInsect","Go for the Eyes","Vajra","FTL","Rebound"],"campfire_rested":4,"item_purchase_floors":[14,20,20,36,36,44],"current_hp_per_floor":[66,66,59,59,59,59,44,38,38,30,52,38,24,24,46,22,62,61,54,54,19,19,13,47,47,47,59,39,73,50,50,65,5,58,36,36,75,75,75,75,66,66,66,66,51,53,71,57,75,18],"gold":187,"neow_bonus":"RANDOM_COMMON_RELIC","is_prod":false,"is_daily":false,"chose_seed":false,"campfire_upgraded":6,"win_rate":0,"timestamp":1541476320,"path_taken":["M","$","?","M","M","R","E","M","T","M","R","?","E","?","R","BOSS","M","M","$","?","?","M","R","?","T","R","?","R","?","?","R","BOSS","M","$","?","?","?","R","E","?","T","?","?","M","R","M","R","BOSS"],"build_version":"2018-11-01","purchased_purges":2,"victory":false,"max_hp_per_floor":[75,75,75,75,75,75,75,75,75,75,75,75,75,75,75,75,75,75,75,75,75,75,75,75,75,75,75,75,75,75,75,75,75,75,75,75,75,75,75,75,75,75,75,75,75,75,75,75,75,75],"card_choices":[{"not_picked":["Melter","Ball Lightning"],"picked":"Gash","floor":1.0},{"not_picked":["Hello World","Reprogram"],"picked":"Reinforced Body","floor":4.0},{"not_picked":["Streamline","Aggregate"],"picked":"Steam Power","floor":5.0},{"not_picked":["Streamline","Sunder"],"picked":"Hologram","floor":7.0},{"not_picked":["Leap","Turbo"],"picked":"Ball Lightning","floor":8.0},{"not_picked":["Reprogram","Aggregate"],"picked":"Darkness","floor":10.0},{"not_picked":["Coolheaded","Redo"],"picked":"Glacier","floor":12.0},{"not_picked":["Rip and Tear","Force Field"],"picked":"Doom and Gloom","floor":13.0},{"not_picked":["Electrodynamics","Creative AI"],"picked":"Echo Form","floor":16.0},{"not_picked":["Sunder+1","Sweeping Beam"],"picked":"Compile Driver","floor":18.0},{"not_picked":["Recycle","Stack"],"picked":"Steam","floor":19.0},{"not_picked":["Chill","Leap"],"picked":"Cold Snap","floor":21.0},{"not_picked":["Leap","Static Discharge","Hologram"],"picked":"Gash+1","floor":23.0},{"not_picked":["Beam Cell","Consume+1","Buffer"],"picked":"Rebound","floor":28.0},{"not_picked":["Leap","Steam","Barrage"],"picked":"Darkness+1","floor":30.0},{"not_picked":["Electrodynamics","Multi-Cast","Creative AI"],"picked":"Machine Learning","floor":33.0},{"not_picked":["Sunder","Stack","Streamline+1"],"picked":"Hologram+1","floor":34.0},{"not_picked":["Chaos","Recycle","Conserve Battery"],"picked":"Self Repair","floor":34.0},{"not_picked":["Leap","Reinforced Body","White Noise"],"picked":"Rebound","floor":34.0},{"not_picked":["Rebound+1","Hyperbeam","Fusion"],"picked":"Gash+1","floor":35.0},{"not_picked":["Glacier+1","Loop+1","Ball Lightning+1"],"picked":"Gash","floor":41.0},{"not_picked":["Beam Cell","Scrape","Cold Snap+1"],"picked":"Skim+1","floor":45.0},{"not_picked":["Stack","Recycle+1","Steam Power"],"picked":"Conserve Battery","floor":46.0},{"not_picked":["Biased Cognition","Ball Lightning","Fusion+1"],"picked":"Turbo","floor":46.0},{"not_picked":["Reinforced Body","Ball Lightning+1","Recycle+1"],"picked":"Steam+1","floor":48.0},{"not_picked":["Barrage","Fusion","Steam"],"picked":"Darkness+1","floor":48.0}],"player_experience":935256,"relics_obtained":[{"floor":7.0,"key":"Bottled Lightning"},{"floor":9.0,"key":"Tiny Chest"},{"floor":12.0,"key":"Odd Mushroom"},{"floor":13.0,"key":"Smiling Mask"},{"floor":21.0,"key":"Thread and Needle"},{"floor":21.0,"key":"Question Card"},{"floor":22.0,"key":"Whetstone"},{"floor":26.0,"key":"Lantern"},{"floor":31.0,"key":"Juzu Bracelet"},{"floor":41.0,"key":"StoneCalendar"},{"floor":42.0,"key":"Boot"},{"floor":43.0,"key":"Blood Vial"},{"floor":45.0,"key":"Prayer Wheel"}],"event_choices":[{"cards_removed":["Strike_B"],"damage_healed":0.0,"max_hp_gain":0.0,"max_hp_loss":0.0,"gold_gain":0.0,"event_name":"Golden Wing","player_choice":"Card Removal","floor":3.0,"gold_loss":0.0,"damage_taken":7.0},{"damage_healed":0.0,"max_hp_gain":0.0,"max_hp_loss":0.0,"gold_gain":0.0,"event_name":"Mushrooms","player_choice":"Fought Mushrooms","floor":12.0,"gold_loss":0.0,"damage_taken":0.0},{"damage_healed":0.0,"max_hp_gain":0.0,"max_hp_loss":0.0,"gold_gain":0.0,"event_name":"Colosseum","player_choice":"Fight","floor":21.0,"gold_loss":0.0,"damage_taken":0.0},{"damage_healed":0.0,"max_hp_gain":0.0,"max_hp_loss":0.0,"gold_gain":0.0,"event_name":"Colosseum","player_choice":"Fought Nobs","floor":21.0,"gold_loss":0.0,"damage_taken":0.0},{"damage_healed":0.0,"max_hp_gain":0.0,"max_hp_loss":0.0,"gold_gain":0.0,"event_name":"Designer","player_choice":"Upgraded Two","floor":25.0,"gold_loss":40.0,"damage_taken":0.0,"cards_upgraded":["Glacier","Gash"]},{"damage_healed":39.0,"max_hp_gain":0.0,"max_hp_loss":0.0,"gold_gain":0.0,"event_name":"Wheel of Change","player_choice":"Full Heal","floor":37.0,"gold_loss":0.0,"damage_taken":0.0},{"cards_removed":["Echo Form"],"damage_healed":0.0,"max_hp_gain":0.0,"max_hp_loss":0.0,"gold_gain":0.0,"event_name":"Falling","player_choice":"Removed Power","floor":38.0,"gold_loss":0.0,"damage_taken":0.0},{"damage_healed":0.0,"max_hp_gain":0.0,"max_hp_loss":0.0,"gold_gain":0.0,"event_name":"Tomb of Lord Red Mask","player_choice":"Paid","floor":39.0,"gold_loss":41.0,"damage_taken":0.0,"relics_obtained":["Red Mask"]},{"damage_healed":0.0,"max_hp_gain":0.0,"max_hp_loss":0.0,"gold_gain":0.0,"event_name":"MindBloom","player_choice":"Fight","floor":45.0,"gold_loss":0.0,"damage_taken":0.0}],"is_beta":false,"boss_relics":[{"not_picked":["Pandora\u0027s Box","White Beast Statue"],"picked":"Eternal Feather"},{"not_picked":["Lizard Tail","FrozenCore"],"picked":"Orrery"}],"items_purged_floors":[2,36],"is_endless":false,"potions_floor_spawned":[1,4,7,10,19,21,21,30,35,41],"killed_by":"Awakened One","ascension_level":6}