{"gold_per_floor":[112,16,16,35,110,110,139,15,15,34,48,78,94,112,112,214,214,227,180,196,206,220,220,220,232,316,354,383,413,450,93,93,197,197,210,223,73,90,100,131,131,131,131,11,11,24,34,34,34,34],"floor_reached":51,"playtime":5911,"items_purged":[],"score":771,"play_id":"8a44682a-2ba1-4f26-a2a5-830c68e586b0","local_time":"20190629234510","is_ascension_mode":false,"campfire_choices":[{"data":"Zap","floor":6,"key":"SMITH"},{"floor":15,"key":"REST"},{"data":"Self Repair","floor":23,"key":"SMITH"},{"data":"Chaos","floor":25,"key":"SMITH"},{"data":"Genetic Algorithm","floor":32,"key":"SMITH"},{"data":"Madness","floor":42,"key":"SMITH"},{"data":"Redo","floor":45,"key":"SMITH"},{"data":"Madness","floor":49,"key":"SMITH"}],"neow_cost":"NONE","seed_source_timestamp":1925727129510435,"circlet_count":0,"master_deck":["Strike_B+1","Defend_B","Defend_B","Defend_B","Defend_B+1","Zap+1","Melter","Hologram","Flash of Steel+1","Coolheaded","Core Surge","Chaos+1","Sweeping Beam","Self Repair+1","Cold Snap","Sunder","Sweeping Beam","Thunder Strike","Conserve Battery","Conserve Battery","Steam+1","Auto Shields","Coolheaded","Undo+1","Core Surge","Genetic Algorithm+1","Sweeping Beam+1","Ball Lightning","Flash of Steel","Hologram","All For One","Turbo+1","Scrape+1","FTL+1","Undo+1","Ball Lightning","Conserve Battery+1","Redo+1","Double Energy","Madness+1","Madness+1","Redo+1","Self Repair","Cold Snap+1","Redo","Good Instincts"],"relics":["Cracked Core","Potion Belt","Happy Flower","Bronze Scales","Coffee Dripper","MawBank","Matryoshka","Boot","Juzu Bracelet","MealTicket","Astrolabe","Bag of Preparation","Pen Nib","War Paint","Darkstone Periapt"],"potions_floor_usage":[16,27,30,33,33,33,40,50],"damage_taken":[{"damage":1,"enemies":"Cultist","floor":1,"turns":3},{"damage":1,"enemies":"Jaw Worm","floor":4,"turns":2},{"damage":29,"enemies":"Gremlin Nob","floor":7,"turns":4},{"damage":0,"enemies":"Small Slimes","floor":10,"turns":2},{"damage":0,"enemies":"Blue Slaver","floor":11,"turns":3},{"damage":11,"enemies":"Exordium Thugs","floor":13,"turns":3},{"damage":5,"enemies":"Gremlin Gang","floor":14,"turns":3},{"damage":0,"enemies":"Slime Boss","floor":16,"turns":12},{"damage":16,"enemies":"2 Thieves","floor":18,"turns":4},{"damage":0,"enemies":"Chosen","floor":20,"turns":4},{"damage":1,"enemies":"Snecko","floor":21,"turns":4},{"damage":0,"enemies":"Sentry and Sphere","floor":22,"turns":4},{"damage":10,"enemies":"Book of Stabbing","floor":27,"turns":5},{"damage":0,"enemies":"Cultist and Chosen","floor":28,"turns":7},{"damage":0,"enemies":"3 Cultists","floor":29,"turns":4},{"damage":16,"enemies":"Gremlin Leader","floor":30,"turns":8},{"damage":63,"enemies":"Automaton","floor":33,"turns":13},{"damage":3,"enemies":"3 Darklings","floor":35,"turns":3},{"damage":1,"enemies":"Orb Walker","floor":36,"turns":2},{"damage":5,"enemies":"Sphere and 2 Shapes","floor":38,"turns":4},{"damage":41,"enemies":"4 Shapes","floor":39,"turns":5},{"damage":0,"enemies":"Reptomancer","floor":40,"turns":5},{"damage":0,"enemies":"Maw","floor":46,"turns":7},{"damage":0,"enemies":"Spire Growth","floor":47,"turns":3},{"damage":52,"enemies":"Donu and Deca","floor":50,"turns":10}],"seed_played":"-3080604785276653493","potions_obtained":[{"floor":1,"key":"Block Potion"},{"floor":4,"key":"EssenceOfSteel"},{"floor":10,"key":"Swift Potion"},{"floor":16,"key":"Ancient Potion"},{"floor":18,"key":"AttackPotion"},{"floor":22,"key":"EssenceOfSteel"},{"floor":28,"key":"FearPotion"},{"floor":30,"key":"LiquidBronze"},{"floor":35,"key":"Explosive Potion"},{"floor":40,"key":"Swift Potion"},{"floor":46,"key":"SneckoOil"},{"floor":47,"key":"Energy Potion"}],"is_trial":false,"path_per_floor":["M","$","?","M","?","R","E","$","T","M","M","?","M","M","R","B",null,"M","$","M","M","M","R","?","R","T","E","M","M","E","$","R","B",null,"M","M","$","M","M","E","?","R","T","$","R","M","M","?","R","B",null],"character_chosen":"DEFECT","items_purchased":["Flash of Steel","Chaos","Sweeping Beam","Conserve Battery","MealTicket","Ball Lightning","Flash of Steel","Hologram","Bag of Preparation","Redo","Self Repair"],"campfire_rested":1,"item_purchase_floors":[2,8,8,19,31,31,31,31,37,44,44],"current_hp_per_floor":[74,74,59,58,47,47,18,18,18,18,25,25,21,16,38,45,75,59,59,66,72,75,75,75,75,75,75,75,75,69,69,69,16,75,72,71,75,75,44,54,45,45,45,45,45,62,72,72,72,37],"gold":34,"neow_bonus":"TRANSFORM_CARD","is_prod":false,"is_daily":false,"chose_seed":false,"campfire_upgraded":7,"win_rate":0.0,"timestamp":1561873510,"path_taken":["M","?","?","M","?","R","E","?","T","?","M","?","M","M","R","BOSS","M","$","M","M","M","R","?","R","T","E","M","M","E","?","R","BOSS","M","M","$","M","M","E","?","R","T","?","R","M","M","?","R","BOSS"],"build_version":"2019-01-23","purchased_purges":0,"victory":true,"max_hp_per_floor":[75,75,75,75,75,75,75,75,75,75,75,75,75,75,75,75,75,75,75,75,75,75,75,75,75,75,75,75,75,75,75,75,75,75,75,75,75,75,75,75,75,75,75,75,75,75,75,75,75,75],"card_choices":[{"not_picked":["Storm","Steam"],"picked":"Hologram","floor":1},{"not_picked":["Steam","Glacier"],"picked":"Coolheaded","floor":4},{"not_picked":["Darkness","Conserve Battery"],"picked":"Core Surge","floor":7},{"not_picked":["Rip and Tear","Barrage"],"picked":"Self Repair","floor":10},{"not_picked":["Fusion","Leap"],"picked":"Cold Snap","floor":11},{"not_picked":["Consume","Hologram"],"picked":"Sunder","floor":13},{"not_picked":["Ball Lightning","Conserve Battery"],"picked":"Sweeping Beam","floor":14},{"not_picked":["Rainbow","Reboot"],"picked":"Thunder Strike","floor":16},{"not_picked":["Hologram","Leap"],"picked":"Conserve Battery","floor":18},{"not_picked":["Hologram","Compile Driver"],"picked":"Steam+1","floor":20},{"not_picked":["Gash","Go for the Eyes"],"picked":"Auto Shields","floor":21},{"not_picked":["Doom and Gloom","Barrage+1"],"picked":"Coolheaded","floor":22},{"not_picked":["Gash","Blizzard"],"picked":"Undo","floor":27},{"not_picked":["Sweeping Beam","FTL"],"picked":"Core Surge","floor":28},{"not_picked":["Redo","Conserve Battery"],"picked":"Genetic Algorithm","floor":29},{"not_picked":["Reprogram","Double Energy"],"picked":"Sweeping Beam+1","floor":30},{"not_picked":["Meteor Strike","Creative AI"],"picked":"All For One","floor":33},{"not_picked":["Heatsinks","Go for the Eyes"],"picked":"Undo+1","floor":35},{"not_picked":["Leap","Rebound"],"picked":"Ball Lightning","floor":36},{"not_picked":["Force Field+1","Turbo"],"picked":"Conserve Battery+1","floor":38},{"not_picked":["Reinforced Body","Ball Lightning"],"picked":"Redo+1","floor":39},{"not_picked":["Turbo+1","Go for the Eyes"],"picked":"Double Energy","floor":40},{"not_picked":["Hello World","Stack+1"],"picked":"Cold Snap+1","floor":46},{"not_picked":["Cold Snap","Stack+1"],"picked":"Redo","floor":47},{"not_picked":["Chrysalis","Dark Shackles"],"picked":"Good Instincts","floor":48}],"player_experience":39984,"relics_obtained":[{"floor":7,"key":"Potion Belt"},{"floor":9,"key":"Happy Flower"},{"floor":26,"key":"Matryoshka"},{"floor":27,"key":"Boot"},{"floor":30,"key":"Juzu Bracelet"},{"floor":40,"key":"Pen Nib"},{"floor":43,"key":"War Paint"},{"floor":43,"key":"Darkstone Periapt"}],"event_choices":[{"damage_healed":0,"gold_gain":0,"player_choice":"Entered Light","damage_taken":15,"max_hp_gain":0,"max_hp_loss":0,"event_name":"Shining Light","floor":3,"gold_loss":0,"cards_upgraded":["Flash of Steel","Strike_B"]},{"damage_healed":0,"gold_gain":75,"player_choice":"Gather Gold","damage_taken":11,"max_hp_gain":0,"max_hp_loss":0,"event_name":"World of Goop","floor":5,"gold_loss":0},{"damage_healed":0,"gold_gain":30,"player_choice":"Searched \u00273\u0027 times","damage_taken":0,"relics_obtained":["Bronze Scales"],"max_hp_gain":0,"max_hp_loss":0,"event_name":"Dead Adventurer","floor":12,"gold_loss":0},{"damage_healed":0,"gold_gain":0,"player_choice":"Gave Potion","damage_taken":0,"relics_obtained":["MawBank"],"max_hp_gain":0,"max_hp_loss":0,"event_name":"WeMeetAgain","floor":24,"gold_loss":0},{"damage_healed":0,"gold_gain":0,"player_choice":"Embrace Madness","damage_taken":9,"max_hp_gain":0,"max_hp_loss":0,"event_name":"Winding Halls","floor":41,"gold_loss":0,"cards_obtained":["Madness","Madness"]},{"damage_healed":0,"gold_gain":0,"player_choice":"Memory 1","damage_taken":0,"max_hp_gain":0,"max_hp_loss":0,"event_name":"SensoryStone","floor":48,"gold_loss":0}],"is_beta":false,"boss_relics":[{"not_picked":["FrozenCore","Tiny House"],"picked":"Coffee Dripper"},{"not_picked":["Lizard Tail","Inserter"],"picked":"Astrolabe"}],"items_purged_floors":[],"is_endless":false,"potions_floor_spawned":[1,4,10,16,18,22,28,30,35,40,46,47],"ascension_level":0}