{"gold_per_floor":[112,127,142,142,158,186,186,186,186,203,222,222,252,21,21,126,126,146,164,164,164,164,164,179,179,179,179,9,9,44,55,55,55],"floor_reached":33,"playtime":2537,"items_purged":["Regret","Strike_B"],"score":290,"play_id":"8ee6eaf2-cb97-4f50-86c6-2a4c54f93db8","local_time":"20190701222713","is_ascension_mode":false,"campfire_choices":[{"data":"Redo","floor":8,"key":"SMITH"},{"floor":12,"key":"RECALL"},{"data":"Rainbow","floor":15,"key":"SMITH"},{"data":"RitualDagger","floor":23,"key":"SMITH"},{"data":"Zap","floor":25,"key":"SMITH"},{"data":"Rainbow","floor":27,"key":"SMITH"},{"data":"Loop","floor":29,"key":"SMITH"},{"data":"Auto Shields","floor":32,"key":"SMITH"}],"neow_cost":"NONE","seed_source_timestamp":2097246425708468,"circlet_count":0,"master_deck":["Strike_B","Strike_B","Strike_B","Defend_B","Defend_B","Defend_B","Defend_B","Zap+1","Dualcast","Cold Snap","Chill","Auto Shields+1","Skim","Redo+1","Coolheaded","Ball Lightning","Rainbow+1","Rainbow+1","Tempest","Redo+1","RitualDagger+1","Recycle+1","Loop+1","Chaos+1","BootSequence+1"],"relics":["Cracked Core","Oddly Smooth Stone","Bottled Flame","Sundial","Potion Belt","Strawberry","Coffee Dripper","Mercury Hourglass","Lantern"],"potions_floor_usage":[6,6,16,24,30,30],"damage_taken":[{"damage":1,"enemies":"Cultist","floor":1,"turns":4},{"damage":0,"enemies":"Jaw Worm","floor":2,"turns":4},{"damage":5,"enemies":"2 Louse","floor":3,"turns":3},{"damage":0,"enemies":"Large Slime","floor":5,"turns":8},{"damage":11,"enemies":"3 Sentries","floor":6,"turns":15},{"damage":2,"enemies":"Exordium Wildlife","floor":10,"turns":4},{"damage":1,"enemies":"Blue Slaver","floor":11,"turns":4},{"damage":5,"enemies":"Slime Boss","floor":16,"turns":11},{"damage":0,"enemies":"Chosen","floor":18,"turns":4},{"damage":8,"enemies":"3 Byrds","floor":19,"turns":5},{"damage":4,"enemies":"Centurion and Healer","floor":24,"turns":3},{"damage":33,"enemies":"Slavers","floor":30,"turns":5},{"damage":8,"enemies":"Chosen and Byrds","floor":31,"turns":4},{"damage":34,"enemies":"Champ","floor":33,"turns":9}],"seed_played":"3051201955945160096","potions_obtained":[{"floor":2,"key":"Strength Potion"},{"floor":5,"key":"SkillPotion"},{"floor":6,"key":"FearPotion"},{"floor":10,"key":"FearPotion"},{"floor":16,"key":"EssenceOfSteel"},{"floor":18,"key":"PowerPotion"}],"is_trial":false,"path_per_floor":["M","M","M","?","M","E","?","R","T","M","M","R","?","$","R","B",null,"M","M","?","?","?","R","M","R","T","R","$","R","E","M","R","B"],"character_chosen":"DEFECT","items_purchased":["Rainbow","Loop"],"campfire_rested":0,"item_purchase_floors":[14,28],"current_hp_per_floor":[81,81,76,73,73,62,62,62,62,60,59,59,66,66,66,61,89,89,81,64,58,58,58,54,54,54,54,54,54,21,13,13,0],"gold":55,"neow_bonus":"TEN_PERCENT_HP_BONUS","is_prod":false,"is_daily":false,"chose_seed":false,"campfire_upgraded":7,"win_rate":0,"timestamp":1562041633,"path_taken":["M","M","?","?","M","E","?","R","T","M","M","R","?","$","R","BOSS","M","M","?","?","?","R","M","R","T","R","?","R","E","M","R","BOSS"],"build_version":"2019-07-01","purchased_purges":2,"victory":false,"max_hp_per_floor":[82,82,82,82,82,82,82,82,82,82,82,82,89,89,89,89,89,89,89,94,94,94,94,94,94,94,94,94,94,94,94,94,94],"card_choices":[{"not_picked":["Go for the Eyes","Turbo"],"picked":"Cold Snap","floor":1},{"not_picked":["White Noise","Leap"],"picked":"Chill","floor":2},{"not_picked":["Barrage","Reinforced Body"],"picked":"Auto Shields","floor":3},{"not_picked":["Beam Cell","Rip and Tear"],"picked":"Skim","floor":5},{"not_picked":["Rebound","Coolheaded"],"picked":"Redo","floor":6},{"not_picked":["Reprogram","Beam Cell"],"picked":"Coolheaded","floor":10},{"not_picked":["Skim","Coolheaded"],"picked":"Ball Lightning","floor":11},{"not_picked":["Seek","Amplify"],"picked":"Rainbow","floor":16},{"not_picked":["Sunder","Leap"],"picked":"Tempest","floor":18},{"not_picked":["Sweeping Beam","Chaos"],"picked":"Redo+1","floor":19},{"not_picked":["FTL","Undo+1"],"picked":"Recycle+1","floor":24},{"not_picked":["Leap+1","Defragment+1"],"picked":"Chaos+1","floor":30},{"not_picked":["Ball Lightning","Conserve Battery"],"picked":"BootSequence+1","floor":31}],"player_experience":77364,"relics_obtained":[{"floor":6,"key":"Bottled Flame"},{"floor":9,"key":"Potion Belt"},{"floor":26,"key":"Mercury Hourglass"},{"floor":30,"key":"Lantern"}],"event_choices":[{"damage_healed":0,"gold_gain":0,"player_choice":"Success","damage_taken":3,"relics_obtained":["Oddly Smooth Stone"],"max_hp_gain":0,"max_hp_loss":0,"event_name":"Scrap Ooze","floor":4,"gold_loss":0},{"damage_healed":0,"gold_gain":0,"player_choice":"Box","damage_taken":0,"relics_obtained":["Sundial"],"max_hp_gain":0,"max_hp_loss":0,"event_name":"Big Fish","floor":7,"gold_loss":0,"cards_obtained":["Regret"]},{"damage_healed":0,"gold_gain":30,"player_choice":"Searched \u00273\u0027 times","damage_taken":0,"relics_obtained":["Strawberry"],"max_hp_gain":0,"max_hp_loss":0,"event_name":"Dead Adventurer","floor":13,"gold_loss":0},{"damage_healed":0,"gold_gain":0,"player_choice":"Shed Blood","damage_taken":22,"max_hp_gain":5,"max_hp_loss":0,"event_name":"Forgotten Altar","floor":20,"gold_loss":0},{"damage_healed":0,"gold_gain":0,"player_choice":"Joined the Cult","damage_taken":6,"max_hp_gain":0,"max_hp_loss":0,"event_name":"Nest","floor":21,"gold_loss":0,"cards_obtained":["RitualDagger"]},{"damage_healed":0,"gold_gain":0,"player_choice":"Ignored","damage_taken":0,"max_hp_gain":0,"max_hp_loss":0,"event_name":"Ghosts","floor":22,"gold_loss":0}],"is_beta":false,"boss_relics":[{"not_picked":["Eternal Feather","Lizard Tail"],"picked":"Coffee Dripper"}],"items_purged_floors":[14,28],"is_endless":false,"potions_floor_spawned":[2,5,6,10,16,18],"killed_by":"Champ","ascension_level":0}