{"gold_per_floor":[114,114,129,129,145,145,179,198,221,240,240,250,250,265,265,363,363,380,399,399,446,284,284,302,302,302,302,124,186,186,205,205,305,305,322,339,339,19,30,30,45,45,72,105,105,105,105,121,121,121],"floor_reached":51,"playtime":6962,"items_purged":["Strike_G","Strike_G","Strike_G"],"score":647,"play_id":"f30de9b1-4034-4979-95a3-f1a734e7fbdd","local_time":"20190617103556","is_ascension_mode":false,"campfire_choices":[{"data":"Flying Knee","floor":6,"key":"SMITH"},{"data":"Terror","floor":11,"key":"SMITH"},{"data":"Tactician","floor":13,"key":"SMITH"},{"floor":15,"key":"REST"},{"data":"Bullet Time","floor":23,"key":"SMITH"},{"data":"Acrobatics","floor":25,"key":"SMITH"},{"floor":27,"key":"REST"},{"data":"Tactician","floor":30,"key":"SMITH"},{"floor":32,"key":"REST"},{"data":"Phantasmal Killer","floor":40,"key":"SMITH"},{"data":"Acrobatics","floor":42,"key":"SMITH"},{"data":"Dagger Throw","floor":47,"key":"SMITH"},{"data":"Quick Slash","floor":49,"key":"SMITH"}],"neow_cost":"NONE","seed_source_timestamp":1038670581165,"circlet_count":0,"master_deck":["Defend_G","Defend_G","Defend_G","Defend_G","Defend_G","Strike_G","Survivor+1","Neutralize","Well Laid Plans+1","Quick Slash+1","Flying Knee+1","Dagger Throw+1","Terror+1","Quick Slash","Tactician+1","Bullet Time+1","Blur+1","Dagger Throw+1","Dramatic Entrance","Acrobatics+1","Tactician+1","Leg Sweep+1","Reflex+1","Phantasmal Killer+1","Acrobatics+1","Tactician+1","Blur+1","Outmaneuver+1","Underhanded Strike+1","Underhanded Strike+1"],"relics":["Ring of the Serpent","Blood Vial","Oddly Smooth Stone","Orichalcum","Enchiridion","Snake Skull","Unceasing Top","Tiny Chest","Eternal Feather","TwistedFunnel","Centennial Puzzle","Pen Nib","Gremlin Horn"],"potions_floor_usage":[33,33],"damage_taken":[{"damage":8,"enemies":"Jaw Worm","floor":1,"turns":6},{"damage":0,"enemies":"Cultist","floor":3,"turns":5},{"damage":0,"enemies":"Small Slimes","floor":5,"turns":3},{"damage":21,"enemies":"3 Sentries","floor":7,"turns":11},{"damage":0,"enemies":"Exordium Thugs","floor":8,"turns":4},{"damage":0,"enemies":"Exordium Wildlife","floor":10,"turns":3},{"damage":1,"enemies":"Red Slaver","floor":12,"turns":2},{"damage":0,"enemies":"Lots of Slimes","floor":14,"turns":3},{"damage":9,"enemies":"The Guardian","floor":16,"turns":10},{"damage":9,"enemies":"Chosen","floor":18,"turns":5},{"damage":19,"enemies":"Spheric Guardian","floor":19,"turns":6},{"damage":0,"enemies":"3 Cultists","floor":24,"turns":4},{"damage":8,"enemies":"Book of Stabbing","floor":29,"turns":5},{"damage":0,"enemies":"Snecko","floor":31,"turns":4},{"damage":53,"enemies":"Collector","floor":33,"turns":11},{"damage":16,"enemies":"3 Darklings","floor":35,"turns":5},{"damage":14,"enemies":"3 Shapes","floor":36,"turns":3},{"damage":11,"enemies":"Jaw Worm Horde","floor":39,"turns":5},{"damage":0,"enemies":"Spire Growth","floor":41,"turns":4},{"damage":2,"enemies":"Nemesis","floor":44,"turns":9},{"damage":0,"enemies":"Sphere and 2 Shapes","floor":48,"turns":3},{"damage":9,"enemies":"Time Eater","floor":50,"turns":7}],"seed_played":"3190879156725753147","potions_obtained":[{"floor":1,"key":"PowerPotion"},{"floor":3,"key":"SteroidPotion"},{"floor":10,"key":"Weak Potion"},{"floor":16,"key":"GamblersBrew"},{"floor":18,"key":"Strength Potion"},{"floor":36,"key":"AttackPotion"},{"floor":39,"key":"Regen Potion"}],"is_trial":false,"path_per_floor":["M","?","M","?","M","R","E","M","T","M","R","M","R","M","R","B",null,"M","M","?","T","$","R","M","R","T","R","$","E","R","M","R","B",null,"M","M","?","$","M","R","M","R","T","E","T","$","R","M","R","B",null],"character_chosen":"THE_SILENT","items_purchased":["Dramatic Entrance","Tactician","TwistedFunnel"],"campfire_rested":3,"item_purchase_floors":[22,28,38],"current_hp_per_floor":[69,54,54,54,56,56,37,39,39,41,41,42,42,44,67,60,77,68,51,35,35,35,35,37,37,37,60,60,54,54,56,77,24,77,61,49,49,49,40,55,57,72,72,72,72,72,77,77,77,68],"gold":121,"neow_bonus":"TEN_PERCENT_HP_BONUS","is_prod":false,"is_daily":false,"chose_seed":false,"campfire_upgraded":10,"win_rate":0.0,"timestamp":1560760556,"path_taken":["M","?","M","?","M","R","E","M","T","M","R","?","R","M","R","BOSS","M","M","?","?","?","R","M","R","T","R","$","E","R","?","R","BOSS","M","?","?","?","?","R","M","R","T","E","?","$","R","M","R","BOSS"],"build_version":"2019-01-23","purchased_purges":3,"victory":true,"max_hp_per_floor":[77,77,77,77,77,77,77,77,77,77,77,77,77,77,77,77,77,77,77,77,77,77,77,77,77,77,77,77,77,77,77,77,77,77,77,77,77,77,77,77,77,77,77,77,77,77,77,77,77,77],"card_choices":[{"not_picked":["Dodge and Roll","PiercingWail"],"picked":"Well Laid Plans","floor":1},{"not_picked":["Blade Dance","Deflect"],"picked":"Quick Slash","floor":3},{"not_picked":["Poisoned Stab","Deadly Poison"],"picked":"Flying Knee","floor":5},{"not_picked":["Reflex","Poisoned Stab"],"picked":"Dagger Throw","floor":7},{"not_picked":["Bane","Skewer"],"picked":"Terror","floor":8},{"not_picked":["Dodge and Roll","Calculated Gamble"],"picked":"Quick Slash","floor":10},{"not_picked":["Blur","Backflip"],"picked":"Tactician","floor":12},{"not_picked":["Blade Dance","Dagger Spray","Underhanded Strike"],"picked":"SKIP","floor":14},{"not_picked":["Envenom","Malaise"],"picked":"Bullet Time","floor":16},{"not_picked":["Eviscerate","Terror"],"picked":"Blur+1","floor":18},{"not_picked":["Crippling Poison","Dodge and Roll"],"picked":"Dagger Throw+1","floor":19},{"not_picked":["Expertise","Endless Agony"],"picked":"Acrobatics","floor":24},{"not_picked":["Reflex","Riddle With Holes"],"picked":"Leg Sweep+1","floor":29},{"not_picked":["Dagger Spray","Catalyst"],"picked":"Reflex+1","floor":31},{"not_picked":["Corpse Explosion","A Thousand Cuts"],"picked":"Phantasmal Killer","floor":33},{"not_picked":["Underhanded Strike","Escape Plan+1"],"picked":"Acrobatics","floor":35},{"not_picked":["Deflect+1","Deadly Poison"],"picked":"Tactician+1","floor":36},{"not_picked":["PiercingWail+1","Flying Knee+1"],"picked":"Blur+1","floor":39},{"not_picked":["All Out Attack+1","Flechettes+1"],"picked":"Outmaneuver+1","floor":41},{"not_picked":["Acrobatics","Outmaneuver"],"picked":"Underhanded Strike+1","floor":44},{"not_picked":["Catalyst+1","Burst"],"picked":"Underhanded Strike+1","floor":48}],"player_experience":57304,"relics_obtained":[{"floor":7,"key":"Oddly Smooth Stone"},{"floor":9,"key":"Orichalcum"},{"floor":20,"key":"Enchiridion"},{"floor":21,"key":"Snake Skull"},{"floor":26,"key":"Unceasing Top"},{"floor":29,"key":"Tiny Chest"},{"floor":43,"key":"Centennial Puzzle"},{"floor":44,"key":"Pen Nib"},{"floor":45,"key":"Gremlin Horn"}],"event_choices":[{"damage_healed":0,"gold_gain":0,"player_choice":"Entered Light","damage_taken":15,"max_hp_gain":0,"max_hp_loss":0,"event_name":"Shining Light","floor":2,"gold_loss":0,"cards_upgraded":["Well Laid Plans","Survivor"]},{"damage_healed":0,"gold_gain":0,"player_choice":"Gave Potion","damage_taken":0,"relics_obtained":["Blood Vial"],"max_hp_gain":0,"max_hp_loss":0,"event_name":"WeMeetAgain","floor":4,"gold_loss":0},{"damage_healed":0,"gold_gain":0,"player_choice":"Obtained Book","damage_taken":16,"max_hp_gain":0,"max_hp_loss":0,"event_name":"Cursed Tome","floor":20,"gold_loss":0},{"cards_removed":["Strike_G"],"damage_healed":0,"gold_gain":0,"player_choice":"Purged","damage_taken":0,"max_hp_gain":0,"max_hp_loss":0,"event_name":"Purifier","floor":37,"gold_loss":0}],"is_beta":false,"boss_relics":[{"not_picked":["Runic Pyramid","Fusion Hammer"],"picked":"Ring of the Serpent"},{"not_picked":["HoveringKite","Calling Bell"],"picked":"Eternal Feather"}],"items_purged_floors":[22,28,38],"is_endless":false,"potions_floor_spawned":[1,3,10,16,18,29,36,39],"ascension_level":0}