{"gold_per_floor":[115,115,115,133,133,133,166,166,166,201,52,66,109,124,124,124],"floor_reached":16,"playtime":570,"items_purged":[],"score":179,"play_id":"ea8a2346-77ea-4fb2-bd73-81944ca25afd","local_time":"20181030142931","is_ascension_mode":true,"campfire_choices":[{"data":"Consume","floor":6,"key":"SMITH"},{"data":"Zap","floor":8,"key":"SMITH"},{"floor":15,"key":"REST"}],"neow_cost":"NONE","seed_source_timestamp":4159349053972266,"circlet_count":0,"master_deck":["Strike_B","Strike_B","Strike_B","Strike_B","Defend_B","Defend_B","Defend_B","Defend_B","Zap+1","Dualcast","Consume+1","Injury","Tempest","Doom and Gloom","Leap","FTL","Scrape","Barrage","Hyperbeam","Chaos"],"relics":["Cracked Core","NeowsBlessing","Golden Idol","Blue Candle","Mummified Hand","StoneCalendar","Bottled Lightning"],"potions_floor_usage":[13,13],"damage_taken":[{"damage":0,"enemies":"Jaw Worm","floor":1,"turns":1},{"damage":0,"enemies":"2 Louse","floor":4,"turns":1},{"damage":0,"enemies":"Lagavulin","floor":7,"turns":1},{"damage":43,"enemies":"Gremlin Nob","floor":10,"turns":4},{"damage":0,"enemies":"Small Slimes","floor":12,"turns":2},{"damage":11,"enemies":"3 Sentries","floor":13,"turns":4},{"damage":1,"enemies":"2 Fungi Beasts","floor":14,"turns":2},{"damage":37,"enemies":"Hexaghost","floor":16,"turns":5}],"seed_played":"-3515444071483940841","potions_obtained":[{"floor":1,"key":"Energy Potion"},{"floor":12,"key":"Energy Potion"},{"floor":13,"key":"Dexterity Potion"},{"floor":14,"key":"Swift Potion"}],"is_trial":false,"path_per_floor":["M","?","?","M","?","R","E","R","T","E","$","M","E","M","R"],"character_chosen":"DEFECT","items_purchased":["FTL","Scrape"],"campfire_rested":1,"item_purchase_floors":[11,11],"current_hp_per_floor":[75,75,80,80,80,80,80,80,80,37,37,37,26,25,49,12],"gold":124,"neow_bonus":"THREE_ENEMY_KILL","is_prod":false,"is_daily":false,"chose_seed":false,"campfire_upgraded":2,"win_rate":0,"timestamp":1540927771,"path_taken":["M","?","?","M","?","R","E","R","T","E","?","M","E","M","R","BOSS"],"build_version":"2018-10-25v2","purchased_purges":0,"victory":false,"max_hp_per_floor":[75,75,80,80,80,80,80,80,80,80,80,80,80,80,80,80],"card_choices":[{"not_picked":["Redo","Stack"],"picked":"Consume","floor":1},{"not_picked":["Genetic Algorithm","Compile Driver"],"picked":"Tempest","floor":4},{"not_picked":["Melter","Aggregate"],"picked":"Doom and Gloom","floor":7},{"not_picked":["Scrape","Melter"],"picked":"Leap","floor":10},{"not_picked":["Ball Lightning","Tempest"],"picked":"Barrage","floor":12},{"not_picked":["Steam","Double Energy"],"picked":"Hyperbeam","floor":13},{"not_picked":["Recycle","Stack"],"picked":"Chaos","floor":14}],"player_experience":902031,"relics_obtained":[{"floor":7,"key":"Blue Candle"},{"floor":9,"key":"Mummified Hand"},{"floor":10,"key":"StoneCalendar"},{"floor":13,"key":"Bottled Lightning"}],"event_choices":[{"damage_healed":0,"gold_gain":0,"player_choice":"Take Wound","damage_taken":0,"relics_obtained":["Golden Idol"],"max_hp_gain":0,"max_hp_loss":0,"event_name":"Golden Idol","floor":2,"gold_loss":0,"cards_obtained":["Injury"]},{"damage_healed":0,"gold_gain":0,"player_choice":"Donut","damage_taken":0,"max_hp_gain":5,"max_hp_loss":0,"event_name":"Big Fish","floor":3,"gold_loss":0},{"damage_healed":0,"gold_gain":0,"player_choice":"Bought 0 Potions","damage_taken":0,"max_hp_gain":0,"max_hp_loss":0,"event_name":"The Woman in Blue","floor":5,"gold_loss":0}],"is_beta":false,"boss_relics":[],"items_purged_floors":[],"is_endless":false,"potions_floor_spawned":[1,12,13,14],"killed_by":"Hexaghost","ascension_level":5}