{"gold_per_floor":[109,109,129,129,197,197,227,227,254,304,354,417,436,470,470,570,570,585,595,615,275,357,357,407,407,407,64,74,141,155,155],"floor_reached":31,"playtime":2522,"items_purged":[],"score":420,"play_id":"c0890507-52f1-4563-b018-7bb6f2c50d4a","local_time":"20190501125233","is_ascension_mode":true,"campfire_choices":[{"data":"Deadly Poison","floor":6,"key":"SMITH"},{"data":"Noxious Fumes","floor":8,"key":"SMITH"},{"data":"Deflect","floor":15,"key":"SMITH"},{"floor":23,"key":"REST"},{"data":"Phantasmal Killer","floor":25,"key":"SMITH"}],"neow_cost":"NONE","seed_source_timestamp":147378135564975,"circlet_count":0,"master_deck":["AscendersBane","Defend_G+1","Defend_G","Defend_G","Defend_G+1","Defend_G","Strike_G","Strike_G","Strike_G","Strike_G","Survivor","Neutralize","Predator+1","Flying Knee","Deadly Poison+1","Noxious Fumes+1","Phantasmal Killer+1","Deflect+1","Backflip","After Image","Storm of Steel","Deadly Poison","Underhanded Strike","Escape Plan","Master of Strategy","Dash","Apotheosis"],"relics":["Ring of the Snake","SsserpentHead","Potion Belt","Oddly Smooth Stone","Ninja Scroll","Sozu","War Paint","Red Mask","Ancient Tea Set","Singing Bowl","Boot"],"potions_floor_usage":[12,13,14,18,19,20,22],"damage_taken":[{"damage":0,"enemies":"2 Louse","floor":1,"turns":3},{"damage":0,"enemies":"Small Slimes","floor":3,"turns":4},{"damage":0,"enemies":"Cultist","floor":5,"turns":3},{"damage":17,"enemies":"Lagavulin","floor":7,"turns":6},{"damage":0,"enemies":"Looter","floor":12,"turns":3},{"damage":8,"enemies":"3 Louse","floor":13,"turns":3},{"damage":10,"enemies":"3 Sentries","floor":14,"turns":5},{"damage":12,"enemies":"Slime Boss","floor":16,"turns":9},{"damage":1,"enemies":"Chosen","floor":18,"turns":5},{"damage":5,"enemies":"2 Thieves","floor":19,"turns":3},{"damage":32,"enemies":"Snecko","floor":20,"turns":5},{"damage":8,"enemies":"Masked Bandits","floor":22,"turns":5},{"damage":14,"enemies":"Snake Plant","floor":28,"turns":4},{"damage":17,"enemies":"Centurion and Healer","floor":29,"turns":4},{"damage":19,"enemies":"Sentry and Sphere","floor":30,"turns":4},{"damage":7,"enemies":"Cultist and Chosen","floor":31,"turns":4}],"seed_played":"-6670895592995599049","potions_obtained":[{"floor":1,"key":"GamblersBrew"},{"floor":7,"key":"EntropicBrew"},{"floor":14,"key":"Block Potion"}],"is_trial":false,"path_per_floor":["M","?","M","?","M","R","E","R","T","?","?","M","M","E","R","B",null,"M","M","M","$","?","R","?","R","T","$","M","M","M","M"],"character_chosen":"THE_SILENT","items_purchased":["War Paint","Master of Strategy","Boot","Apotheosis"],"campfire_rested":1,"item_purchase_floors":[21,21,27,27],"current_hp_per_floor":[70,70,70,70,70,70,53,53,53,58,58,58,50,40,40,28,69,68,63,31,31,23,47,47,47,47,47,35,20,3,0],"gold":155,"neow_bonus":"TEN_PERCENT_HP_BONUS","is_prod":false,"is_daily":false,"chose_seed":false,"campfire_upgraded":4,"win_rate":0,"timestamp":1556733153,"path_taken":["M","?","M","?","?","R","E","R","T","?","?","?","M","E","R","BOSS","M","M","M","$","?","R","?","R","T","$","M","?","M","M"],"build_version":"2019-01-23","purchased_purges":0,"victory":false,"max_hp_per_floor":[77,77,77,77,77,77,77,77,77,82,82,82,82,82,82,82,82,82,82,82,82,82,82,82,82,82,82,84,86,88,88],"card_choices":[{"not_picked":["Dagger Throw","Concentrate"],"picked":"Predator","floor":1},{"not_picked":["Prepared","Eviscerate"],"picked":"Flying Knee","floor":3},{"not_picked":["Setup","Accuracy"],"picked":"Deadly Poison","floor":5},{"not_picked":["Poisoned Stab","Blade Dance"],"picked":"Noxious Fumes","floor":7},{"not_picked":["Outmaneuver","PiercingWail"],"picked":"Deflect","floor":12},{"not_picked":["Underhanded Strike","Poisoned Stab"],"picked":"Backflip","floor":13},{"not_picked":["Escape Plan","Sucker Punch"],"picked":"After Image","floor":14},{"not_picked":["Night Terror","Bullet Time"],"picked":"Storm of Steel","floor":16},{"not_picked":["Distraction","Underhanded Strike"],"picked":"Deadly Poison","floor":18},{"not_picked":["Blade Dance","Distraction"],"picked":"Underhanded Strike","floor":19},{"not_picked":["Blur","Infinite Blades"],"picked":"Escape Plan","floor":20},{"not_picked":["Heel Hook","Reflex"],"picked":"Dash","floor":22},{"not_picked":["Predator","Deflect","Finisher"],"picked":"Singing Bowl","floor":28},{"not_picked":["Prepared","Dagger Spray","Deadly Poison"],"picked":"Singing Bowl","floor":29},{"not_picked":["Cloak And Dagger","Distraction","Dagger Throw"],"picked":"Singing Bowl","floor":30}],"player_experience":1357984,"relics_obtained":[{"floor":7,"key":"Potion Belt"},{"floor":9,"key":"Oddly Smooth Stone"},{"floor":14,"key":"Ninja Scroll"},{"floor":22,"key":"Red Mask"},{"floor":26,"key":"Singing Bowl"}],"event_choices":[{"damage_healed":0,"gold_gain":0,"player_choice":"Grow","damage_taken":0,"max_hp_gain":0,"max_hp_loss":0,"event_name":"Living Wall","floor":2,"gold_loss":0,"cards_upgraded":["Predator"]},{"damage_healed":0,"gold_gain":0,"player_choice":"Trade","damage_taken":0,"relics_obtained":["SsserpentHead"],"max_hp_gain":0,"max_hp_loss":0,"event_name":"FaceTrader","floor":4,"gold_loss":0},{"damage_healed":0,"gold_gain":0,"player_choice":"Donut","damage_taken":0,"max_hp_gain":5,"max_hp_loss":0,"event_name":"Big Fish","floor":10,"gold_loss":0},{"damage_healed":0,"gold_gain":0,"cards_transformed":["Strike_G"],"player_choice":"Transformed","damage_taken":0,"max_hp_gain":0,"max_hp_loss":0,"event_name":"Transmorgrifier","floor":11,"gold_loss":0,"cards_obtained":["Phantasmal Killer"]},{"damage_healed":0,"gold_gain":0,"player_choice":"Fought Bandits","damage_taken":0,"max_hp_gain":0,"max_hp_loss":0,"event_name":"Masked Bandits","floor":22,"gold_loss":0},{"damage_healed":0,"gold_gain":0,"player_choice":"Opened","damage_taken":0,"relics_obtained":["Ancient Tea Set"],"max_hp_gain":0,"max_hp_loss":0,"event_name":"The Mausoleum","floor":24,"gold_loss":0}],"is_beta":false,"boss_relics":[{"not_picked":["Tiny House","Ring of the Serpent"],"picked":"Sozu"}],"items_purged_floors":[],"is_endless":false,"potions_floor_spawned":[1,7,14,19,30],"killed_by":"Cultist and Chosen","ascension_level":12}