{"gold_per_floor":[112,112,131,144,160,193,210,210,237,257,277,6,32,46,46,147,147,158,158,72,84,84],"floor_reached":22,"playtime":2531,"items_purged":[],"score":200,"play_id":"db08f860-4a53-4af8-a117-b47c6232330a","local_time":"20190614100403","is_ascension_mode":false,"campfire_choices":[{"floor":8,"key":"REST"},{"data":"Fire Breathing","floor":15,"key":"SMITH"}],"neow_cost":"NONE","seed_source_timestamp":49995911737486,"circlet_count":0,"master_deck":["Strike_R+1","Strike_R+1","Strike_R+1","Strike_R+1","Defend_R+1","Defend_R+1","Defend_R+1","Defend_R+1","Bash","Trip","Fire Breathing+1","Twin Strike","Armaments","Fire Breathing","Iron Wave","Metallicize","Berserk","Berserk","Blood for Blood","Deep Breath","Whirlwind+1"],"relics":["Burning Blood","Sundial","Boot","Lee\u0027s Waffle","Dream Catcher","Lizard Tail"],"potions_floor_usage":[],"damage_taken":[{"damage":1,"enemies":"Cultist","floor":1,"turns":3},{"damage":2,"enemies":"2 Louse","floor":3,"turns":3},{"damage":10,"enemies":"Small Slimes","floor":4,"turns":5},{"damage":5,"enemies":"Looter","floor":5,"turns":3},{"damage":36,"enemies":"Gremlin Nob","floor":6,"turns":5},{"damage":17,"enemies":"3 Louse","floor":7,"turns":4},{"damage":13,"enemies":"Exordium Wildlife","floor":10,"turns":5},{"damage":13,"enemies":"2 Fungi Beasts","floor":11,"turns":4},{"damage":33,"enemies":"Lagavulin","floor":13,"turns":7},{"damage":0,"enemies":"3 Louse","floor":14,"turns":3},{"damage":57,"enemies":"The Guardian","floor":16,"turns":14},{"damage":35,"enemies":"Shell Parasite","floor":18,"turns":7},{"damage":31,"enemies":"3 Byrds","floor":21,"turns":5},{"damage":36,"enemies":"Colosseum Slavers","floor":22,"turns":4},{"damage":54,"enemies":"Colosseum Nobs","floor":22,"turns":5}],"seed_played":"-4292790461227918863","potions_obtained":[{"floor":3,"key":"EssenceOfSteel"},{"floor":4,"key":"Ancient Potion"},{"floor":5,"key":"GamblersBrew"},{"floor":10,"key":"LiquidBronze"}],"is_trial":false,"path_per_floor":["M","?","M","M","M","E","M","R","T","M","M","$","E","M","R","B",null,"M","?","$","M","?"],"character_chosen":"IRONCLAD","items_purchased":["Lee\u0027s Waffle","Metallicize","Deep Breath"],"campfire_rested":1,"item_purchase_floors":[12,12,20],"current_hp_per_floor":[80,80,80,76,77,47,36,60,60,53,46,87,60,66,66,15,87,58,58,58,33,0],"gold":84,"neow_bonus":"RANDOM_COLORLESS","is_prod":false,"is_daily":false,"chose_seed":false,"campfire_upgraded":1,"win_rate":0.0,"timestamp":1560499443,"path_taken":["M","?","M","M","?","E","M","R","T","M","M","$","E","M","R","BOSS","M","?","$","M","?"],"build_version":"2019-01-23","purchased_purges":0,"victory":false,"max_hp_per_floor":[80,80,80,80,80,80,80,80,80,80,80,87,87,87,87,87,87,87,87,87,87,87],"card_choices":[{"not_picked":["Evolve","Heavy Blade"],"picked":"Fire Breathing","floor":1},{"not_picked":["Wild Strike","Infernal Blade","Clash"],"picked":"SKIP","floor":3},{"not_picked":["Anger","Wild Strike"],"picked":"Twin Strike","floor":4},{"not_picked":["Warcry","Cleave"],"picked":"Armaments","floor":5},{"not_picked":["Uppercut","Inflame"],"picked":"Fire Breathing","floor":6},{"not_picked":["Flex","True Grit","Rupture"],"picked":"SKIP","floor":7},{"not_picked":["Wild Strike","Warcry","Disarm"],"picked":"SKIP","floor":10},{"not_picked":["Searing Blow","Inflame"],"picked":"Iron Wave","floor":11},{"not_picked":["Warcry","Flex"],"picked":"Berserk","floor":13},{"not_picked":["Power Through","Hemokinesis","Wild Strike"],"picked":"SKIP","floor":14},{"not_picked":["Juggernaut","Fiend Fire"],"picked":"Berserk","floor":16},{"not_picked":["Body Slam","Clash"],"picked":"Blood for Blood","floor":18},{"not_picked":["Anger","Flex"],"picked":"Whirlwind+1","floor":21}],"player_experience":33855,"relics_obtained":[{"floor":6,"key":"Sundial"},{"floor":9,"key":"Boot"},{"floor":13,"key":"Dream Catcher"}],"event_choices":[{"cards_removed":["Strike_R"],"damage_healed":0,"gold_gain":0,"player_choice":"Purged","damage_taken":0,"max_hp_gain":0,"max_hp_loss":0,"event_name":"Purifier","floor":2,"gold_loss":0},{"damage_healed":0,"gold_gain":0,"player_choice":"Simplicity","damage_taken":0,"max_hp_gain":0,"max_hp_loss":0,"event_name":"Back to Basics","floor":19,"gold_loss":0,"cards_upgraded":["Strike_R","Strike_R","Strike_R","Strike_R","Defend_R","Defend_R","Defend_R","Defend_R"]},{"damage_healed":0,"gold_gain":0,"player_choice":"Fight","damage_taken":0,"max_hp_gain":0,"max_hp_loss":0,"event_name":"Colosseum","floor":22,"gold_loss":0},{"damage_healed":0,"gold_gain":0,"player_choice":"Fought Nobs","damage_taken":0,"max_hp_gain":0,"max_hp_loss":0,"event_name":"Colosseum","floor":22,"gold_loss":0}],"is_beta":false,"boss_relics":[{"not_picked":["Coffee Dripper","Ectoplasm"],"picked":"Lizard Tail"}],"items_purged_floors":[],"is_endless":false,"potions_floor_spawned":[3,4,5,10,14,18],"killed_by":"Colosseum Nobs","ascension_level":0}