{"gold_per_floor":[114,134,209,224,399,399,432,432,432,30,30,45,76,96,96,192,192],"floor_reached":17,"playtime":1492,"items_purged":[],"score":256,"play_id":"ae83517b-8f43-4b0f-9fd5-7e24a84108bc","local_time":"20190424215918","is_ascension_mode":true,"campfire_choices":[{"data":"Wraith Form v2","floor":6,"key":"SMITH"},{"floor":11,"key":"REST"},{"data":"Poisoned Stab","floor":15,"key":"SMITH"}],"neow_cost":"NONE","seed_source_timestamp":1297932987489946,"circlet_count":0,"master_deck":["AscendersBane","Defend_G","Defend_G","Defend_G","Defend_G","Defend_G","Strike_G","Strike_G","Strike_G","Strike_G","Strike_G","Survivor","Neutralize","Wraith Form v2+1","Infinite Blades","Poisoned Stab+1","Well Laid Plans","Flying Knee","Flying Knee","Backflip","Expertise"],"relics":["Ring of the Snake","Matryoshka","Boot","Ornamental Fan","Pear","Snake Skull","Regal Pillow"],"potions_floor_usage":[7],"damage_taken":[{"damage":0,"enemies":"Jaw Worm","floor":1,"turns":7},{"damage":2,"enemies":"2 Louse","floor":2,"turns":4},{"damage":1,"enemies":"Cultist","floor":4,"turns":4},{"damage":23,"enemies":"Lagavulin","floor":7,"turns":10},{"damage":1,"enemies":"Blue Slaver","floor":12,"turns":4},{"damage":1,"enemies":"Gremlin Nob","floor":13,"turns":5},{"damage":2,"enemies":"Gremlin Gang","floor":14,"turns":5},{"damage":42,"enemies":"The Guardian","floor":16,"turns":13}],"seed_played":"1316785636790012489","potions_obtained":[{"floor":4,"key":"SteroidPotion"},{"floor":13,"key":"FearPotion"},{"floor":16,"key":"Regen Potion"}],"is_trial":false,"path_per_floor":["M","M","?","M","?","R","E","?","T","$","R","M","E","M","R","B",null],"character_chosen":"THE_SILENT","items_purchased":["Pear","Snake Skull"],"campfire_rested":1,"item_purchase_floors":[10,10],"current_hp_per_floor":[63,61,50,49,49,49,26,26,26,36,60,59,58,56,56,14,14],"gold":192,"neow_bonus":"ONE_RANDOM_RARE_CARD","is_prod":false,"is_daily":false,"chose_seed":false,"campfire_upgraded":2,"win_rate":0,"timestamp":1556161158,"path_taken":["M","M","?","M","?","R","E","?","T","$","R","M","E","?","R","BOSS"],"build_version":"2019-01-23","purchased_purges":0,"victory":false,"max_hp_per_floor":[70,70,70,70,70,70,70,70,70,80,80,80,80,80,80,80,80],"card_choices":[{"not_picked":["Cloak And Dagger","Acrobatics"],"picked":"Infinite Blades","floor":1},{"not_picked":["Quick Slash","Flying Knee"],"picked":"Poisoned Stab","floor":2},{"not_picked":["Underhanded Strike","All Out Attack"],"picked":"Well Laid Plans","floor":4},{"not_picked":["Acrobatics","Dagger Spray"],"picked":"Flying Knee","floor":7},{"not_picked":["Dagger Spray","PiercingWail"],"picked":"Flying Knee","floor":12},{"not_picked":["Cloak And Dagger","Bane"],"picked":"Backflip","floor":13},{"not_picked":["PiercingWail","Underhanded Strike"],"picked":"Expertise","floor":14}],"player_experience":1344438,"relics_obtained":[{"floor":7,"key":"Matryoshka"},{"floor":9,"key":"Boot"},{"floor":9,"key":"Ornamental Fan"},{"floor":13,"key":"Regal Pillow"}],"event_choices":[{"damage_healed":0,"gold_gain":75,"player_choice":"Gather Gold","damage_taken":11,"max_hp_gain":0,"max_hp_loss":0,"event_name":"World of Goop","floor":3,"gold_loss":0},{"damage_healed":0,"gold_gain":175,"player_choice":"AGREE","damage_taken":0,"max_hp_gain":0,"max_hp_loss":0,"event_name":"Liars Game","floor":5,"gold_loss":0,"cards_obtained":["Doubt"]},{"cards_removed":["Doubt"],"damage_healed":0,"gold_gain":0,"player_choice":"Purged","damage_taken":0,"max_hp_gain":0,"max_hp_loss":0,"event_name":"Purifier","floor":8,"gold_loss":0}],"is_beta":false,"boss_relics":[],"items_purged_floors":[],"is_endless":false,"potions_floor_spawned":[4,13,16],"ascension_level":11}