{"gold_per_floor":[117,117,131,148,168,200,200,200,226,236,88,106,61,80,80,180,180,180],"floor_reached":18,"playtime":1330,"items_purged":[],"score":189,"play_id":"9699a61d-05c1-43a8-b8a3-a380a349a946","local_time":"20181127141409","is_ascension_mode":false,"campfire_choices":[{"data":"Metallicize","floor":8,"key":"SMITH"},{"data":"Bash","floor":15,"key":"SMITH"}],"neow_cost":"NONE","seed_source_timestamp":624801069795200,"circlet_count":0,"master_deck":["Strike_R","Strike_R","Strike_R","Strike_R","Strike_R","Defend_R","Defend_R","Defend_R","Defend_R","Bash+1","Cleave","Rampage+1","Cleave","Metallicize+1","Ghostly Armor","Dropkick","Headbutt","Headbutt","Barricade"],"relics":["Burning Blood","Ancient Tea Set","Red Skull","Strawberry","Velvet Choker"],"potions_floor_usage":[6,10,16],"damage_taken":[{"damage":1,"enemies":"2 Louse","floor":1,"turns":4},{"damage":6,"enemies":"Cultist","floor":3,"turns":3},{"damage":0,"enemies":"Small Slimes","floor":4,"turns":4},{"damage":8,"enemies":"3 Louse","floor":5,"turns":4},{"damage":29,"enemies":"Lagavulin","floor":6,"turns":6},{"damage":2,"enemies":"Exordium Wildlife","floor":10,"turns":4},{"damage":7,"enemies":"Large Slime","floor":12,"turns":5},{"damage":0,"enemies":"3 Louse","floor":14,"turns":2},{"damage":47,"enemies":"The Guardian","floor":16,"turns":10},{"damage":10,"enemies":"Spheric Guardian","floor":18,"turns":4}],"seed_played":"-2368401152494116500","potions_obtained":[{"floor":2,"key":"Poison Potion"},{"floor":2,"key":"SneckoOil"},{"floor":2,"key":"Strength Potion"},{"floor":4,"key":"Swift Potion"},{"floor":6,"key":"Fire Potion"},{"floor":14,"key":"Strength Potion"},{"floor":16,"key":"BloodPotion"}],"is_trial":false,"path_per_floor":["M","?","M","M","M","E","?","R","T","M","$","M","$","M","R","B",null,"M"],"character_chosen":"IRONCLAD","items_purchased":["Strawberry","Headbutt"],"campfire_rested":0,"item_purchase_floors":[11,13],"current_hp_per_floor":[88,88,88,88,86,63,63,63,63,67,74,73,73,79,79,38,95,85],"gold":180,"neow_bonus":"TEN_PERCENT_HP_BONUS","is_prod":false,"is_daily":false,"chose_seed":false,"campfire_upgraded":2,"win_rate":0,"timestamp":1543349649,"path_taken":["M","?","M","?","M","E","?","R","T","M","$","M","$","M","R","BOSS","M"],"build_version":"2018-11-15","purchased_purges":0,"victory":false,"max_hp_per_floor":[88,88,88,88,88,88,88,88,88,88,95,95,95,95,95,95,95,95],"card_choices":[{"not_picked":["Clash","Anger"],"picked":"Cleave","floor":1},{"not_picked":["True Grit","Pummel"],"picked":"Rampage","floor":3},{"not_picked":["Clash","Armaments"],"picked":"Cleave","floor":4},{"not_picked":["Flex","Havoc"],"picked":"Metallicize","floor":5},{"not_picked":["Limit Break","Warcry"],"picked":"Ghostly Armor","floor":6},{"not_picked":["Warcry","Armaments","Perfected Strike"],"picked":"SKIP","floor":10},{"not_picked":["Wild Strike","Sword Boomerang"],"picked":"Dropkick","floor":12},{"not_picked":["Carnage","Anger"],"picked":"Headbutt","floor":14},{"not_picked":["Bludgeon","Limit Break"],"picked":"Barricade","floor":16}],"player_experience":1068849,"relics_obtained":[{"floor":6,"key":"Ancient Tea Set"},{"floor":9,"key":"Red Skull"}],"event_choices":[{"damage_healed":0,"gold_gain":0,"player_choice":"Got Potions","damage_taken":0,"max_hp_gain":0,"max_hp_loss":0,"event_name":"Lab","floor":2,"gold_loss":0},{"damage_healed":0,"gold_gain":0,"player_choice":"Grow","damage_taken":0,"max_hp_gain":0,"max_hp_loss":0,"event_name":"Living Wall","floor":7,"gold_loss":0,"cards_upgraded":["Rampage"]}],"is_beta":false,"boss_relics":[{"not_picked":["Mark of Pain","Runic Pyramid"],"picked":"Velvet Choker"}],"items_purged_floors":[],"is_endless":false,"potions_floor_spawned":[4,5,6,14,16],"killed_by":"Spheric Guardian","ascension_level":0}