{"gold_per_floor":[20,120,120,195,195,229,248,248,275,304,304,49,14,26,26,124,124],"floor_reached":17,"playtime":724,"items_purged":[],"score":161,"play_id":"2632acbd-cd3d-46af-89e0-f5eeed8cab33","local_time":"20190619094822","is_ascension_mode":false,"campfire_choices":[{"floor":15,"key":"REST"}],"neow_cost":"NO_GOLD","seed_source_timestamp":179082285180575,"circlet_count":0,"master_deck":["Strike_B+1","Strike_B","Strike_B+1","Defend_B","Defend_B","Defend_B","Defend_B","Zap","Dualcast","Ball Lightning","Gash","Gash+1","BootSequence","Go for the Eyes+1","Leap","Beam Cell+1"],"relics":["Cracked Core","Incense Burner","Whetstone","Boot","Juzu Bracelet","Molten Egg 2","Gremlin Horn","Orrery"],"potions_floor_usage":[],"damage_taken":[{"damage":1,"enemies":"Jaw Worm","floor":1,"turns":3},{"damage":26,"enemies":"3 Sentries","floor":6,"turns":7},{"damage":1,"enemies":"Cultist","floor":7,"turns":3},{"damage":21,"enemies":"Lagavulin","floor":10,"turns":5},{"damage":2,"enemies":"2 Louse","floor":14,"turns":2},{"damage":36,"enemies":"Hexaghost","floor":16,"turns":9}],"seed_played":"4786438265902704726","potions_obtained":[{"floor":6,"key":"Strength Potion"},{"floor":7,"key":"EssenceOfSteel"}],"is_trial":false,"path_per_floor":["M","?","$","?","?","E","M","?","T","E","?","$","?","M","R","B",null],"character_chosen":"DEFECT","items_purchased":["Gremlin Horn"],"campfire_rested":1,"item_purchase_floors":[12],"current_hp_per_floor":[74,74,74,63,56,30,29,26,26,5,5,5,23,21,43,7,7],"gold":124,"neow_bonus":"ONE_RARE_RELIC","is_prod":false,"is_daily":false,"chose_seed":false,"campfire_upgraded":0,"win_rate":0,"timestamp":1560955702,"path_taken":["M","?","?","?","?","E","M","?","T","E","?","$","?","M","R","BOSS"],"build_version":"2019-01-23","purchased_purges":0,"victory":false,"max_hp_per_floor":[75,75,75,75,75,75,75,75,75,75,75,75,75,75,75,75,75],"card_choices":[{"not_picked":["Compile Driver","Melter"],"picked":"Ball Lightning","floor":1},{"not_picked":["Leap","Coolheaded"],"picked":"Gash","floor":6},{"not_picked":["Rebound","Auto Shields","Hello World"],"picked":"SKIP","floor":7},{"not_picked":["Sunder","Heatsinks","Lockon"],"picked":"SKIP","floor":10},{"not_picked":["Barrage+1","Chill"],"picked":"Gash+1","floor":14},{"not_picked":["Conserve Battery","Barrage+1"],"picked":"BootSequence","floor":17},{"not_picked":["Melter+1","Streamline+1"],"picked":"Go for the Eyes+1","floor":17},{"not_picked":["Undo","Steam"],"picked":"Leap","floor":17},{"not_picked":["Darkness","Creative AI"],"picked":"Beam Cell+1","floor":17}],"player_experience":1477499,"relics_obtained":[{"floor":6,"key":"Whetstone"},{"floor":9,"key":"Juzu Bracelet"},{"floor":10,"key":"Molten Egg 2"}],"event_choices":[{"damage_healed":0,"gold_gain":100,"player_choice":"Pray","damage_taken":0,"max_hp_gain":0,"max_hp_loss":0,"event_name":"Golden Shrine","floor":2,"gold_loss":0},{"damage_healed":0,"gold_gain":75,"player_choice":"Gather Gold","damage_taken":11,"max_hp_gain":0,"max_hp_loss":0,"event_name":"World of Goop","floor":4,"gold_loss":0},{"cards_removed":["Strike_B"],"damage_healed":0,"gold_gain":0,"player_choice":"Card Removal","damage_taken":7,"max_hp_gain":0,"max_hp_loss":0,"event_name":"Golden Wing","floor":5,"gold_loss":0},{"damage_healed":0,"gold_gain":0,"player_choice":"Success","damage_taken":3,"relics_obtained":["Boot"],"max_hp_gain":0,"max_hp_loss":0,"event_name":"Scrap Ooze","floor":8,"gold_loss":0},{"damage_healed":0,"gold_gain":0,"player_choice":"Ignored","damage_taken":0,"max_hp_gain":0,"max_hp_loss":0,"event_name":"Shining Light","floor":11,"gold_loss":0},{"damage_healed":18,"gold_gain":0,"player_choice":"Healed","damage_taken":0,"max_hp_gain":0,"max_hp_loss":0,"event_name":"The Cleric","floor":13,"gold_loss":35}],"is_beta":false,"boss_relics":[{"not_picked":["Philosopher\u0027s Stone","Velvet Choker"],"picked":"Orrery"}],"items_purged_floors":[],"is_endless":false,"potions_floor_spawned":[6,7],"ascension_level":0}