{"gold_per_floor":[112,112,123,140,154,189,9,41,41,58,72,100,100,110,110,214,214,228,239,239,254,271,271,271,9,56,56,75,75,86,100,100,100],"floor_reached":33,"playtime":2582,"items_purged":[],"score":273,"play_id":"1c418181-5176-4427-8632-f5ce64d755d6","local_time":"20190703001133","is_ascension_mode":false,"campfire_choices":[{"data":"True Grit","floor":13,"key":"SMITH"},{"floor":15,"key":"RECALL"},{"data":"Barricade","floor":23,"key":"SMITH"},{"data":"Body Slam","floor":27,"key":"SMITH"},{"data":"Berserk","floor":29,"key":"SMITH"},{"data":"Flame Barrier","floor":32,"key":"SMITH"}],"neow_cost":"NONE","seed_source_timestamp":0,"circlet_count":0,"master_deck":["Strike_R","Strike_R+1","Strike_R","Strike_R","Strike_R","Defend_R","Defend_R","Defend_R","Defend_R","Bash","Heavy Blade+1","Flame Barrier+1","Immolate","Shrug It Off","Reckless Charge","Flex","Body Slam+1","Rampage","True Grit+1","Shrug It Off","Headbutt","Berserk+1","Shrug It Off","Barricade+1","Armaments+1","Perfected Strike+1","Headbutt","Reckless Charge","Blood for Blood"],"special_seed":0,"relics":["Burning Blood","Centennial Puzzle","Regal Pillow","Whetstone","Sundial","Pocketwatch","Eternal Feather","Gremlin Horn"],"potions_floor_usage":[16,22,33],"damage_taken":[{"damage":2.0,"enemies":"2 Louse","floor":1.0,"turns":3.0},{"damage":1.0,"enemies":"Cultist","floor":3.0,"turns":3.0},{"damage":2.0,"enemies":"Small Slimes","floor":4.0,"turns":4.0},{"damage":0.0,"enemies":"2 Fungi Beasts","floor":5.0,"turns":2.0},{"damage":30.0,"enemies":"Gremlin Nob","floor":6.0,"turns":5.0},{"damage":15.0,"enemies":"3 Sentries","floor":8.0,"turns":6.0},{"damage":5.0,"enemies":"Lots of Slimes","floor":10.0,"turns":2.0},{"damage":7.0,"enemies":"Large Slime","floor":11.0,"turns":5.0},{"damage":12,"enemies":"Gremlin Nob","floor":12,"turns":4},{"damage":0,"enemies":"2 Fungi Beasts","floor":14,"turns":3},{"damage":14,"enemies":"Hexaghost","floor":16,"turns":9},{"damage":9,"enemies":"3 Byrds","floor":18,"turns":5},{"damage":17,"enemies":"Chosen","floor":19,"turns":4},{"damage":0,"enemies":"Centurion and Healer","floor":21,"turns":6},{"damage":27,"enemies":"Cultist and Chosen","floor":22,"turns":7},{"damage":32,"enemies":"Chosen and Byrds","floor":28,"turns":6},{"damage":15,"enemies":"3 Cultists","floor":30,"turns":5},{"damage":24,"enemies":"Snecko","floor":31,"turns":5},{"damage":65,"enemies":"Collector","floor":33,"turns":6}],"seed_played":"5585748512911577734","potions_obtained":[{"floor":1.0,"key":"FearPotion"},{"floor":5.0,"key":"Weak Potion"},{"floor":6.0,"key":"Ancient Potion"},{"floor":18,"key":"Block Potion"},{"floor":30,"key":"Dexterity Potion"}],"is_trial":false,"path_per_floor":["M","?","M","M","M","E","$","E","T","M","M","E","R","M","R","B",null,"M","M","?","M","M","R","?","$","T","R","M","R","M","M","R","B"],"character_chosen":"IRONCLAD","items_purchased":["Regal Pillow","Flex","Gremlin Horn"],"campfire_rested":0,"item_purchase_floors":[7,7,25],"current_hp_per_floor":[88,88,88,88,88,64,64,55,55,56,55,49,49,55,55,47,88,85,74,74,80,59,74,88,88,88,88,62,77,68,50,65,0],"gold":100,"neow_bonus":"TEN_PERCENT_HP_BONUS","is_prod":false,"is_daily":false,"chose_seed":false,"campfire_upgraded":5,"win_rate":0,"timestamp":1562105493,"path_taken":["M","?","M","M","M","E","$","E","T","M","?","E","R","M","R","BOSS","M","M","?","M","M","R","?","$","T","R","M","R","?","M","R","BOSS"],"build_version":"2019-07-01","purchased_purges":0,"victory":false,"max_hp_per_floor":[88,88,88,88,88,88,88,88,88,88,88,88,88,88,88,88,88,88,88,88,88,88,88,88,88,88,88,88,88,88,88,88,88],"card_choices":[{"not_picked":["Rupture","Flex"],"picked":"Heavy Blade","floor":1.0},{"not_picked":["Cleave","Spot Weakness"],"picked":"Flame Barrier","floor":3.0},{"not_picked":["Armaments","Anger"],"picked":"Immolate","floor":4.0},{"not_picked":["Rupture","Armaments"],"picked":"Shrug It Off","floor":5.0},{"not_picked":["Perfected Strike","Clothesline"],"picked":"Reckless Charge","floor":6.0},{"not_picked":["Pummel","Iron Wave"],"picked":"Body Slam","floor":8.0},{"not_picked":["True Grit","Pommel Strike"],"picked":"Rampage","floor":10.0},{"not_picked":["Heavy Blade","Rampage"],"picked":"True Grit","floor":11},{"not_picked":["Clothesline","Wild Strike"],"picked":"Shrug It Off","floor":12},{"not_picked":["Intimidate","True Grit"],"picked":"Headbutt","floor":14},{"not_picked":["Brutality","Bludgeon"],"picked":"Berserk","floor":16},{"not_picked":["Body Slam","Cleave"],"picked":"Shrug It Off","floor":18},{"not_picked":["Spot Weakness","Wild Strike"],"picked":"Barricade","floor":19},{"not_picked":["Infernal Blade","Cleave"],"picked":"Armaments+1","floor":21},{"not_picked":["Iron Wave","Thunderclap+1"],"picked":"Perfected Strike+1","floor":22},{"not_picked":["Corruption","Cleave+1"],"picked":"Headbutt","floor":28},{"not_picked":["Body Slam","Intimidate"],"picked":"Reckless Charge","floor":30},{"not_picked":["Clothesline","Wild Strike+1"],"picked":"Blood for Blood","floor":31}],"player_experience":144418,"relics_obtained":[{"floor":6.0,"key":"Centennial Puzzle"},{"floor":8.0,"key":"Whetstone"},{"floor":9.0,"key":"Sundial"},{"floor":12,"key":"Pocketwatch"}],"event_choices":[{"damage_healed":0.0,"max_hp_gain":0.0,"max_hp_loss":0.0,"gold_gain":0.0,"event_name":"NoteForYourself","player_choice":"Ignored","floor":2.0,"gold_loss":0.0,"damage_taken":0.0},{"damage_healed":0,"gold_gain":0,"player_choice":"Ignored","damage_taken":0,"max_hp_gain":0,"max_hp_loss":0,"event_name":"Ghosts","floor":20,"gold_loss":0},{"damage_healed":14,"gold_gain":0,"player_choice":"Full Heal","damage_taken":0,"max_hp_gain":0,"max_hp_loss":0,"event_name":"Wheel of Change","floor":24,"gold_loss":0}],"is_beta":false,"boss_relics":[{"not_picked":["Tiny House","Calling Bell"],"picked":"Eternal Feather"}],"items_purged_floors":[],"is_endless":false,"potions_floor_spawned":[1,5,6,14,18,30,31],"killed_by":"Collector","ascension_level":0}