{"gold_per_floor":[363,380,27,42,42,42,70,70,370,400,400,400,418,438,438,515,515,529,543,559,38,38,72,72,90,90,122,122,156,156,171,171,248,248,263,163,176,226,241,241,266,266,266,286,313,313,323,355,355,355,355,355,355,103,133,133],"floor_reached":57,"playtime":3885,"items_purged":["Strike_B","Strike_B"],"score":2895,"play_id":"aa026201-5025-475f-a807-584bce9d8feb","local_time":"20190704001059","is_ascension_mode":true,"campfire_choices":[{"data":"Zap","floor":6,"key":"SMITH"},{"floor":8,"key":"REST"},{"data":"Defragment","floor":11,"key":"SMITH"},{"floor":12,"key":"REST"},{"data":"Doom and Gloom","floor":15,"key":"SMITH"},{"floor":24,"key":"REST"},{"floor":28,"key":"REST"},{"floor":30,"key":"REST"},{"floor":32,"key":"RECALL"},{"floor":40,"key":"REST"},{"floor":42,"key":"REST"},{"floor":49,"key":"REST"},{"floor":53,"key":"REST"}],"neow_cost":"PERCENT_DAMAGE","seed_source_timestamp":31955965449603,"circlet_count":0,"master_deck":["AscendersBane","Strike_B","Defend_B","Defend_B","Defend_B","Defend_B","Zap+1","Dualcast","Steam","Defragment+1","Compile Driver","Doom and Gloom+1","Compile Driver","Cold Snap","Fission","Cold Snap","Chill","Defragment","Coolheaded","Biased Cognition","Loop","BootSequence","Glacier","Echo Form","Compile Driver","Glacier","Loop+1","Coolheaded","Creative AI","Coolheaded+1","Core Surge","Heatsinks"],"relics":["Cracked Core","Symbiotic Virus","WingedGreaves","Old Coin","Question Card","Fusion Hammer","Runic Capacitor","PreservedInsect","Centennial Puzzle","Dead Branch","Lantern","Lizard Tail","Mummified Hand","Turnip","Bottled Tornado","Bird Faced Urn","Unceasing Top"],"potions_floor_usage":[7,16,18,23,29,51,56,56],"damage_taken":[{"damage":0,"enemies":"Cultist","floor":1,"turns":3},{"damage":1,"enemies":"Jaw Worm","floor":2,"turns":4},{"damage":4,"enemies":"Small Slimes","floor":4,"turns":3},{"damage":29,"enemies":"3 Sentries","floor":7,"turns":6},{"damage":19,"enemies":"Lagavulin","floor":10,"turns":6},{"damage":7,"enemies":"Blue Slaver","floor":13,"turns":3},{"damage":4,"enemies":"Red Slaver","floor":14,"turns":3},{"damage":11,"enemies":"Hexaghost","floor":16,"turns":9},{"damage":0,"enemies":"2 Thieves","floor":18,"turns":3},{"damage":0,"enemies":"Spheric Guardian","floor":19,"turns":4},{"damage":9,"enemies":"Snecko","floor":20,"turns":4},{"damage":0,"enemies":"Slavers","floor":23,"turns":6},{"damage":0,"enemies":"Centurion and Healer","floor":25,"turns":5},{"damage":32,"enemies":"Gremlin Leader","floor":27,"turns":4},{"damage":20,"enemies":"Slavers","floor":29,"turns":3},{"damage":0,"enemies":"Cultist and Chosen","floor":31,"turns":4},{"damage":7,"enemies":"Champ","floor":33,"turns":10},{"damage":14,"enemies":"3 Shapes","floor":35,"turns":4},{"damage":0,"enemies":"Orb Walker","floor":37,"turns":4},{"damage":0,"enemies":"Maw","floor":39,"turns":10},{"damage":6,"enemies":"Nemesis","floor":41,"turns":11},{"damage":1,"enemies":"Jaw Worm Horde","floor":44,"turns":3},{"damage":0,"enemies":"Giant Head","floor":45,"turns":6},{"damage":8,"enemies":"Transient","floor":47,"turns":6},{"damage":30,"enemies":"Reptomancer","floor":48,"turns":5},{"damage":14,"enemies":"Donu and Deca","floor":50,"turns":10},{"damage":4,"enemies":"Awakened One","floor":51,"turns":13},{"damage":13,"enemies":"Shield and Spear","floor":55,"turns":9},{"damage":10,"enemies":"The Heart","floor":56,"turns":8}],"seed_played":"-6513994600991981522","potions_obtained":[{"floor":1,"key":"LiquidBronze"},{"floor":4,"key":"GamblersBrew"},{"floor":13,"key":"Ancient Potion"},{"floor":14,"key":"SkillPotion"},{"floor":18,"key":"SkillPotion"},{"floor":19,"key":"SkillPotion"},{"floor":22,"key":"FocusPotion"},{"floor":27,"key":"EssenceOfSteel"},{"floor":29,"key":"Strength Potion"},{"floor":31,"key":"PowerPotion"}],"is_trial":false,"path_per_floor":["M","M","$","M","$","R","E","R","T","E","R","R","M","M","R","B",null,"M","M","M","$","?","E","R","M","T","E","R","E","R","M","R","B",null,"M","$","M","?","M","R","E","R","T","M","E","?","M","E","R","B","B",null,"R","$","E","B",null],"character_chosen":"DEFECT","items_purchased":["Symbiotic Virus","Runic Capacitor","PreservedInsect","Defragment","Coolheaded","Core Surge","Ancient Potion"],"campfire_rested":9,"item_purchase_floors":[3,21,21,21,21,54,54],"current_hp_per_floor":[46,45,45,41,41,41,12,33,33,14,14,35,28,24,24,13,57,57,57,48,48,48,48,69,69,69,37,58,38,59,59,59,52,66,52,52,52,45,45,66,60,71,71,70,70,70,62,32,53,71,71,71,71,71,71,71],"gold":133,"neow_bonus":"TWO_FIFTY_GOLD","is_prod":false,"is_daily":false,"chose_seed":false,"campfire_upgraded":3,"win_rate":0,"timestamp":1562191859,"path_taken":["M","M","$","M","?","R","E","R","T","E","R","R","M","M","R","BOSS","M","M","M","$","?","E","R","M","T","E","R","E","R","?","R","BOSS","M","$","M","?","M","R","E","R","T","?","E","?","M","E","R","BOSS","BOSS","R","$","E","BOSS"],"build_version":"2019-07-01","purchased_purges":2,"victory":true,"max_hp_per_floor":[71,71,71,71,71,71,71,71,71,71,71,71,71,71,71,71,71,71,71,71,71,71,71,71,71,71,71,71,71,71,71,71,71,71,71,71,71,71,71,71,71,71,71,71,71,71,71,71,71,71,71,71,71,71,71,71],"card_choices":[{"not_picked":["Heatsinks","Stack"],"picked":"Steam","floor":1},{"not_picked":["Steam","Compile Driver"],"picked":"Defragment","floor":2},{"not_picked":["Barrage","Go for the Eyes"],"picked":"Compile Driver","floor":4},{"not_picked":["Machine Learning","Blizzard","Beam Cell"],"picked":"SKIP","floor":7},{"not_picked":["Hologram","Skim"],"picked":"Doom and Gloom","floor":10},{"not_picked":["Rebound","Leap","Redo"],"picked":"Compile Driver","floor":13},{"not_picked":["Scrape","Redo","Streamline"],"picked":"Cold Snap","floor":14},{"not_picked":["Reboot","Meteor Strike","Amplify"],"picked":"Fission","floor":16},{"not_picked":["Reinforced Body","Streamline+1","Lockon+1"],"picked":"Cold Snap","floor":18},{"not_picked":["Auto Shields","Barrage","Cold Snap","Streamline"],"picked":"SKIP","floor":19},{"not_picked":["Blizzard+1","Cold Snap","Consume"],"picked":"Chill","floor":20},{"not_picked":["Sweeping Beam","Lockon+1","Rebound+1","Turbo"],"picked":"SKIP","floor":23},{"not_picked":["Conserve Battery","Steam","Compile Driver"],"picked":"Biased Cognition","floor":25},{"not_picked":["Auto Shields","Undo","Cold Snap"],"picked":"Loop","floor":27},{"not_picked":["Fission","Steam","Biased Cognition"],"picked":"BootSequence","floor":29},{"not_picked":["Conserve Battery","Gash","Rip and Tear"],"picked":"Glacier","floor":31},{"not_picked":["Biased Cognition","Meteor Strike","Rainbow"],"picked":"Echo Form","floor":33},{"not_picked":["Conserve Battery","Leap","Sunder"],"picked":"Compile Driver","floor":35},{"not_picked":["Steam","Cold Snap+1","Darkness+1"],"picked":"Glacier","floor":37},{"not_picked":["Beam Cell","Static Discharge","Storm","BootSequence"],"picked":"SKIP","floor":39},{"not_picked":["Undo","Recycle","Cold Snap"],"picked":"Loop+1","floor":41},{"not_picked":["Machine Learning","FTL","Lockon+1"],"picked":"Coolheaded","floor":44},{"not_picked":["Undo","FTL","Compile Driver"],"picked":"Creative AI","floor":45},{"not_picked":["Hologram","Turbo+1","Steam"],"picked":"Coolheaded+1","floor":47},{"not_picked":["Fusion","Hologram","Stack+1","Barrage"],"picked":"SKIP","floor":48},{"not_picked":["Blizzard","Meteor Strike","Conserve Battery"],"picked":"Heatsinks","floor":55}],"player_experience":1467537,"relics_obtained":[{"floor":7,"key":"WingedGreaves"},{"floor":9,"key":"Old Coin"},{"floor":10,"key":"Question Card"},{"floor":23,"key":"Centennial Puzzle"},{"floor":27,"key":"Dead Branch"},{"floor":29,"key":"Lantern"},{"floor":41,"key":"Mummified Hand"},{"floor":43,"key":"Turnip"},{"floor":45,"key":"Bottled Tornado"},{"floor":48,"key":"Bird Faced Urn"},{"floor":55,"key":"Unceasing Top"}],"event_choices":[{"damage_healed":0,"gold_gain":0,"player_choice":"Got Potions","damage_taken":0,"max_hp_gain":0,"max_hp_loss":0,"event_name":"Lab","floor":22,"gold_loss":0},{"damage_healed":0,"gold_gain":50,"player_choice":"Touch","damage_taken":7,"max_hp_gain":0,"max_hp_loss":0,"event_name":"FaceTrader","floor":38,"gold_loss":0},{"cards_removed":["Strike_B"],"damage_healed":0,"gold_gain":0,"player_choice":"Removed Attack","damage_taken":0,"max_hp_gain":0,"max_hp_loss":0,"event_name":"Falling","floor":46,"gold_loss":0}],"is_beta":false,"boss_relics":[{"not_picked":["Astrolabe","Ectoplasm"],"picked":"Fusion Hammer"},{"not_picked":["Pandora\u0027s Box","Tiny House"],"picked":"Lizard Tail"}],"items_purged_floors":[3,36],"is_endless":false,"potions_floor_spawned":[1,4,13,14,18,19,27,29,31,35,39,45,55],"ascension_level":20}