{"gold_per_floor":[113,113,130,148,48,80,80,105,105,121,121,121,146,146,146,250,250,263,4,4,4,20,20,51,69,69,83,83,7,7,20,20,119,119,129,129,29,129,145,145,162,192,192,192],"floor_reached":44,"playtime":2813,"items_purged":["Strike_G","Shame"],"score":624,"play_id":"0e008fa7-6d82-4289-aa17-70bf369e745f","local_time":"20190701124305","is_ascension_mode":true,"campfire_choices":[{"floor":7,"key":"RECALL"},{"floor":11,"key":"REST"},{"floor":15,"key":"REST"},{"floor":23,"key":"REST"},{"data":"Noxious Fumes","floor":28,"key":"SMITH"},{"floor":32,"key":"REST"},{"floor":40,"key":"REST"}],"neow_cost":"NONE","seed_source_timestamp":1383490647356500,"circlet_count":0,"master_deck":["Defend_G+1","Defend_G+1","Defend_G+1","Defend_G+1","Defend_G+1","Strike_G+1","Strike_G+1","Survivor","Neutralize","Quick Slash","Unload","Acrobatics","Corpse Explosion","PiercingWail","Sucker Punch","Bouncing Flask","Heel Hook","Sucker Punch","After Image+1","Catalyst+1","Escape Plan","Prepared","Bane","Noxious Fumes+1","Noxious Fumes","Venomology","Madness","Madness","Escape Plan+1","Prepared"],"relics":["White Beast Statue","Gambling Chip","Torii","Dead Branch","Ornamental Fan","Philosopher\u0027s Stone","TwistedFunnel","Omamori","Calling Bell","PreservedInsect","Blue Candle","Girya","Regal Pillow","Lantern"],"potions_floor_usage":[3,6,6,8,10,13,16,24,25,27,31,33,33,39,41,42,44],"damage_taken":[{"damage":4,"enemies":"Small Slimes","floor":1,"turns":4},{"damage":0,"enemies":"Cultist","floor":3,"turns":3},{"damage":0,"enemies":"2 Louse","floor":4,"turns":3},{"damage":2,"enemies":"3 Sentries","floor":6,"turns":5},{"damage":24,"enemies":"Gremlin Nob","floor":8,"turns":5},{"damage":1,"enemies":"Red Slaver","floor":10,"turns":5},{"damage":17,"enemies":"3 Sentries","floor":13,"turns":4},{"damage":52,"enemies":"Slime Boss","floor":16,"turns":12},{"damage":13,"enemies":"2 Thieves","floor":18,"turns":2},{"damage":0,"enemies":"Chosen","floor":22,"turns":4},{"damage":3,"enemies":"Gremlin Leader","floor":24,"turns":4},{"damage":0,"enemies":"Centurion and Healer","floor":25,"turns":3},{"damage":0,"enemies":"Snecko","floor":27,"turns":3},{"damage":1,"enemies":"Snake Plant","floor":31,"turns":3},{"damage":20,"enemies":"Automaton","floor":33,"turns":7},{"damage":10,"enemies":"Orb Walker","floor":35,"turns":4},{"damage":13,"enemies":"3 Darklings","floor":39,"turns":3},{"damage":25,"enemies":"Sphere and 2 Shapes","floor":41,"turns":4},{"damage":7,"enemies":"Nemesis","floor":42,"turns":7},{"damage":33,"enemies":"4 Shapes","floor":44,"turns":1}],"seed_played":"-6639261338522295649","potions_obtained":[{"floor":1,"key":"Poison Potion"},{"floor":3,"key":"AttackPotion"},{"floor":4,"key":"Fire Potion"},{"floor":6,"key":"SpeedPotion"},{"floor":8,"key":"SpeedPotion"},{"floor":10,"key":"Strength Potion"},{"floor":13,"key":"Ancient Potion"},{"floor":16,"key":"LiquidBronze"},{"floor":18,"key":"Energy Potion"},{"floor":22,"key":"Fire Potion"},{"floor":24,"key":"SpeedPotion"},{"floor":25,"key":"SkillPotion"},{"floor":27,"key":"Block Potion"},{"floor":31,"key":"SkillPotion"},{"floor":33,"key":"Strength Potion"},{"floor":35,"key":"Strength Potion"},{"floor":39,"key":"PowerPotion"},{"floor":41,"key":"SkillPotion"}],"is_trial":false,"path_per_floor":["M","?","M","M","$","E","R","E","T","M","R","?","E","?","R","B",null,"M","$","?","?","M","R","E","M","T","M","R","$","?","M","R","B",null,"M","?","$","?","M","R","M","E","T","M"],"character_chosen":"THE_SILENT","items_purchased":["PiercingWail","TwistedFunnel","Escape Plan","Noxious Fumes"],"campfire_rested":5,"item_purchase_floors":[5,19,19,29],"current_hp_per_floor":[66,66,66,66,66,64,64,40,40,39,60,65,48,48,70,18,61,48,48,48,48,48,70,67,67,67,67,67,67,67,66,75,55,70,60,51,51,51,38,60,35,28,28,0],"gold":192,"neow_bonus":"BOSS_RELIC","is_prod":false,"is_daily":false,"chose_seed":false,"campfire_upgraded":1,"win_rate":0,"timestamp":1562010185,"path_taken":["M","?","M","?","$","E","R","E","T","M","R","?","E","?","R","BOSS","M","?","?","?","?","R","E","M","T","M","R","?","?","M","R","BOSS","M","?","$","?","M","R","M","E","T","?"],"build_version":"2019-01-23","purchased_purges":2,"victory":false,"max_hp_per_floor":[70,70,70,70,70,70,70,70,70,70,70,75,75,75,75,75,75,75,75,75,75,75,75,75,75,75,75,75,75,75,75,75,75,75,75,75,75,75,75,75,75,75,75,75],"card_choices":[{"not_picked":["Dagger Throw","Acrobatics"],"picked":"Quick Slash","floor":1},{"not_picked":["Caltrops","Underhanded Strike"],"picked":"Acrobatics","floor":3},{"not_picked":["Noxious Fumes","Predator"],"picked":"Corpse Explosion","floor":4},{"not_picked":["Dash","Dagger Spray"],"picked":"Sucker Punch","floor":6},{"not_picked":["Quick Slash","Accuracy"],"picked":"Bouncing Flask","floor":8},{"not_picked":["Finisher","Predator"],"picked":"Heel Hook","floor":10},{"not_picked":["Skewer","Acrobatics"],"picked":"Sucker Punch","floor":13},{"not_picked":["Burst","Adrenaline"],"picked":"After Image","floor":16},{"not_picked":["Bane","Choke"],"picked":"Catalyst+1","floor":18},{"not_picked":["Flechettes","Underhanded Strike","Quick Slash+1"],"picked":"SKIP","floor":22},{"not_picked":["Expertise","Blade Dance"],"picked":"Prepared","floor":24},{"not_picked":["Flechettes","Acrobatics+1"],"picked":"Bane","floor":25},{"not_picked":["Well Laid Plans","Backflip"],"picked":"Noxious Fumes","floor":27},{"not_picked":["Sucker Punch","Flying Knee","Slice"],"picked":"SKIP","floor":31},{"not_picked":["Burst","Glass Knife"],"picked":"Venomology","floor":33},{"not_picked":["Catalyst","Dodge and Roll","PiercingWail"],"picked":"SKIP","floor":35},{"not_picked":["PiercingWail","Cloak And Dagger"],"picked":"Escape Plan+1","floor":39},{"not_picked":["Dagger Spray+1","Skewer+1","Flying Knee"],"picked":"SKIP","floor":41},{"not_picked":["Dagger Throw+1","Acrobatics+1"],"picked":"Prepared","floor":42}],"player_experience":585959,"relics_obtained":[{"floor":6,"key":"Gambling Chip"},{"floor":8,"key":"Torii"},{"floor":9,"key":"Dead Branch"},{"floor":13,"key":"Ornamental Fan"},{"floor":24,"key":"Omamori"},{"floor":34,"key":"PreservedInsect"},{"floor":34,"key":"Blue Candle"},{"floor":34,"key":"Girya"},{"floor":42,"key":"Regal Pillow"},{"floor":43,"key":"Lantern"}],"event_choices":[{"damage_healed":0,"gold_gain":0,"cards_transformed":["Strike_G"],"player_choice":"Transformed","damage_taken":0,"max_hp_gain":0,"max_hp_loss":0,"event_name":"Transmorgrifier","floor":2,"gold_loss":0,"cards_obtained":["Unload"]},{"damage_healed":0,"gold_gain":0,"player_choice":"Donut","damage_taken":0,"max_hp_gain":5,"max_hp_loss":0,"event_name":"Big Fish","floor":12,"gold_loss":0},{"cards_removed":["Strike_G"],"damage_healed":0,"gold_gain":0,"player_choice":"Offered Basic","damage_taken":0,"max_hp_gain":0,"max_hp_loss":0,"event_name":"Bonfire Elementals","floor":14,"gold_loss":0},{"damage_healed":0,"gold_gain":0,"player_choice":"Simplicity","damage_taken":0,"max_hp_gain":0,"max_hp_loss":0,"event_name":"Back to Basics","floor":20,"gold_loss":0,"cards_upgraded":["Defend_G","Defend_G","Defend_G","Defend_G","Defend_G","Strike_G","Strike_G"]},{"damage_healed":0,"gold_gain":0,"player_choice":"Upgraded","damage_taken":0,"max_hp_gain":0,"max_hp_loss":0,"event_name":"Upgrade Shrine","floor":21,"gold_loss":0,"cards_upgraded":["After Image"]},{"damage_healed":0,"gold_gain":0,"player_choice":"Ignored","damage_taken":0,"max_hp_gain":0,"max_hp_loss":0,"event_name":"Beggar","floor":30,"gold_loss":0},{"damage_healed":0,"gold_gain":0,"player_choice":"Embrace Madness","damage_taken":9,"max_hp_gain":0,"max_hp_loss":0,"event_name":"Winding Halls","floor":36,"gold_loss":0,"cards_obtained":["Madness","Madness"]},{"damage_healed":0,"gold_gain":100,"player_choice":"Pray","damage_taken":0,"max_hp_gain":0,"max_hp_loss":0,"event_name":"Golden Shrine","floor":38,"gold_loss":0}],"is_beta":false,"boss_relics":[{"not_picked":["Orrery","Velvet Choker"],"picked":"Philosopher\u0027s Stone"},{"not_picked":["Sozu","Empty Cage"],"picked":"Calling Bell"}],"items_purged_floors":[5,37],"is_endless":false,"potions_floor_spawned":[1,3,4,6,8,10,13,16,18,22,24,25,27,31,33,35,39,41,42],"killed_by":"4 Shapes","ascension_level":5}