{"gold_per_floor":[118,135,210,210,220,251,107,107,107,118,102,17,17,37,37,138,138,138],"floor_reached":18,"playtime":1274,"items_purged":["Strike_B"],"score":212,"play_id":"e2d1fbac-da31-4f8a-8372-2968538ebc0f","local_time":"20180801144057","is_ascension_mode":false,"campfire_choices":[{"data":"Self Repair","floor":8,"key":"SMITH"},{"floor":13,"key":"REST"},{"floor":15,"key":"REST"}],"neow_cost":"NONE","seed_source_timestamp":3105631636530873,"circlet_count":0,"master_deck":["Strike_B","Strike_B","Strike_B","Defend_B","Defend_B","Defend_B","Defend_B","Zap","Dualcast","Ball Lightning","Machine Learning","Self Repair+1","Cold Snap","Recycle+1","Go for the Eyes","Glacier+1","Turbo+1","Skim+1","Cold Snap","Echo Form"],"relics":["Cracked Core","Dream Catcher","Turnip","Dead Branch","Toxic Egg 2"],"potions_floor_usage":[6,10,11],"damage_taken":[{"damage":1,"enemies":"Small Slimes","floor":1,"turns":3},{"damage":7,"enemies":"2 Louse","floor":2,"turns":2},{"damage":1,"enemies":"Cultist","floor":5,"turns":3},{"damage":21,"enemies":"Lagavulin","floor":6,"turns":5},{"damage":0,"enemies":"3 Louse","floor":10,"turns":1},{"damage":20,"enemies":"Exordium Thugs","floor":11,"turns":5},{"damage":21,"enemies":"Gremlin Gang","floor":14,"turns":4},{"damage":0,"enemies":"The Guardian","floor":16,"turns":11},{"damage":0,"enemies":"2 Thieves","floor":18,"turns":1}],"seed_played":"-7336597065389986660","potions_obtained":[{"floor":2,"key":"Fire Potion"},{"floor":6,"key":"Explosive Potion"},{"floor":10,"key":"EntropicBrew"},{"floor":16,"key":"Swift Potion"}],"is_trial":false,"path_per_floor":["M","M","?","?","M","E","$","R","T","M","M","$","R","M","R","B",null],"character_chosen":"DEFECT","items_purchased":["Self Repair","Go for the Eyes","Glacier+1"],"campfire_rested":2,"item_purchase_floors":[7,12,12],"current_hp_per_floor":[74,67,56,56,55,34,34,34,34,34,24,24,46,25,47,57,75,75],"gold":138,"neow_bonus":"RANDOM_COMMON_RELIC","is_prod":false,"is_daily":false,"chose_seed":false,"campfire_upgraded":1,"win_rate":0,"timestamp":1533152457,"path_taken":["M","M","?","?","?","E","?","R","T","M","?","$","R","M","R","BOSS","M"],"build_version":"2018-07-26","purchased_purges":1,"victory":false,"max_hp_per_floor":[75,75,75,75,75,75,75,75,75,75,75,75,75,75,75,75,75,75],"card_choices":[{"not_picked":["Scrape","Chaos"],"picked":"Ball Lightning","floor":1},{"not_picked":["White Noise","Barrage","Double Energy"],"picked":"SKIP","floor":2},{"not_picked":["Heatsinks","Gash"],"picked":"Machine Learning","floor":5},{"not_picked":["Scrape","Aggregate","Reprogram"],"picked":"SKIP","floor":6},{"not_picked":["Compile Driver","Heatsinks"],"picked":"Cold Snap","floor":10},{"not_picked":["Undo+1","Cold Snap"],"picked":"Recycle+1","floor":11},{"not_picked":["Doom and Gloom","Loop"],"picked":"Turbo+1","floor":13},{"not_picked":["Fusion+1","Blizzard"],"picked":"Skim+1","floor":14},{"not_picked":["Go for the Eyes","Steam+1"],"picked":"Cold Snap","floor":15},{"not_picked":["Seek+1","Creative AI"],"picked":"Echo Form","floor":16}],"player_experience":399356,"relics_obtained":[{"floor":6,"key":"Dead Branch"},{"floor":9,"key":"Toxic Egg 2"}],"event_choices":[{"event_name":"World of Goop","player_choice":"Gather Gold","floor":3,"damage_taken":0},{"event_name":"WeMeetAgain","player_choice":"Potion","floor":4,"damage_taken":0}],"is_beta":false,"boss_relics":[{"not_picked":["Philosopher\u0027s Stone","Fusion Hammer","Coffee Dripper"]}],"items_purged_floors":[7],"is_endless":false,"potions_floor_spawned":[2,6,10,16],"killed_by":"2 Thieves","ascension_level":0}