{"gold_per_floor":[117,129,139,239,249,274,274,308,353,353,387,399,416,428,428,533,533,550,568,582,582,593,624,624,624],"floor_reached":25,"playtime":1991,"items_purged":[],"score":297,"play_id":"1181e9d6-b576-4366-ab60-badc93492ae0","local_time":"20180728173222","is_ascension_mode":true,"campfire_choices":[{"data":"Flame Barrier","floor":7,"key":"SMITH"},{"floor":10,"key":"REST"},{"floor":15,"key":"REST"},{"floor":24,"key":"REST"}],"neow_cost":"NONE","seed_source_timestamp":3534218557128594,"circlet_count":0,"master_deck":["Strike_R","Strike_R","Strike_R","Strike_R","Strike_R","Defend_R","Defend_R","Defend_R","Defend_R","Bash","Twin Strike","Headbutt","Thunderclap","Flame Barrier+1","Spot Weakness","Heavy Blade","Demon Form","Cleave","Thunderclap","Headbutt+1"],"relics":["Burning Blood","Magic Flower","Mummified Hand","Strawberry","Blood Vial","Snecko Eye","Paper Frog","Prayer Wheel"],"potions_floor_usage":[8,8,12,22,22,23,25],"damage_taken":[{"damage":6,"enemies":"Cultist","floor":1,"turns":3},{"damage":6,"enemies":"Small Slimes","floor":2,"turns":6},{"damage":6,"enemies":"Jaw Worm","floor":3,"turns":4},{"damage":12,"enemies":"Red Slaver","floor":5,"turns":4},{"damage":27,"enemies":"Gremlin Nob","floor":6,"turns":4},{"damage":26,"enemies":"3 Sentries","floor":8,"turns":9},{"damage":26,"enemies":"Gremlin Nob","floor":11,"turns":5},{"damage":9,"enemies":"Lots of Slimes","floor":12,"turns":3},{"damage":14,"enemies":"Gremlin Gang","floor":13,"turns":4},{"damage":40,"enemies":"Exordium Thugs","floor":14,"turns":4},{"damage":30,"enemies":"Slime Boss","floor":16,"turns":9},{"damage":7,"enemies":"Chosen","floor":18,"turns":3},{"damage":9,"enemies":"Shell Parasite","floor":19,"turns":2},{"damage":43,"enemies":"Centurion and Healer","floor":20,"turns":4},{"damage":32,"enemies":"Cultist and Chosen","floor":22,"turns":7},{"damage":27,"enemies":"Gremlin Leader","floor":23,"turns":4},{"damage":66,"enemies":"Slavers","floor":25,"turns":4}],"seed_played":"6362256495287933858","potions_obtained":[{"floor":2,"key":"LiquidBronze"},{"floor":3,"key":"SneckoOil"},{"floor":6,"key":"Swift Potion"},{"floor":11,"key":"AttackPotion"},{"floor":12,"key":"Ancient Potion"},{"floor":20,"key":"Explosive Potion"},{"floor":22,"key":"AttackPotion"}],"is_trial":false,"path_per_floor":["M","M","M","?","M","E","R","E","T","R","E","M","M","M","R","B",null,"M","M","M","T","M","E","R"],"character_chosen":"IRONCLAD","items_purchased":[],"campfire_rested":3,"item_purchase_floors":[],"current_hp_per_floor":[88,88,88,88,82,61,61,44,51,79,62,70,68,40,69,51,98,98,98,64,64,44,29,58,0],"gold":624,"neow_bonus":"TEN_PERCENT_HP_BONUS","is_prod":false,"is_daily":false,"chose_seed":false,"campfire_upgraded":1,"win_rate":0,"timestamp":1532817142,"path_taken":["M","?","?","?","?","E","R","E","T","R","E","M","M","?","R","BOSS","M","?","?","?","M","E","R","E"],"build_version":"2018-07-26","purchased_purges":0,"victory":false,"max_hp_per_floor":[88,88,88,88,88,88,88,88,95,95,95,98,98,98,98,98,98,98,98,98,98,98,98,98,98],"card_choices":[{"not_picked":["Shrug It Off","Sword Boomerang"],"picked":"Twin Strike","floor":1},{"not_picked":["Clash","True Grit"],"picked":"Headbutt","floor":2},{"not_picked":["Reckless Charge","Body Slam"],"picked":"Thunderclap","floor":3},{"not_picked":["Perfected Strike","Sword Boomerang","Warcry"],"picked":"SKIP","floor":5},{"not_picked":["Clothesline","Infernal Blade"],"picked":"Flame Barrier","floor":6},{"not_picked":["Evolve","Clash"],"picked":"Spot Weakness","floor":8},{"not_picked":["Thunderclap","Armaments","Exhume"],"picked":"SKIP","floor":11},{"not_picked":["Iron Wave","Body Slam"],"picked":"Heavy Blade","floor":12},{"not_picked":["Second Wind","Wild Strike","True Grit"],"picked":"SKIP","floor":13},{"not_picked":["Intimidate","Reckless Charge","Armaments"],"picked":"SKIP","floor":14},{"not_picked":["Double Tap","Dark Embrace"],"picked":"Demon Form","floor":16},{"not_picked":["Uppercut+1","Armaments","Body Slam"],"picked":"SKIP","floor":18},{"not_picked":["Twin Strike","Shockwave"],"picked":"Cleave","floor":19},{"not_picked":["Iron Wave","Cleave"],"picked":"Thunderclap","floor":20},{"not_picked":["Reaper","Shrug It Off"],"picked":"Headbutt+1","floor":22},{"not_picked":["Headbutt","Shrug It Off","Reaper"],"picked":"SKIP","floor":23}],"player_experience":363687,"relics_obtained":[{"floor":6,"key":"Magic Flower"},{"floor":8,"key":"Mummified Hand"},{"floor":9,"key":"Strawberry"},{"floor":11,"key":"Blood Vial"},{"floor":21,"key":"Paper Frog"},{"floor":23,"key":"Prayer Wheel"}],"event_choices":[{"event_name":"Golden Shrine","player_choice":"Pray","floor":4,"damage_taken":0}],"is_beta":false,"boss_relics":[{"not_picked":["Runic Dome","Coffee Dripper"],"picked":"Snecko Eye"}],"items_purged_floors":[],"is_endless":false,"potions_floor_spawned":[2,3,6,11,12,20,22],"killed_by":"Slavers","ascension_level":2}