{"gold_per_floor":[109,109,122,122,147,147,161,161,161,16,27,27,46,59,59,59],"floor_reached":16,"playtime":1051,"items_purged":[],"score":92,"play_id":"0cb65751-7987-4ea9-bbc6-0cc9c3a461fc","local_time":"20180724111109","is_ascension_mode":false,"campfire_choices":[{"data":"Deflect","floor":6,"key":"SMITH"},{"data":"Dagger Spray","floor":12,"key":"SMITH"},{"data":"Leg Sweep","floor":15,"key":"SMITH"}],"neow_cost":"NONE","seed_source_timestamp":2401967185547583,"circlet_count":0,"master_deck":["Defend_G","Defend_G","Defend_G","Defend_G","Defend_G","Strike_G","Strike_G","Strike_G","Strike_G","Survivor","Neutralize","Dagger Spray+1","Deflect+1","Quick Slash","Leg Sweep+1","Outmaneuver","Dagger Spray"],"relics":["Ring of the Snake","Happy Flower","Oddly Smooth Stone","Gambling Chip","Bronze Scales"],"potions_floor_usage":[],"damage_taken":[{"damage":4,"enemies":"Cultist","floor":1,"turns":6},{"damage":0,"enemies":"2 Louse","floor":3,"turns":3},{"damage":1,"enemies":"Jaw Worm","floor":7,"turns":3},{"damage":0,"enemies":"Lots of Slimes","floor":11,"turns":2},{"damage":0,"enemies":"Looter","floor":13,"turns":3},{"damage":0,"enemies":"2 Fungi Beasts","floor":14,"turns":4},{"damage":64,"enemies":"Hexaghost","floor":16,"turns":16}],"seed_played":"-582348155189236306","potions_obtained":[{"floor":1,"key":"SteroidPotion"},{"floor":14,"key":"Weak Potion"}],"is_trial":false,"path_per_floor":["M","?","M","?","T","R","M","?","T","$","M","R","M","M","R"],"character_chosen":"THE_SILENT","items_purchased":["Bronze Scales"],"campfire_rested":0,"item_purchase_floors":[10],"current_hp_per_floor":[66,71,71,64,64,64,63,63,63,63,63,63,63,63,63,0],"gold":59,"neow_bonus":"RANDOM_COMMON_RELIC","is_prod":false,"is_daily":false,"chose_seed":false,"campfire_upgraded":3,"win_rate":0,"timestamp":1532448669,"path_taken":["M","?","?","?","?","R","M","?","T","$","M","R","M","M","R","BOSS"],"build_version":"2018-07-19v2","purchased_purges":0,"victory":false,"max_hp_per_floor":[70,75,75,75,75,75,75,75,75,75,75,75,75,75,75,75],"card_choices":[{"not_picked":["Deflect","Prepared"],"picked":"Dagger Spray","floor":1},{"not_picked":["Quick Slash","PiercingWail"],"picked":"Deflect","floor":3},{"not_picked":["PiercingWail","Bane"],"picked":"Quick Slash","floor":7},{"not_picked":["Flechettes","Unload"],"picked":"Leg Sweep","floor":11},{"not_picked":["Prepared","Poisoned Stab"],"picked":"Outmaneuver","floor":13},{"not_picked":["Dagger Throw","Flechettes"],"picked":"Dagger Spray","floor":14}],"player_experience":304990,"relics_obtained":[{"floor":5,"key":"Oddly Smooth Stone"},{"floor":9,"key":"Gambling Chip"}],"event_choices":[{"event_name":"Big Fish","player_choice":"Donut","floor":2,"damage_taken":0},{"event_name":"Golden Wing","player_choice":"Card Removal","floor":4,"damage_taken":0},{"event_name":"Match and Keep!","player_choice":"0 cards matched","floor":8,"damage_taken":0}],"is_beta":false,"boss_relics":[],"items_purged_floors":[],"is_endless":false,"potions_floor_spawned":[1,14],"killed_by":"Hexaghost","ascension_level":0}