{"gold_per_floor":[114,134,152,152,227,227,227,227,227,227,261,280,294,76,76,173,173,191,204,204,204,220,254,254,279,304,315,17,17,37,49,49,148,148,159,159,177,193,203,228,228,228],"floor_reached":42,"playtime":4407,"items_purged":["Strike_B","Shame"],"score":589,"play_id":"e2df8489-03f0-4574-9e4d-3df1a67bd2aa","local_time":"20181108010740","is_ascension_mode":true,"campfire_choices":[{"floor":6,"key":"REST"},{"floor":8,"key":"REST"},{"data":"Zap","floor":10,"key":"SMITH"},{"floor":15,"key":"REST"},{"floor":24,"key":"REST"},{"floor":29,"key":"REST"},{"floor":32,"key":"REST"},{"floor":41,"key":"REST"}],"neow_cost":"PERCENT_DAMAGE","seed_source_timestamp":312104251883852,"circlet_count":0,"master_deck":["Strike_B","Defend_B","Defend_B","Defend_B","Zap+1","Dualcast","BootSequence","Cold Snap","Ball Lightning","Reboot","Coolheaded","Sunder","Machine Learning","Chaos+1","Consume","Force Field","Melter","Streamline+1","Conserve Battery","Doom and Gloom+1","Buffer","Defragment+1","Turbo","Defragment+1"],"relics":["Cracked Core","Thread and Needle","Matryoshka","Bag of Marbles","Black Star","Centennial Puzzle","Symbiotic Virus","Bottled Lightning","Dodecahedron","Pear","DataDisk","Anchor","Regal Pillow","Nuclear Battery","NlothsMask","Happy Flower","Bronze Scales"],"potions_floor_usage":[16,23,25,25,33,33,39,40,40,42],"damage_taken":[{"damage":1,"enemies":"Cultist","floor":1,"turns":4},{"damage":0,"enemies":"2 Louse","floor":2,"turns":2},{"damage":0,"enemies":"Small Slimes","floor":3,"turns":3},{"damage":13,"enemies":"Gremlin Nob","floor":11,"turns":4},{"damage":0,"enemies":"Looter","floor":12,"turns":3},{"damage":0,"enemies":"Blue Slaver","floor":13,"turns":2},{"damage":4,"enemies":"Slime Boss","floor":16,"turns":10},{"damage":0,"enemies":"Spheric Guardian","floor":18,"turns":4},{"damage":0,"enemies":"Chosen","floor":19,"turns":4},{"damage":12,"enemies":"Snake Plant","floor":22,"turns":4},{"damage":69,"enemies":"Book of Stabbing","floor":23,"turns":7},{"damage":20,"enemies":"Slavers","floor":25,"turns":4},{"damage":12,"enemies":"Cultist and Chosen","floor":27,"turns":8},{"damage":9,"enemies":"Snecko","floor":30,"turns":4},{"damage":0,"enemies":"Sentry and Sphere","floor":31,"turns":4},{"damage":50,"enemies":"Automaton","floor":33,"turns":10},{"damage":5,"enemies":"Orb Walker","floor":35,"turns":3},{"damage":0,"enemies":"3 Shapes","floor":37,"turns":2},{"damage":26,"enemies":"Jaw Worm Horde","floor":38,"turns":5},{"damage":7,"enemies":"Maw","floor":39,"turns":8},{"damage":33,"enemies":"Nemesis","floor":40,"turns":9},{"damage":102,"enemies":"Giant Head","floor":42,"turns":9}],"seed_played":"7294814816219948638","potions_obtained":[{"floor":3,"key":"FairyPotion"},{"floor":12,"key":"Block Potion"},{"floor":13,"key":"SpeedPotion"},{"floor":16,"key":"Strength Potion"},{"floor":23,"key":"AttackPotion"},{"floor":30,"key":"PowerPotion"},{"floor":31,"key":"Block Potion"},{"floor":33,"key":"GamblersBrew"},{"floor":38,"key":"SkillPotion"},{"floor":39,"key":"Weak Potion"},{"floor":40,"key":"Ancient Potion"}],"is_trial":false,"path_per_floor":["M","M","M","?","?","R","?","R","T","R","E","M","M","$","R","B",null,"M","M","?","?","M","E","R","E","T","M","$","R","M","M","R","B",null,"M","?","M","M","M","E","R","E"],"character_chosen":"DEFECT","items_purchased":["Bag of Marbles","Regal Pillow","SteroidPotion"],"campfire_rested":7,"item_purchase_floors":[14,28,28],"current_hp_per_floor":[67,67,67,67,56,82,75,89,89,89,76,76,76,76,89,85,89,89,89,89,89,77,8,34,24,24,12,12,56,47,47,91,41,99,94,94,94,68,61,28,72,0],"gold":228,"neow_bonus":"TWENTY_PERCENT_HP_BONUS","is_prod":false,"is_daily":false,"chose_seed":false,"campfire_upgraded":1,"win_rate":0,"timestamp":1541668060,"path_taken":["M","?","M","?","?","R","?","R","T","R","E","M","M","$","R","BOSS","M","M","?","?","?","E","R","E","T","M","$","R","M","?","R","BOSS","M","?","M","M","M","E","R","E"],"build_version":"2018-11-01","purchased_purges":2,"victory":false,"max_hp_per_floor":[89,89,89,89,89,89,89,89,89,89,89,89,89,89,89,89,89,89,89,89,89,89,89,89,99,99,99,99,99,99,99,99,99,99,99,99,99,99,99,99,99,99],"card_choices":[{"not_picked":["Conserve Battery","Compile Driver"],"picked":"BootSequence","floor":1},{"not_picked":["Sweeping Beam","Recycle"],"picked":"Cold Snap","floor":2},{"not_picked":["Redo","Stack"],"picked":"Ball Lightning","floor":3},{"not_picked":["Cold Snap","Coolheaded"],"picked":"Reboot","floor":11},{"not_picked":["Aggregate","Beam Cell"],"picked":"Coolheaded","floor":12},{"not_picked":["Turbo","Rebound"],"picked":"Sunder","floor":13},{"not_picked":["Hyperbeam","Fission"],"picked":"Machine Learning","floor":16},{"not_picked":["Reinforced Body","Hello World"],"picked":"Chaos+1","floor":18},{"not_picked":["Tempest+1","Rip and Tear+1"],"picked":"Consume","floor":19},{"not_picked":["Chaos","Hologram","Scrape"],"picked":"SKIP","floor":22},{"not_picked":["Turbo+1","Stack"],"picked":"Melter","floor":23},{"not_picked":["Loop+1","Redo+1"],"picked":"Streamline+1","floor":25},{"not_picked":["Cold Snap","Force Field+1","Beam Cell"],"picked":"SKIP","floor":27},{"not_picked":["Compile Driver","Coolheaded"],"picked":"Conserve Battery","floor":30},{"not_picked":["Aggregate","Rebound"],"picked":"Doom and Gloom+1","floor":31},{"not_picked":["Rainbow","Thunder Strike"],"picked":"Buffer","floor":33},{"not_picked":["Gash","Turbo"],"picked":"Defragment+1","floor":35},{"not_picked":["Gash+1","Fusion+1"],"picked":"Turbo","floor":37},{"not_picked":["Streamline+1","Leap+1","Hologram"],"picked":"SKIP","floor":38},{"not_picked":["Genetic Algorithm","Rebound","Recycle"],"picked":"SKIP","floor":39},{"not_picked":["Turbo","Force Field"],"picked":"Defragment+1","floor":40}],"player_experience":495053,"relics_obtained":[{"floor":9,"key":"Thread and Needle"},{"floor":11,"key":"Matryoshka"},{"floor":23,"key":"Symbiotic Virus"},{"floor":23,"key":"Bottled Lightning"},{"floor":25,"key":"Dodecahedron"},{"floor":25,"key":"Pear"},{"floor":26,"key":"DataDisk"},{"floor":26,"key":"Anchor"},{"floor":40,"key":"Happy Flower"},{"floor":40,"key":"Bronze Scales"}],"event_choices":[{"cards_removed":["Defend_B"],"damage_healed":0,"gold_gain":0,"player_choice":"Forget","damage_taken":0,"max_hp_gain":0,"max_hp_loss":0,"event_name":"Living Wall","floor":4,"gold_loss":0},{"damage_healed":0,"gold_gain":75,"player_choice":"Gather Gold","damage_taken":11,"max_hp_gain":0,"max_hp_loss":0,"event_name":"World of Goop","floor":5,"gold_loss":0},{"cards_removed":["Strike_B"],"damage_healed":0,"gold_gain":0,"player_choice":"Card Removal","damage_taken":7,"max_hp_gain":0,"max_hp_loss":0,"event_name":"Golden Wing","floor":7,"gold_loss":0},{"damage_healed":0,"gold_gain":0,"player_choice":"Stole Relic","damage_taken":0,"relics_obtained":["Centennial Puzzle"],"max_hp_gain":0,"max_hp_loss":0,"event_name":"Addict","floor":20,"gold_loss":0,"cards_obtained":["Shame"]},{"damage_healed":0,"gold_gain":0,"cards_transformed":["Strike_B"],"player_choice":"Transformed","damage_taken":0,"max_hp_gain":0,"max_hp_loss":0,"event_name":"Transmorgrifier","floor":21,"gold_loss":0,"cards_obtained":["Force Field"]},{"damage_healed":0,"gold_gain":0,"player_choice":"Trade","damage_taken":0,"relics_obtained":["NlothsMask"],"max_hp_gain":0,"max_hp_loss":0,"event_name":"FaceTrader","floor":36,"gold_loss":0}],"is_beta":false,"boss_relics":[{"not_picked":["Velvet Choker","Busted Crown"],"picked":"Black Star"},{"not_picked":["Astrolabe","Snecko Eye"],"picked":"Nuclear Battery"}],"items_purged_floors":[14,28],"is_endless":false,"potions_floor_spawned":[3,12,13,16,22,23,30,31,33,38,39,40],"killed_by":"Giant Head","ascension_level":4}