{"gold_per_floor":[113,288,302,302,317,352,352,385,385,416,446,462,480,272,272,272],"floor_reached":16,"playtime":872,"items_purged":[],"score":186,"play_id":"67efa0ff-87eb-4c5d-84cd-20847ad3eccc","local_time":"20190322123402","is_ascension_mode":true,"campfire_choices":[{"floor":7,"key":"REST"},{"floor":15,"key":"REST"}],"neow_cost":"NONE","seed_source_timestamp":173541153763478,"circlet_count":0,"master_deck":["AscendersBane","Strike_B","Strike_B","Strike_B","Defend_B","Defend_B","Defend_B","Defend_B","Zap","Dualcast","Beam Cell","Doubt","Ball Lightning","Compile Driver","Cold Snap","Double Energy","Self Repair","Redo","Go for the Eyes","Loop","Self Repair","Loop","Conserve Battery"],"relics":["Cracked Core","The Courier","Thread and Needle","Gremlin Horn","Letter Opener","Omamori"],"potions_floor_usage":[12],"damage_taken":[{"damage":1,"enemies":"2 Louse","floor":1,"turns":3},{"damage":7,"enemies":"Small Slimes","floor":3,"turns":3},{"damage":0,"enemies":"Cultist","floor":5,"turns":3},{"damage":30,"enemies":"Lagavulin","floor":6,"turns":5},{"damage":19,"enemies":"Gremlin Nob","floor":8,"turns":4},{"damage":28,"enemies":"3 Sentries","floor":10,"turns":6},{"damage":3,"enemies":"Exordium Wildlife","floor":12,"turns":2},{"damage":0,"enemies":"Red Slaver","floor":13,"turns":3},{"damage":25,"enemies":"The Guardian","floor":16,"turns":2}],"seed_played":"-5147295655205853850","potions_obtained":[{"floor":5,"key":"Regen Potion"},{"floor":10,"key":"Poison Potion"}],"is_trial":false,"path_per_floor":["M","?","M","?","M","E","R","E","T","E","?","M","M","$","R","B"],"character_chosen":"DEFECT","items_purchased":["Loop","Self Repair","Loop","Conserve Battery"],"campfire_rested":2,"item_purchase_floors":[14,14,14,14],"current_hp_per_floor":[74,74,67,60,60,30,54,35,35,7,7,16,16,16,40,15],"gold":272,"neow_bonus":"TEN_PERCENT_HP_BONUS","is_prod":false,"is_daily":false,"chose_seed":false,"campfire_upgraded":0,"win_rate":0,"timestamp":1553276042,"path_taken":["M","?","M","?","M","E","R","E","T","E","?","M","M","$","R","BOSS"],"build_version":"2019-01-23","purchased_purges":0,"victory":false,"max_hp_per_floor":[82,82,82,82,82,82,82,82,82,82,82,82,82,82,82,82],"card_choices":[{"not_picked":["Undo","Coolheaded"],"picked":"Beam Cell","floor":1},{"not_picked":["Steam","Cold Snap"],"picked":"Ball Lightning","floor":3},{"not_picked":["Steam Power","Stack"],"picked":"Compile Driver","floor":5},{"not_picked":["Hologram","Compile Driver"],"picked":"Cold Snap","floor":6},{"not_picked":["Storm","Hyperbeam"],"picked":"Double Energy","floor":8},{"not_picked":["Go for the Eyes","Loop"],"picked":"Self Repair","floor":10},{"not_picked":["Beam Cell","All For One"],"picked":"Redo","floor":12},{"not_picked":["Hologram","Gash"],"picked":"Go for the Eyes","floor":13}],"player_experience":1240758,"relics_obtained":[{"floor":6,"key":"The Courier"},{"floor":8,"key":"Thread and Needle"},{"floor":9,"key":"Gremlin Horn"},{"floor":10,"key":"Letter Opener"}],"event_choices":[{"damage_healed":0,"gold_gain":175,"player_choice":"AGREE","damage_taken":0,"max_hp_gain":0,"max_hp_loss":0,"event_name":"Liars Game","floor":2,"gold_loss":0,"cards_obtained":["Doubt"]},{"cards_removed":["Strike_B"],"damage_healed":0,"gold_gain":0,"player_choice":"Card Removal","damage_taken":7,"max_hp_gain":0,"max_hp_loss":0,"event_name":"Golden Wing","floor":4,"gold_loss":0},{"damage_healed":0,"gold_gain":30,"player_choice":"Searched \u00272\u0027 times","damage_taken":0,"relics_obtained":["Omamori"],"max_hp_gain":0,"max_hp_loss":0,"event_name":"Dead Adventurer","floor":11,"gold_loss":0}],"is_beta":false,"boss_relics":[],"items_purged_floors":[],"is_endless":false,"potions_floor_spawned":[5,10],"killed_by":"The Guardian","ascension_level":11}