{"gold_per_floor":[117,136,136,136,101,101,115,133,133,133,133,151,180,180,180,280,280,291,291,291,142,157,157,189,200,200,217,217,231,248,268,268,363,363,381,281,300,312,312,312,331,331],"floor_reached":42,"playtime":3104,"items_purged":["Strike_R","Strike_R"],"score":424,"play_id":"007377fb-3b9c-4c02-9520-2aa8629d55e3","local_time":"20180716102512","is_ascension_mode":false,"campfire_choices":[{"data":"Pommel Strike","floor":6,"key":"SMITH"},{"data":"Infernal Blade","floor":15,"key":"SMITH"},{"data":"Immolate","floor":23,"key":"SMITH"},{"data":"Pommel Strike","floor":32,"key":"SMITH"},{"data":"Barricade","floor":40,"key":"SMITH"}],"neow_cost":"FIFTY_PERCENT_DAMAGE","seed_source_timestamp":1705875368942442,"circlet_count":0,"master_deck":["Strike_R+1","Defend_R","Bash","Iron Wave+1","Pommel Strike+1","Twin Strike","Infernal Blade+1","Reaper","Spot Weakness","Immolate+1","Pommel Strike+1","Power Through","Rampage+1","Thunderclap+1","Battle Trance","Feed","Barricade+1","Cleave+1","Entrench+1","Body Slam+1","Bludgeon","Battle Trance+1"],"relics":["Burning Blood","Charon\u0027s Ashes","Kunai","Thread and Needle","Lizard Tail","Darkstone Periapt","Happy Flower","Unceasing Top","Empty Cage"],"potions_floor_usage":[14,22,22,25,29,33,33,38],"damage_taken":[{"damage":9,"enemies":"Jaw Worm","floor":1,"turns":4},{"damage":1,"enemies":"2 Louse","floor":2,"turns":3},{"damage":1,"enemies":"Cultist","floor":7,"turns":3},{"damage":1,"enemies":"3 Louse","floor":8,"turns":3},{"damage":5,"enemies":"Looter","floor":12,"turns":2},{"damage":15,"enemies":"3 Sentries","floor":13,"turns":5},{"damage":0,"enemies":"Exordium Thugs","floor":14,"turns":1},{"damage":37,"enemies":"The Guardian","floor":16,"turns":8},{"damage":19,"enemies":"Shell Parasite","floor":18,"turns":4},{"damage":0,"enemies":"2 Thieves","floor":22,"turns":3},{"damage":23,"enemies":"Gremlin Leader","floor":24,"turns":6},{"damage":17,"enemies":"Centurion and Healer","floor":25,"turns":6},{"damage":0,"enemies":"Cultist and Chosen","floor":27,"turns":5},{"damage":10,"enemies":"Snake Plant","floor":29,"turns":2},{"damage":0,"enemies":"Chosen and Byrds","floor":30,"turns":4},{"damage":0,"enemies":"Cultist and Chosen","floor":31,"turns":4},{"damage":38,"enemies":"Collector","floor":33,"turns":12},{"damage":0,"enemies":"Orb Walker","floor":35,"turns":3},{"damage":3,"enemies":"3 Shapes","floor":37,"turns":2},{"damage":28,"enemies":"Maw","floor":38,"turns":8},{"damage":14,"enemies":"Flame Bruiser 2 Orb","floor":41,"turns":7},{"damage":123,"enemies":"Giant Head","floor":42,"turns":8}],"seed_played":"5076767690579679766","potions_obtained":[{"floor":2,"key":"SmokeBomb"},{"floor":13,"key":"Dexterity Potion"},{"floor":16,"key":"Energy Potion"},{"floor":18,"key":"BloodPotion"},{"floor":24,"key":"AttackPotion"},{"floor":25,"key":"Poison Potion"},{"floor":30,"key":"LiquidBronze"},{"floor":33,"key":"Block Potion"},{"floor":37,"key":"FearPotion"},{"floor":38,"key":"SneckoOil"}],"is_trial":false,"path_per_floor":["M","M","?","?","?","R","M","M","T","?","T","M","E","M","R","B",null,"M","?","?","$","M","R","E","M","T","M","?","M","M","M","R","B",null,"M","$","M","M","?","R","M"],"character_chosen":"IRONCLAD","items_purchased":["Power Through"],"campfire_rested":0,"item_purchase_floors":[21],"current_hp_per_floor":[37,42,26,26,46,46,51,56,56,56,56,57,56,62,62,33,80,67,59,59,59,73,73,63,60,60,71,71,67,73,83,83,51,83,86,86,86,64,64,64,68,0],"gold":331,"neow_bonus":"REMOVE_TWO","is_prod":false,"is_daily":false,"chose_seed":false,"campfire_upgraded":5,"win_rate":0,"timestamp":1531754712,"path_taken":["M","M","?","?","?","R","M","?","T","?","?","M","E","M","R","BOSS","M","?","?","$","?","R","E","M","T","M","?","M","M","M","R","BOSS","M","$","M","M","?","R","M","E"],"build_version":"2018-07-12","purchased_purges":2,"victory":false,"max_hp_per_floor":[80,80,80,80,80,80,80,80,80,80,80,80,80,80,80,80,80,80,80,80,80,80,80,80,80,80,80,80,80,80,83,83,83,83,86,86,86,86,86,86,86,86],"card_choices":[{"not_picked":["Armaments","Wild Strike"],"picked":"Iron Wave","floor":1},{"not_picked":["Iron Wave","Fire Breathing"],"picked":"Pommel Strike","floor":2},{"not_picked":["Havoc","Hemokinesis"],"picked":"Twin Strike","floor":7},{"not_picked":["True Grit","Combust","Warcry"],"picked":"SKIP","floor":8},{"not_picked":["Sword Boomerang","Fire Breathing"],"picked":"Reaper","floor":12},{"not_picked":["Wild Strike","Warcry"],"picked":"Spot Weakness","floor":13},{"not_picked":["Demon Form","Impervious"],"picked":"Immolate","floor":16},{"not_picked":["Intimidate","Anger"],"picked":"Pommel Strike","floor":18},{"not_picked":["Intimidate","Second Wind"],"picked":"Rampage+1","floor":22},{"not_picked":["Warcry+1","Combust","Iron Wave"],"picked":"SKIP","floor":24},{"not_picked":["Thunderclap","Combust","Whirlwind"],"picked":"SKIP","floor":25},{"not_picked":["Intimidate+1","Perfected Strike"],"picked":"Thunderclap+1","floor":27},{"not_picked":["Body Slam","Havoc","Sever Soul"],"picked":"SKIP","floor":29},{"not_picked":["True Grit+1","Flex"],"picked":"Feed","floor":30},{"not_picked":["Infernal Blade","True Grit","Rampage+1"],"picked":"SKIP","floor":31},{"not_picked":["Brutality","Offering"],"picked":"Barricade","floor":33},{"not_picked":["Thunderclap","Anger"],"picked":"Cleave+1","floor":35},{"not_picked":["Rampage","True Grit+1"],"picked":"Entrench+1","floor":37},{"not_picked":["Second Wind+1","Wild Strike+1"],"picked":"Body Slam+1","floor":38},{"not_picked":["Anger","Shrug It Off+1"],"picked":"Battle Trance+1","floor":41}],"player_experience":185819,"relics_obtained":[{"floor":9,"key":"Charon\u0027s Ashes"},{"floor":11,"key":"Kunai"},{"floor":13,"key":"Thread and Needle"},{"floor":24,"key":"Happy Flower"},{"floor":26,"key":"Unceasing Top"}],"event_choices":[{"event_name":"Shining Light","player_choice":"Entered Light","floor":3,"damage_taken":0},{"event_name":"The Woman in Blue","player_choice":"Bought 0 Potions","floor":4,"damage_taken":0},{"event_name":"The Cleric","player_choice":"Healed","floor":5,"damage_taken":0},{"event_name":"Match and Keep!","player_choice":"1 cards matched","floor":10,"damage_taken":0},{"event_name":"Wheel of Change","player_choice":"Damage","floor":19,"damage_taken":0},{"event_name":"The Mausoleum","player_choice":"Yes","floor":20,"damage_taken":0},{"event_name":"The Library","player_choice":"Read","floor":28,"damage_taken":0},{"event_name":"Transmorgrifier","player_choice":"Transform","floor":39,"damage_taken":0}],"boss_relics":[{"not_picked":["Calling Bell","Ectoplasm"],"picked":"Lizard Tail"},{"not_picked":["Runic Dome","Cursed Key"],"picked":"Empty Cage"}],"items_purged_floors":[21,36],"is_endless":false,"potions_floor_spawned":[2,13,14,16,18,24,25,30,33,37,38],"killed_by":"Giant Head","ascension_level":0}