{"gold_per_floor":[19,32,42,53,66,95,115,115,140,153,188,199,210,229,229,229],"floor_reached":16,"playtime":1315,"items_purged":[],"score":192,"play_id":"97fc4f53-ead5-448c-81ee-7ce42049c493","local_time":"20180928143305","is_ascension_mode":true,"campfire_choices":[{"floor":8,"key":"REST"},{"data":"Perfected Strike","floor":15,"key":"SMITH"}],"neow_cost":"NO_GOLD","seed_source_timestamp":1393840885099039,"circlet_count":0,"master_deck":["Strike_R","Strike_R","Strike_R","Strike_R","Strike_R","Defend_R","Defend_R","Defend_R","Defend_R","Bash","AscendersBane","Twin Strike","Perfected Strike+1","Cleave","Wild Strike","Pommel Strike","Flex","Cleave","Immolate","Wild Strike","Thunderclap","Uppercut"],"relics":["Burning Blood","Dead Branch","The Courier","Potion Belt","Juzu Bracelet"],"potions_floor_usage":[6,6,7,16],"damage_taken":[{"damage":6,"enemies":"Cultist","floor":1,"turns":3},{"damage":4,"enemies":"Small Slimes","floor":2,"turns":4},{"damage":0,"enemies":"Jaw Worm","floor":3,"turns":3},{"damage":7,"enemies":"3 Louse","floor":4,"turns":3},{"damage":35,"enemies":"Exordium Wildlife","floor":5,"turns":5},{"damage":20,"enemies":"Lagavulin","floor":6,"turns":6},{"damage":1,"enemies":"Lots of Slimes","floor":7,"turns":2},{"damage":5,"enemies":"Gremlin Gang","floor":10,"turns":3},{"damage":20,"enemies":"3 Sentries","floor":11,"turns":5},{"damage":12,"enemies":"Looter","floor":12,"turns":3},{"damage":10,"enemies":"Lots of Slimes","floor":13,"turns":2},{"damage":4,"enemies":"3 Louse","floor":14,"turns":4},{"damage":49,"enemies":"Hexaghost","floor":16,"turns":9}],"seed_played":"-627612860874975845","potions_obtained":[{"floor":1,"key":"Weak Potion"},{"floor":5,"key":"Swift Potion"},{"floor":6,"key":"SneckoOil"},{"floor":13,"key":"Weak Potion"},{"floor":14,"key":"Ancient Potion"}],"is_trial":false,"path_per_floor":["M","M","M","M","M","E","M","R","T","M","E","M","M","M","R"],"character_chosen":"IRONCLAD","items_purchased":[],"campfire_rested":1,"item_purchase_floors":[],"current_hp_per_floor":[72,74,83,82,53,42,47,71,71,72,58,52,48,50,50,1],"gold":229,"neow_bonus":"ONE_RARE_RELIC","is_prod":false,"is_daily":false,"chose_seed":false,"campfire_upgraded":1,"win_rate":0,"timestamp":1538163185,"path_taken":["M","M","?","M","M","E","M","R","T","M","E","M","M","M","R","BOSS"],"build_version":"2018-09-27","purchased_purges":0,"victory":false,"max_hp_per_floor":[80,80,83,83,83,83,83,83,83,83,83,83,83,83,83,83],"card_choices":[{"not_picked":["Corruption","Feel No Pain"],"picked":"Twin Strike","floor":1},{"not_picked":["Whirlwind","Armaments"],"picked":"Perfected Strike","floor":2},{"not_picked":["Armaments","Havoc"],"picked":"Cleave","floor":3},{"not_picked":["Inflame","Spot Weakness"],"picked":"Wild Strike","floor":4},{"not_picked":["Reckless Charge","Perfected Strike"],"picked":"Pommel Strike","floor":5},{"not_picked":["Body Slam","Juggernaut"],"picked":"Flex","floor":6},{"not_picked":["Bloodletting","Sword Boomerang"],"picked":"Cleave","floor":7},{"not_picked":["Sword Boomerang","Heavy Blade","Corruption"],"picked":"SKIP","floor":10},{"not_picked":["Heavy Blade","Clothesline"],"picked":"Immolate","floor":11},{"not_picked":["Sever Soul","Disarm"],"picked":"Wild Strike","floor":12},{"not_picked":["Whirlwind","Hemokinesis"],"picked":"Thunderclap","floor":13},{"not_picked":["Infernal Blade","Body Slam"],"picked":"Uppercut","floor":14}],"player_experience":661728,"relics_obtained":[{"floor":6,"key":"The Courier"},{"floor":9,"key":"Potion Belt"},{"floor":11,"key":"Juzu Bracelet"}],"event_choices":[],"is_beta":false,"boss_relics":[],"items_purged_floors":[],"is_endless":false,"potions_floor_spawned":[1,5,6,13,14],"killed_by":"Hexaghost","ascension_level":12}