{"gold_per_floor":[20,33,33,53,73,73,83,410,481,513,523,523,523,539,539,539],"floor_reached":16,"playtime":1274,"items_purged":[],"score":215,"play_id":"8f797107-f943-451a-9102-16e8446ef208","local_time":"20190424213401","is_ascension_mode":true,"campfire_choices":[{"data":"Phantasmal Killer","floor":6,"key":"SMITH"},{"floor":12,"key":"REST"},{"data":"Mind Blast","floor":15,"key":"SMITH"}],"neow_cost":"NO_GOLD","seed_source_timestamp":0,"circlet_count":0,"master_deck":["AscendersBane","Defend_G","Defend_G","Defend_G","Defend_G","Defend_G","Strike_G","Strike_G","Strike_G","Strike_G","Strike_G","Survivor","Neutralize","Adrenaline","Predator","Phantasmal Killer+1","Acrobatics","Quick Slash","Flying Knee","Corpse Explosion","Dagger Spray","Tools of the Trade","Mind Blast+1","Tactician"],"special_seed":0,"relics":["Ring of the Snake","Pen Nib","Old Coin","Bottled Lightning","Regal Pillow"],"potions_floor_usage":[10,11],"damage_taken":[{"damage":0.0,"enemies":"2 Louse","floor":1.0,"turns":3.0},{"damage":0.0,"enemies":"Cultist","floor":2.0,"turns":3.0},{"damage":4.0,"enemies":"Jaw Worm","floor":4.0,"turns":2.0},{"damage":8,"enemies":"Gremlin Gang","floor":5,"turns":9},{"damage":8,"enemies":"Lots of Slimes","floor":7,"turns":3},{"damage":10,"enemies":"Gremlin Nob","floor":8,"turns":3},{"damage":0,"enemies":"3 Sentries","floor":10,"turns":3},{"damage":14,"enemies":"Exordium Wildlife","floor":11,"turns":3},{"damage":13,"enemies":"Blue Slaver","floor":14,"turns":4},{"damage":59,"enemies":"The Guardian","floor":16,"turns":11}],"seed_played":"3564649081179801704","potions_obtained":[{"floor":2.0,"key":"Weak Potion"},{"floor":4.0,"key":"Regen Potion"},{"floor":8,"key":"Block Potion"},{"floor":14,"key":"Explosive Potion"}],"is_trial":false,"path_per_floor":["M","M","?","M","M","R","M","E","T","E","M","R","?","M","R","B"],"character_chosen":"THE_SILENT","items_purchased":[],"campfire_rested":1,"item_purchase_floors":[],"current_hp_per_floor":[63,63,63,59,51,51,43,33,33,33,31,67,67,54,54,0],"gold":539,"neow_bonus":"THREE_RARE_CARDS","is_prod":false,"is_daily":false,"chose_seed":false,"campfire_upgraded":2,"win_rate":0,"timestamp":1556159641,"path_taken":["M","M","?","M","M","R","M","E","T","E","?","R","?","M","R","BOSS"],"build_version":"2019-01-23","purchased_purges":0,"victory":false,"max_hp_per_floor":[70,70,70,70,70,70,70,70,70,70,70,70,70,70,70,70],"card_choices":[{"not_picked":["Tools of the Trade","Unload"],"picked":"Adrenaline","floor":0.0},{"not_picked":["Slice","Outmaneuver"],"picked":"Predator","floor":1.0},{"not_picked":["Outmaneuver","Deadly Poison"],"picked":"Phantasmal Killer","floor":2.0},{"not_picked":["Prepared","Dodge and Roll"],"picked":"Acrobatics","floor":4.0},{"not_picked":["Concentrate","Catalyst"],"picked":"Quick Slash","floor":5},{"not_picked":["Poisoned Stab","Outmaneuver"],"picked":"Flying Knee","floor":7},{"not_picked":["Prepared","Bane"],"picked":"Corpse Explosion","floor":8},{"not_picked":["Crippling Poison","Dagger Throw"],"picked":"Dagger Spray","floor":10},{"not_picked":["Bouncing Flask","Cloak And Dagger"],"picked":"Tools of the Trade","floor":11},{"not_picked":["Slice","Bouncing Flask"],"picked":"Tactician","floor":14}],"player_experience":1343164,"relics_obtained":[{"floor":8,"key":"Old Coin"},{"floor":9,"key":"Bottled Lightning"},{"floor":10,"key":"Regal Pillow"}],"event_choices":[{"damage_healed":0.0,"max_hp_gain":0.0,"max_hp_loss":0.0,"gold_gain":0.0,"event_name":"WeMeetAgain","player_choice":"Gave Potion","floor":3.0,"gold_loss":0.0,"damage_taken":0.0,"relics_obtained":["Pen Nib"]},{"damage_healed":0,"gold_gain":0,"player_choice":"1 cards matched","damage_taken":0,"max_hp_gain":0,"max_hp_loss":0,"event_name":"Match and Keep!","floor":13,"gold_loss":0,"cards_obtained":["Mind Blast"]}],"is_beta":false,"boss_relics":[],"items_purged_floors":[],"is_endless":false,"potions_floor_spawned":[2,4,8,14],"killed_by":"The Guardian","ascension_level":11}