{"gold_per_floor":[110,110,126,376,394,394,409,135,135,135,150,150,50,66,66,187,187,203,219,94,108,143,178,178,196,221,241,241,91,104,57,57,178,178,197,215,215,284,284,284,59,59],"floor_reached":42,"playtime":2389,"items_purged":["Regret","Strike_R","Strike_R","Strike_R","Defend_R"],"score":438,"play_id":"2da22e45-d8a5-478b-b65d-e51f121f6ffd","local_time":"20180711153558","is_ascension_mode":false,"campfire_choices":[{"data":"Seeing Red","floor":6,"key":"SMITH"},{"data":"Pommel Strike","floor":10,"key":"SMITH"},{"data":"Bash","floor":12,"key":"SMITH"},{"data":"Spot Weakness","floor":15,"key":"SMITH"},{"data":"Immolate","floor":24,"key":"SMITH"},{"data":"Heavy Blade","floor":32,"key":"SMITH"}],"neow_cost":"","seed_source_timestamp":1293209002505341,"circlet_count":0,"master_deck":["Strike_R","Strike_R","Defend_R","Defend_R","Defend_R","Bash+1","Seeing Red+1","Spot Weakness+1","Spot Weakness","Pommel Strike+1","Battle Trance","Immolate+1","Seeing Red","Cleave","Body Slam+1","Twin Strike","Heavy Blade+1","Immolate","Power Through+1","Heavy Blade","Pommel Strike+1","Shrug It Off"],"relics":["Burning Blood","Golden Idol","Omamori","Sundial","Cursed Key","Red Mask","Thread and Needle","Bag of Marbles","Mark of Pain","Charon\u0027s Ashes"],"potions_floor_usage":[7,21,25,33,33,38,40],"damage_taken":[{"damage":6,"enemies":"Jaw Worm","floor":1,"turns":6},{"damage":5,"enemies":"Small Slimes","floor":3,"turns":3},{"damage":8,"enemies":"Cultist","floor":5,"turns":3},{"damage":4,"enemies":"2 Fungi Beasts","floor":7,"turns":2},{"damage":8,"enemies":"Lots of Slimes","floor":11,"turns":3},{"damage":8,"enemies":"Red Slaver","floor":14,"turns":2},{"damage":53,"enemies":"Hexaghost","floor":16,"turns":8},{"damage":15,"enemies":"2 Thieves","floor":18,"turns":3},{"damage":14,"enemies":"Chosen","floor":19,"turns":5},{"damage":10,"enemies":"Centurion and Healer","floor":21,"turns":4},{"damage":5,"floor":22,"turns":2},{"damage":2,"enemies":"Gremlin Leader","floor":23,"turns":5},{"damage":1,"enemies":"Snake Plant","floor":25,"turns":3},{"damage":0,"enemies":"Chosen and Byrds","floor":27,"turns":3},{"damage":0,"enemies":"Cultist and Chosen","floor":30,"turns":3},{"damage":19,"enemies":"Automaton","floor":33,"turns":6},{"damage":0,"enemies":"3 Shapes","floor":35,"turns":1},{"damage":0,"enemies":"Orb Walker","floor":36,"turns":2},{"damage":13,"floor":38,"turns":3},{"damage":8,"enemies":"Giant Head","floor":40,"turns":5},{"damage":76,"enemies":"Maw","floor":42,"turns":8}],"seed_played":"5089488096686929355","potions_obtained":[{"floor":1,"key":"FearPotion"},{"floor":11,"key":"Strength Potion"},{"floor":14,"key":"Dexterity Potion"},{"floor":16,"key":"Dexterity Potion"},{"floor":22,"key":"Strength Potion"},{"floor":27,"key":"SmokeBomb"},{"floor":35,"key":"Fire Potion"}],"is_trial":false,"path_per_floor":["M","?","M","?","M","R","M","$","T","R","M","R","$","M","R","B",null,"M","M","$","M","?","E","R","M","T","M","?","$","M","$","R","B",null,"M","M","?","?","?","E","$"],"character_chosen":"IRONCLAD","items_purchased":["Pommel Strike","Omamori","Heavy Blade","Shrug It Off"],"campfire_rested":0,"item_purchase_floors":[8,8,31,41],"current_hp_per_floor":[80,60,61,61,59,59,61,61,61,61,59,59,59,57,57,10,80,71,63,63,59,60,64,64,69,69,75,75,75,80,80,80,67,80,80,80,80,73,73,71,71,0],"gold":59,"neow_bonus":"","is_prod":false,"is_daily":false,"chose_seed":false,"campfire_upgraded":6,"win_rate":0,"timestamp":1531341358,"path_taken":["M","?","M","?","M","R","M","$","T","R","M","R","?","?","R","BOSS","M","M","$","M","?","E","R","M","T","M","?","?","M","$","R","BOSS","M","M","?","?","?","E","$","M"],"build_version":"2018-07-05","purchased_purges":5,"victory":false,"max_hp_per_floor":[80,80,80,80,80,80,80,80,80,80,80,80,80,80,80,80,80,80,80,80,80,80,80,80,80,80,80,80,80,80,80,80,80,80,80,80,80,80,80,80,80,80],"card_choices":[{"not_picked":["Sentinel","Reckless Charge","True Grit"],"picked":"SKIP","floor":1},{"not_picked":["Intimidate","Warcry"],"picked":"Seeing Red","floor":3},{"not_picked":["Combust","Flex"],"picked":"Spot Weakness","floor":5},{"not_picked":["Clothesline","Dropkick"],"picked":"Spot Weakness","floor":7},{"not_picked":["Iron Wave","Wild Strike"],"picked":"Battle Trance","floor":11},{"not_picked":["True Grit","Clash","Clothesline"],"picked":"SKIP","floor":14},{"not_picked":["Sword Boomerang","Uppercut"],"picked":"Flex","floor":18},{"not_picked":["Thunderclap","Anger","Sever Soul+1"],"picked":"SKIP","floor":19},{"not_picked":["Twin Strike","Armaments+1"],"picked":"Immolate","floor":21},{"not_picked":["Second Wind","Pummel"],"picked":"Seeing Red","floor":22},{"not_picked":["Bludgeon","Warcry"],"picked":"Cleave","floor":23},{"not_picked":["Bloodletting","Shockwave","Clothesline+1"],"picked":"SKIP","floor":25},{"not_picked":["Clash","Havoc"],"picked":"Body Slam+1","floor":27},{"not_picked":["Dropkick","Bloodletting"],"picked":"Twin Strike","floor":30},{"not_picked":["Barricade","Dark Embrace"],"picked":"Immolate","floor":33},{"not_picked":["Armaments","Wild Strike+1"],"picked":"Power Through+1","floor":35},{"not_picked":["True Grit+1","Pommel Strike"],"picked":"Heavy Blade","floor":36},{"not_picked":["Power Through","True Grit+1"],"picked":"Pommel Strike+1","floor":38}],"player_experience":153922,"relics_obtained":[{"floor":9,"key":"Sundial"},{"floor":22,"key":"Red Mask"},{"floor":23,"key":"Thread and Needle"},{"floor":26,"key":"Bag of Marbles"},{"floor":38,"key":"Charon\u0027s Ashes"}],"event_choices":[{"event_name":"Golden Idol","player_choice":"Take Damage","floor":2,"damage_taken":0},{"event_name":"Golden Shrine","player_choice":"Desecrate","floor":4,"damage_taken":0},{"event_name":"Masked Bandits","player_choice":"Fought over 108 gold","floor":22,"damage_taken":0},{"event_name":"Vampires","player_choice":"Ignored","floor":28,"damage_taken":0},{"event_name":"SecretPortal","player_choice":"Rejected Portal.","floor":37,"damage_taken":0},{"event_name":"Mysterious Sphere","player_choice":"Fight","floor":38,"damage_taken":0},{"event_name":"Falling","player_choice":"Removed Skill","floor":39,"damage_taken":0}],"boss_relics":[{"not_picked":["White Beast Statue","Runic Dome"],"picked":"Cursed Key"},{"not_picked":["Tiny House","Busted Crown"],"picked":"Mark of Pain"}],"items_purged_floors":[8,13,20,29,41],"is_endless":false,"potions_floor_spawned":[1,11,14,16,18,22,27,35],"killed_by":"Maw","ascension_level":0}