{"gold_per_floor":[116,291,66,78,78,78,111,125,125,135,235,53,53,88,88,211,211,224,76,92,92,92],"floor_reached":22,"playtime":1199,"items_purged":["Doubt","Strike_G"],"score":259,"play_id":"bdb00791-bdd3-4ea3-bee3-e5ce73bb2fa5","local_time":"20180828154443","is_ascension_mode":true,"campfire_choices":[{"floor":6,"key":"REST"},{"floor":15,"key":"REST"}],"neow_cost":"NONE","seed_source_timestamp":1298895086692365,"circlet_count":0,"master_deck":["Defend_G","Defend_G","Defend_G","Defend_G","Defend_G","Strike_G+1","Survivor","Neutralize","Sucker Punch+1","Caltrops","Dagger Throw","A Thousand Cuts","Dash","The Bomb","Dodge and Roll","After Image","Dagger Throw","Poisoned Stab","Acrobatics+1"],"relics":["Fusion Hammer","Whetstone","Calipers","Nunchaku","Golden Idol","Bag of Preparation","Empty Cage","Du-Vu Doll"],"potions_floor_usage":[14,16],"damage_taken":[{"damage":0,"enemies":"Jaw Worm","floor":1,"turns":4},{"damage":3,"enemies":"2 Louse","floor":4,"turns":3},{"damage":14,"enemies":"Gremlin Nob","floor":7,"turns":5},{"damage":0,"enemies":"Small Slimes","floor":8,"turns":2},{"damage":0,"enemies":"Looter","floor":10,"turns":3},{"damage":9,"enemies":"Lagavulin","floor":14,"turns":7},{"damage":24,"enemies":"Slime Boss","floor":16,"turns":9},{"damage":20,"enemies":"3 Byrds","floor":18,"turns":4},{"damage":1,"enemies":"Shell Parasite","floor":20,"turns":9}],"seed_played":"-3596597729983172331","potions_obtained":[{"floor":4,"key":"GhostInAJar"},{"floor":10,"key":"Explosive Potion"},{"floor":20,"key":"SteroidPotion"}],"is_trial":false,"path_per_floor":["M","?","$","M","?","R","E","M","T","M","?","$","?","E","R","B",null,"M","$","M","T"],"character_chosen":"THE_SILENT","items_purchased":["Whetstone","The Bomb","Poisoned Stab"],"campfire_rested":2,"item_purchase_floors":[3,12,19],"current_hp_per_floor":[63,63,63,60,53,70,56,56,56,56,56,56,39,30,51,27,59,39,39,38,38,29],"gold":92,"neow_bonus":"BOSS_RELIC","is_prod":false,"is_daily":false,"chose_seed":false,"campfire_upgraded":0,"win_rate":0,"timestamp":1535489083,"path_taken":["M","?","$","M","?","R","E","M","T","M","?","?","?","E","R","BOSS","M","$","?","?","?"],"build_version":"2018-08-23v2","purchased_purges":2,"victory":false,"max_hp_per_floor":[70,70,70,70,70,70,70,70,70,70,70,70,70,70,70,70,70,70,70,70,70,70],"card_choices":[{"not_picked":["Backflip","Poisoned Stab"],"picked":"Sucker Punch","floor":1},{"not_picked":["Heel Hook","Catalyst"],"picked":"Caltrops","floor":4},{"not_picked":["Caltrops","Acrobatics"],"picked":"Dagger Throw","floor":7},{"not_picked":["Catalyst","Prepared"],"picked":"A Thousand Cuts","floor":8},{"not_picked":["Crippling Poison","PiercingWail"],"picked":"Dash","floor":10},{"not_picked":["Prepared","Flying Knee"],"picked":"Dodge and Roll","floor":14},{"not_picked":["Wraith Form v2","Storm of Steel"],"picked":"After Image","floor":16},{"not_picked":["Prepared","Finisher"],"picked":"Dagger Throw","floor":18},{"not_picked":["Finisher","Blade Dance"],"picked":"Acrobatics+1","floor":20}],"player_experience":556452,"relics_obtained":[{"floor":7,"key":"Calipers"},{"floor":9,"key":"Nunchaku"},{"floor":14,"key":"Bag of Preparation"},{"floor":21,"key":"Du-Vu Doll"}],"event_choices":[{"event_name":"Liars Game","player_choice":"agreed","floor":2,"damage_taken":0},{"event_name":"Golden Wing","player_choice":"Card Removal","floor":5,"damage_taken":0},{"event_name":"Golden Shrine","player_choice":"Pray","floor":11,"damage_taken":0},{"event_name":"Golden Idol","player_choice":"Take Damage","floor":13,"damage_taken":0},{"event_name":"Cursed Tome","player_choice":"Stopped","floor":22,"damage_taken":0}],"is_beta":false,"boss_relics":[{"not_picked":["HoveringKite","Runic Pyramid"],"picked":"Empty Cage"}],"items_purged_floors":[3,19],"is_endless":false,"potions_floor_spawned":[4,10,20],"ascension_level":7}