{"gold_per_floor":[111,36,36,36,54,83,96,96,119,50,74,100,117,17,17,17],"floor_reached":16,"playtime":817,"items_purged":["Parasite","Defend_R"],"score":108,"play_id":"4d6ed348-3fa4-4ece-92b9-d9829b759b0c","local_time":"20180711154949","is_ascension_mode":false,"campfire_choices":[{"data":"Pommel Strike","floor":8,"key":"SMITH"},{"data":"Cleave","floor":15,"key":"SMITH"}],"neow_cost":"CURSE","seed_source_timestamp":1295614969832588,"circlet_count":0,"master_deck":["Strike_R+1","Strike_R","Strike_R","Strike_R","Strike_R","Defend_R","Defend_R","Defend_R","Bash+1","Seeing Red","Flex","Pommel Strike+1","Cleave+1","Shrug It Off","Twin Strike"],"relics":["Burning Blood","Thread and Needle","Bag of Marbles","Anchor","Potion Belt","Omamori","Whetstone"],"potions_floor_usage":[12],"damage_taken":[{"damage":11,"enemies":"Jaw Worm","floor":1,"turns":5},{"damage":3,"enemies":"2 Louse","floor":5,"turns":2},{"damage":22,"enemies":"Gremlin Nob","floor":6,"turns":5},{"damage":0,"enemies":"Small Slimes","floor":7,"turns":3},{"damage":5,"enemies":"Lagavulin","floor":12,"turns":5},{"damage":0,"enemies":"Exordium Wildlife","floor":13,"turns":2},{"damage":58,"enemies":"Hexaghost","floor":16,"turns":11}],"seed_played":"8010002930466921888","potions_obtained":[{"floor":5,"key":"SmokeBomb"},{"floor":7,"key":"PowerPotion"},{"floor":13,"key":"SpeedPotion"}],"is_trial":false,"path_per_floor":["M","$","?","?","M","E","M","R","T","$","T","E","M","$","R"],"character_chosen":"IRONCLAD","items_purchased":["Cleave","Shrug It Off"],"campfire_rested":0,"item_purchase_floors":[10,10],"current_hp_per_floor":[75,75,75,57,60,44,50,50,50,50,50,51,57,57,57,0],"gold":17,"neow_bonus":"ONE_RARE_RELIC","is_prod":false,"is_daily":false,"chose_seed":false,"campfire_upgraded":2,"win_rate":0,"timestamp":1531342189,"path_taken":["M","$","?","?","?","E","M","R","T","$","?","E","?","?","R","BOSS"],"build_version":"2018-07-05","purchased_purges":2,"victory":false,"max_hp_per_floor":[80,77,77,77,77,77,77,77,77,77,77,77,77,77,77,77],"card_choices":[{"not_picked":["Rage","Warcry"],"picked":"Seeing Red","floor":1},{"not_picked":["True Grit","Warcry"],"picked":"Flex","floor":5},{"not_picked":["Havoc","Body Slam","Uppercut"],"picked":"SKIP","floor":6},{"not_picked":["Anger","Power Through"],"picked":"Pommel Strike","floor":7},{"not_picked":["Seeing Red","Havoc"],"picked":"Twin Strike","floor":12},{"not_picked":["True Grit","Armaments","Limit Break"],"picked":"SKIP","floor":13}],"player_experience":156311,"relics_obtained":[{"floor":6,"key":"Anchor"},{"floor":9,"key":"Potion Belt"},{"floor":11,"key":"Omamori"},{"floor":12,"key":"Whetstone"}],"event_choices":[{"event_name":"The Cleric","player_choice":"Leave","floor":3,"damage_taken":0},{"event_name":"Scrap Ooze","player_choice":"success","floor":4,"damage_taken":18}],"boss_relics":[],"items_purged_floors":[2,14],"is_endless":false,"potions_floor_spawned":[5,7,13],"killed_by":"Hexaghost","ascension_level":0}