{"gold_per_floor":[217,217,229,248,91,91,117,117,140,171,198,239,263,293,305,389,401,428,455,567,71,85,85,135,135,135,135,168,168,180,214,214,291,291,308,308,375,385,401,401,419,12,12,59,79,79,115,65,65,65],"floor_reached":51,"playtime":3694,"items_purged":["Writhe","Strike_R"],"score":1349,"play_id":"5d0a2c6f-bdfd-457e-8368-4bf9a0030be8","local_time":"20181004095921","is_ascension_mode":true,"campfire_choices":[{"data":"Swift Strike","floor":6.0,"key":"SMITH"},{"data":"Anger","floor":8.0,"key":"SMITH"},{"floor":15.0,"key":"REST"},{"floor":23.0,"key":"REST"},{"floor":25.0,"key":"REST"},{"data":"Mind Blast","floor":27.0,"key":"SMITH"},{"floor":32.0,"key":"REST"},{"data":"Double Tap","floor":40.0,"key":"SMITH"},{"data":"Apotheosis","floor":46,"key":"SMITH"},{"data":"Panacea","floor":49,"key":"SMITH"}],"neow_cost":"NONE","seed_source_timestamp":0,"circlet_count":0,"master_deck":["Strike_R","Strike_R","Strike_R","Defend_R","Defend_R","Defend_R","Defend_R","Bash","AscendersBane","Battle Trance+1","Dropkick","Flex+1","Swift Strike+1","Inflame","Anger+1","Whirlwind","Uppercut","True Grit","Iron Wave","Shrug It Off","Double Tap+1","Iron Wave+1","Clothesline","Mind Blast+1","Shrug It Off","HandOfGreed","Body Slam","Pommel Strike","Immolate","Whirlwind+1","Thunderclap","Shockwave","Apotheosis+1","Panacea+1","Shrug It Off+1"],"special_seed":0,"relics":["Burning Blood","PreservedInsect","Red Skull","MawBank","Sundial","Busted Crown","Turnip","The Courier","Oddly Smooth Stone","War Paint","Smiling Mask","Strawberry","MutagenicStrength","Anchor","Sozu","StoneCalendar","Pen Nib","Shuriken","Gremlin Horn"],"potions_floor_usage":[],"damage_taken":[{"damage":4.0,"enemies":"Small Slimes","floor":1.0,"turns":4.0},{"damage":0.0,"enemies":"2 Louse","floor":3.0,"turns":4.0},{"damage":9.0,"enemies":"Jaw Worm","floor":4.0,"turns":3.0},{"damage":20.0,"enemies":"3 Sentries","floor":7.0,"turns":6.0},{"damage":0.0,"enemies":"Gremlin Nob","floor":10.0,"turns":2.0},{"damage":22.0,"enemies":"Exordium Thugs","floor":11.0,"turns":4.0},{"damage":0.0,"enemies":"Lagavulin","floor":12.0,"turns":3.0},{"damage":5.0,"enemies":"Red Slaver","floor":13.0,"turns":3.0},{"damage":10.0,"enemies":"Lots of Slimes","floor":14.0,"turns":2.0},{"damage":40.0,"enemies":"Hexaghost","floor":16.0,"turns":7.0},{"damage":3.0,"enemies":"Chosen","floor":18.0,"turns":3.0},{"damage":6.0,"enemies":"Spheric Guardian","floor":19.0,"turns":3.0},{"damage":34.0,"enemies":"Colosseum Slavers","floor":20.0,"turns":5.0},{"damage":46.0,"enemies":"Colosseum Nobs","floor":20.0,"turns":5.0},{"damage":0.0,"enemies":"3 Cultists","floor":22.0,"turns":3.0},{"damage":15.0,"enemies":"Slavers","floor":24.0,"turns":4.0},{"damage":0.0,"enemies":"Sentry and Sphere","floor":28.0,"turns":4.0},{"damage":2.0,"enemies":"Snake Plant","floor":30.0,"turns":2.0},{"damage":28.0,"enemies":"Book of Stabbing","floor":31.0,"turns":3.0},{"damage":51.0,"enemies":"Collector","floor":33.0,"turns":9.0},{"damage":12.0,"enemies":"3 Darklings","floor":35.0,"turns":4.0},{"damage":30.0,"enemies":"Mysterious Sphere","floor":37.0,"turns":6.0},{"damage":0.0,"enemies":"Orb Walker","floor":38.0,"turns":2.0},{"damage":0.0,"enemies":"Reptomancer","floor":39.0,"turns":3.0},{"damage":16.0,"enemies":"3 Darklings","floor":41.0,"turns":4.0},{"damage":0,"enemies":"Giant Head","floor":44,"turns":4},{"damage":0,"enemies":"Sphere and 2 Shapes","floor":45,"turns":2},{"damage":9,"enemies":"Spire Growth","floor":47,"turns":4},{"damage":41,"enemies":"Donu and Deca","floor":50,"turns":6}],"seed_played":"-8491362931639677263","potions_obtained":[{"floor":3.0,"key":"Energy Potion"},{"floor":4.0,"key":"SteroidPotion"},{"floor":7.0,"key":"Fire Potion"},{"floor":13.0,"key":"Fire Potion"},{"floor":18.0,"key":"BloodPotion"},{"floor":24.0,"key":"Weak Potion"},{"floor":28.0,"key":"Explosive Potion"},{"floor":31.0,"key":"Energy Potion"},{"floor":33.0,"key":"Energy Potion"}],"is_trial":false,"path_per_floor":["M","?","M","M","$","R","E","R","T","E","M","E","M","M","R","B",null,"M","M","?","$","M","R","E","R","T","R","M","?","M","E","R","B",null,"M","?","?","M","M","R","M","$","T","E","M","R","M","$","R","B"],"character_chosen":"IRONCLAD","items_purchased":["Swift Strike","Inflame","Oddly Smooth Stone","Mind Blast","Shrug It Off","HandOfGreed","War Paint","Pen Nib","Apotheosis","Panacea"],"campfire_rested":4,"item_purchase_floors":[5,5,21,21,21,21,21,42,42,42],"current_hp_per_floor":[70,63,69,66,66,66,52,52,52,58,42,48,49,45,67,33,65,68,68,7,7,13,35,26,48,55,55,61,61,65,43,67,22,67,61,82,58,64,70,70,60,60,60,66,72,72,69,69,69,34],"gold":65,"neow_bonus":"HUNDRED_GOLD","is_prod":false,"is_daily":false,"chose_seed":false,"campfire_upgraded":6,"win_rate":0,"timestamp":1538665161,"path_taken":["M","?","?","M","$","R","E","R","T","E","?","E","M","?","R","BOSS","M","?","?","$","?","R","E","R","T","R","M","?","M","E","R","BOSS","M","?","?","M","?","R","M","$","T","E","M","R","?","?","R","BOSS"],"build_version":"2018-09-27","purchased_purges":2,"victory":true,"max_hp_per_floor":[75,75,75,75,75,75,75,75,75,75,75,75,75,75,75,75,75,75,75,75,75,75,75,75,75,82,82,82,82,82,82,82,82,82,82,82,82,82,82,82,82,82,82,82,82,82,82,82,82,82],"card_choices":[{"not_picked":["Iron Wave","Uppercut"],"picked":"Battle Trance","floor":1.0},{"not_picked":["Blood for Blood","Wild Strike"],"picked":"Dropkick","floor":3.0},{"not_picked":["Warcry","Sword Boomerang"],"picked":"Flex","floor":4.0},{"not_picked":["Havoc","Clash"],"picked":"Anger","floor":7.0},{"not_picked":["Clash","Brutality"],"picked":"Whirlwind","floor":10.0},{"not_picked":["Havoc","Carnage"],"picked":"Uppercut","floor":11.0},{"not_picked":["Anger","Combust"],"picked":"True Grit","floor":12.0},{"not_picked":["Clothesline","Heavy Blade"],"picked":"Iron Wave","floor":13.0},{"not_picked":["Flex","Warcry"],"picked":"Shrug It Off","floor":14.0},{"not_picked":["Dark Embrace","Brutality"],"picked":"Double Tap","floor":16.0},{"not_picked":["Clothesline"],"picked":"SKIP","floor":18.0},{"not_picked":[],"picked":"Iron Wave+1","floor":19.0},{"not_picked":[],"picked":"Clothesline","floor":20.0},{"not_picked":[],"picked":"Body Slam","floor":22.0},{"not_picked":["Intimidate"],"picked":"SKIP","floor":24.0},{"not_picked":["Wild Strike"],"picked":"SKIP","floor":28.0},{"not_picked":[],"picked":"Pommel Strike","floor":30.0},{"not_picked":["Feel No Pain+1"],"picked":"SKIP","floor":31.0},{"not_picked":[],"picked":"Immolate","floor":33.0},{"not_picked":[],"picked":"Whirlwind+1","floor":35.0},{"not_picked":[],"picked":"Thunderclap","floor":37.0},{"not_picked":[],"picked":"Shockwave","floor":38.0},{"not_picked":["Heavy Blade"],"picked":"SKIP","floor":39.0},{"not_picked":["Clash"],"picked":"SKIP","floor":41.0},{"not_picked":["Warcry"],"picked":"SKIP","floor":44},{"not_picked":["Clash"],"picked":"SKIP","floor":45},{"not_picked":[],"picked":"Shrug It Off+1","floor":47}],"player_experience":688927,"relics_obtained":[{"floor":7.0,"key":"PreservedInsect"},{"floor":9.0,"key":"Red Skull"},{"floor":10.0,"key":"MawBank"},{"floor":12.0,"key":"Sundial"},{"floor":20.0,"key":"Turnip"},{"floor":20.0,"key":"The Courier"},{"floor":24.0,"key":"Smiling Mask"},{"floor":26.0,"key":"Strawberry"},{"floor":31.0,"key":"Anchor"},{"floor":37.0,"key":"StoneCalendar"},{"floor":43,"key":"Shuriken"},{"floor":44,"key":"Gremlin Horn"}],"event_choices":[{"event_name":"Golden Wing","player_choice":"Card Removal","floor":2.0,"damage_taken":0.0},{"event_name":"Colosseum","player_choice":"Fight","floor":20.0,"damage_taken":0.0},{"event_name":"Colosseum","player_choice":"Fought Nobs","floor":20.0,"damage_taken":0.0},{"event_name":"Drug Dealer","player_choice":"Inject Mutagens","floor":29.0,"damage_taken":0.0},{"event_name":"Winding Halls","player_choice":"Writhe","floor":36.0,"damage_taken":0.0},{"event_name":"Mysterious Sphere","player_choice":"Fight","floor":37.0,"damage_taken":0.0}],"is_beta":false,"boss_relics":[{"not_picked":["Astrolabe","Black Blood"],"picked":"Busted Crown"},{"not_picked":["Runic Pyramid","White Beast Statue"],"picked":"Sozu"}],"items_purged_floors":[42,48],"is_endless":false,"potions_floor_spawned":[3,4,7,13,18,24,28,31,33,35,39,41,47],"ascension_level":14}