{"gold_per_floor":[113,127,147,158,123,157,157,90,117,135,163,178,203,219,219,297,297,309,325,55,55,68,68,94,113,113,144,144,144,144,163,163,163],"floor_reached":33,"playtime":2341,"items_purged":["Strike_B"],"score":535,"play_id":"7384edec-84d8-4290-9889-3fb1d99d0d49","local_time":"20190326145959","is_ascension_mode":true,"campfire_choices":[{"data":"Zap","floor":7,"key":"SMITH"},{"floor":15,"key":"REST"},{"data":"Doom and Gloom","floor":23,"key":"SMITH"},{"floor":29,"key":"REST"},{"floor":32,"key":"REST"}],"neow_cost":"NONE","seed_source_timestamp":526452003619963,"circlet_count":0,"master_deck":["AscendersBane","Strike_B","Strike_B","Strike_B","Defend_B","Defend_B","Defend_B","Defend_B","Zap+1","Dualcast","Cold Snap","Conserve Battery","Ball Lightning","Cold Snap","Electrodynamics","Genetic Algorithm","Cold Snap","Double Energy","Steam Power","Compile Driver","Cold Snap","Thunder Strike","Turbo","Glacier","Doom and Gloom+1","Cold Snap+1","Coolheaded","Beam Cell","Regret","Doom and Gloom+1","Loop"],"relics":["Cracked Core","DataDisk","Boot","Smiling Mask","Bottled Lightning","Cursed Key","Anchor","Vajra","Juzu Bracelet","Regal Pillow"],"potions_floor_usage":[6,16,16,22,33],"damage_taken":[{"damage":1,"enemies":"2 Louse","floor":1,"turns":3},{"damage":7,"enemies":"Jaw Worm","floor":2,"turns":4},{"damage":0,"enemies":"Cultist","floor":3,"turns":3},{"damage":4,"enemies":"Blue Slaver","floor":4,"turns":4},{"damage":14,"enemies":"Lagavulin","floor":6,"turns":7},{"damage":0,"enemies":"2 Fungi Beasts","floor":10,"turns":2},{"damage":15,"enemies":"3 Sentries","floor":11,"turns":4},{"damage":0,"enemies":"Gremlin Gang","floor":12,"turns":4},{"damage":13,"enemies":"Lagavulin","floor":13,"turns":6},{"damage":10,"enemies":"Lots of Slimes","floor":14,"turns":2},{"damage":4,"enemies":"Hexaghost","floor":16,"turns":9},{"damage":10,"enemies":"Shell Parasite","floor":18,"turns":4},{"damage":0,"enemies":"Chosen","floor":19,"turns":4},{"damage":1,"enemies":"Sentry and Sphere","floor":22,"turns":4},{"damage":8,"enemies":"Book of Stabbing","floor":24,"turns":5},{"damage":13,"enemies":"Snake Plant","floor":25,"turns":3},{"damage":25,"enemies":"Gremlin Leader","floor":27,"turns":4},{"damage":2,"enemies":"Cultist and Chosen","floor":31,"turns":3},{"damage":55,"enemies":"Champ","floor":33,"turns":8}],"seed_played":"8795655799258759513","potions_obtained":[{"floor":4,"key":"AttackPotion"},{"floor":6,"key":"FearPotion"},{"floor":11,"key":"LiquidBronze"},{"floor":13,"key":"FocusPotion"},{"floor":16,"key":"Explosive Potion"},{"floor":19,"key":"Energy Potion"},{"floor":25,"key":"SpeedPotion"},{"floor":31,"key":"Swift Potion"}],"is_trial":false,"path_per_floor":["M","M","M","M","?","E","R","$","T","M","E","M","E","M","R","B",null,"M","M","$","?","M","R","E","M","T","E","?","R","?","M","R","B"],"character_chosen":"DEFECT","items_purchased":["Genetic Algorithm","Doom and Gloom","Anchor"],"campfire_rested":3,"item_purchase_floors":[8,20,20],"current_hp_per_floor":[74,67,67,63,82,68,68,68,68,68,53,53,40,30,54,50,74,64,64,64,64,63,63,55,42,42,17,17,56,56,54,82,27],"gold":163,"neow_bonus":"TEN_PERCENT_HP_BONUS","is_prod":false,"is_daily":false,"chose_seed":false,"campfire_upgraded":2,"win_rate":0,"timestamp":1553630399,"path_taken":["M","M","M","M","?","E","R","?","T","M","E","?","E","M","R","BOSS","M","M","$","?","M","R","E","M","T","E","?","R","?","M","R","BOSS"],"build_version":"2019-01-23","purchased_purges":1,"victory":false,"max_hp_per_floor":[82,82,82,82,82,82,82,82,82,82,82,82,82,82,82,82,82,82,82,82,82,82,82,82,82,82,82,82,82,82,82,82,82],"card_choices":[{"not_picked":["Sweeping Beam","Sunder"],"picked":"Cold Snap","floor":1},{"not_picked":["Steam Power","Beam Cell"],"picked":"Conserve Battery","floor":2},{"not_picked":["BootSequence","Stack"],"picked":"Ball Lightning","floor":3},{"not_picked":["BootSequence","Leap"],"picked":"Cold Snap","floor":4},{"not_picked":["Double Energy","Glacier"],"picked":"Electrodynamics","floor":6},{"not_picked":["Leap","Turbo"],"picked":"Cold Snap","floor":10},{"not_picked":["Streamline","Stack"],"picked":"Double Energy","floor":11},{"not_picked":["Recycle","Go for the Eyes"],"picked":"Steam Power","floor":12},{"not_picked":["Redo","Rebound"],"picked":"Compile Driver","floor":13},{"not_picked":["Steam","Stack"],"picked":"Cold Snap","floor":14},{"not_picked":["Core Surge","All For One"],"picked":"Thunder Strike","floor":16},{"not_picked":["Auto Shields","Barrage"],"picked":"Turbo","floor":18},{"not_picked":["Fusion","Steam Power"],"picked":"Glacier","floor":19},{"not_picked":["Chill","Turbo"],"picked":"Cold Snap+1","floor":22},{"not_picked":["Recycle","Gash"],"picked":"Coolheaded","floor":24},{"not_picked":["Gash","Storm"],"picked":"Beam Cell","floor":25},{"not_picked":["Steam+1","Barrage"],"picked":"Doom and Gloom+1","floor":27},{"not_picked":["Gash+1","Streamline"],"picked":"Loop","floor":31}],"player_experience":1285193,"relics_obtained":[{"floor":6,"key":"DataDisk"},{"floor":9,"key":"Boot"},{"floor":11,"key":"Smiling Mask"},{"floor":13,"key":"Bottled Lightning"},{"floor":24,"key":"Vajra"},{"floor":26,"key":"Juzu Bracelet"},{"floor":27,"key":"Regal Pillow"}],"event_choices":[{"damage_healed":20,"gold_gain":0,"player_choice":"Healed","damage_taken":0,"max_hp_gain":0,"max_hp_loss":0,"event_name":"The Cleric","floor":5,"gold_loss":35},{"damage_healed":0,"gold_gain":0,"player_choice":"Ignored","damage_taken":0,"max_hp_gain":0,"max_hp_loss":0,"event_name":"Vampires","floor":21,"gold_loss":0},{"damage_healed":0,"gold_gain":0,"player_choice":"Ignored","damage_taken":0,"max_hp_gain":0,"max_hp_loss":0,"event_name":"N\u0027loth","floor":28,"gold_loss":0},{"damage_healed":0,"gold_gain":0,"player_choice":"Bought 0 Potions","damage_taken":0,"max_hp_gain":0,"max_hp_loss":0,"event_name":"The Woman in Blue","floor":30,"gold_loss":0}],"is_beta":false,"boss_relics":[{"not_picked":["Ectoplasm","Runic Pyramid"],"picked":"Cursed Key"}],"items_purged_floors":[20],"is_endless":false,"potions_floor_spawned":[4,6,11,13,16,19,25,27,31],"killed_by":"Champ","ascension_level":13}