{"gold_per_floor":[116,128,128,139,139,64,92,92,163,189,203,216,216,216,216,216],"floor_reached":16,"playtime":525,"items_purged":[],"score":220,"play_id":"89947c5b-c9d3-470a-9f5d-836d8e260e35","local_time":"20190703210627","is_ascension_mode":true,"campfire_choices":[{"data":"Zap","floor":8,"key":"SMITH"},{"data":"Loop","floor":13,"key":"SMITH"},{"data":"Conserve Battery","floor":15,"key":"SMITH"}],"neow_cost":"NONE","seed_source_timestamp":24259343423659,"circlet_count":0,"master_deck":["AscendersBane","Strike_B","Strike_B","Defend_B","Defend_B","Defend_B","Defend_B","Zap+1","Ball Lightning","Conserve Battery+1","Thunder Strike","Chill","Loop+1","Ball Lightning","Cold Snap"],"relics":["Cracked Core","NeowsBlessing","Vajra","Frozen Egg 2","Pear","Nunchaku"],"potions_floor_usage":[10,10],"damage_taken":[{"damage":0,"enemies":"Jaw Worm","floor":1,"turns":1},{"damage":0,"enemies":"Cultist","floor":2,"turns":1},{"damage":0,"enemies":"2 Louse","floor":4,"turns":1},{"damage":23,"enemies":"3 Sentries","floor":7,"turns":6},{"damage":1,"enemies":"Gremlin Nob","floor":10,"turns":3},{"damage":6,"enemies":"Looter","floor":11,"turns":3},{"damage":13,"enemies":"Large Slime","floor":12,"turns":5},{"damage":25,"enemies":"Hexaghost","floor":16,"turns":7}],"seed_played":"9008984022939366988","potions_obtained":[{"floor":1,"key":"Weak Potion"},{"floor":4,"key":"Poison Potion"}],"is_trial":false,"path_per_floor":["M","M","?","M","?","?","E","R","T","E","M","M","R","T","R","B"],"character_chosen":"DEFECT","items_purchased":[],"campfire_rested":0,"item_purchase_floors":[],"current_hp_per_floor":[64,64,64,64,57,57,34,34,34,43,37,24,24,24,24,0],"gold":216,"neow_bonus":"THREE_ENEMY_KILL","is_prod":false,"is_daily":false,"chose_seed":false,"campfire_upgraded":3,"win_rate":0,"timestamp":1562180787,"path_taken":["M","M","?","?","?","?","E","R","T","E","M","M","R","?","R","BOSS"],"build_version":"2019-07-01","purchased_purges":0,"victory":false,"max_hp_per_floor":[71,71,71,71,71,71,71,71,71,81,81,81,81,81,81,81],"card_choices":[{"not_picked":["Steam","Leap"],"picked":"Ball Lightning","floor":1},{"not_picked":["Sweeping Beam","Creative AI"],"picked":"Conserve Battery","floor":2},{"not_picked":["Scrape","BootSequence"],"picked":"Chill","floor":4},{"not_picked":["Double Energy","Blizzard"],"picked":"Loop","floor":7},{"not_picked":["Blizzard","Genetic Algorithm"],"picked":"Ball Lightning","floor":10},{"not_picked":["Go for the Eyes","Streamline","Blizzard"],"picked":"SKIP","floor":11},{"not_picked":["Beam Cell","Turbo"],"picked":"Cold Snap","floor":12}],"player_experience":1460410,"relics_obtained":[{"floor":7,"key":"Vajra"},{"floor":9,"key":"Frozen Egg 2"},{"floor":10,"key":"Pear"},{"floor":14,"key":"Nunchaku"}],"event_choices":[{"damage_healed":0,"gold_gain":0,"cards_transformed":["Strike_B"],"player_choice":"Transformed","damage_taken":0,"max_hp_gain":0,"max_hp_loss":0,"event_name":"Transmorgrifier","floor":3,"gold_loss":0,"cards_obtained":["Thunder Strike"]},{"cards_removed":["Strike_B"],"damage_healed":0,"gold_gain":0,"player_choice":"Card Removal","damage_taken":7,"max_hp_gain":0,"max_hp_loss":0,"event_name":"Golden Wing","floor":5,"gold_loss":0},{"cards_removed":["Dualcast"],"damage_healed":0,"gold_gain":0,"player_choice":"Card Removal","damage_taken":0,"max_hp_gain":0,"max_hp_loss":0,"event_name":"The Cleric","floor":6,"gold_loss":75}],"is_beta":false,"boss_relics":[],"items_purged_floors":[],"is_endless":false,"potions_floor_spawned":[1,4],"killed_by":"Hexaghost","ascension_level":20}