{"gold_per_floor":[117,292,567,587,512,545,545,545,545,545,157,157,157,172,172,275,275,290,290],"floor_reached":19,"playtime":1136,"items_purged":["Regret","Strike_B"],"score":163,"play_id":"d460d6f2-4962-4e1a-ab1c-22aad2995190","local_time":"20190609134653","is_ascension_mode":false,"campfire_choices":[{"data":"Hologram","floor":7,"key":"SMITH"},{"floor":10,"key":"REST"},{"data":"Zap","floor":12,"key":"SMITH"},{"data":"Chaos","floor":15,"key":"SMITH"}],"neow_cost":"NONE","seed_source_timestamp":2042940389469927,"circlet_count":0,"master_deck":["Strike_B","Defend_B","Defend_B","Defend_B","Zap+1","Dualcast","Gash","Hologram+1","Go for the Eyes","Chaos+1","Reboot","Blizzard+1","Cold Snap+1","Storm+1","Skim"],"relics":["Cracked Core","Dead Branch","Cables","WingedGreaves","Symbiotic Virus","Astrolabe"],"potions_floor_usage":[],"damage_taken":[{"damage":2,"enemies":"2 Louse","floor":1,"turns":2},{"damage":2,"enemies":"Small Slimes","floor":4,"turns":3},{"damage":48,"enemies":"3 Sentries","floor":6,"turns":10},{"damage":0,"enemies":"Cultist","floor":14,"turns":3},{"damage":30,"enemies":"Slime Boss","floor":16,"turns":9},{"damage":9,"enemies":"Spheric Guardian","floor":18,"turns":4},{"damage":0,"enemies":"Shell Parasite","floor":19,"turns":1}],"seed_played":"-7433331586648354253","potions_obtained":[{"floor":6,"key":"GamblersBrew"},{"floor":18,"key":"Explosive Potion"}],"is_trial":false,"path_per_floor":["M","?","?","M","$","E","R","?","T","R","$","R","?","M","R","B",null,"M","M"],"character_chosen":"DEFECT","items_purchased":["WingedGreaves"],"campfire_rested":1,"item_purchase_floors":[11],"current_hp_per_floor":[80,80,80,78,78,30,30,23,23,47,47,47,47,47,47,17,82,73,73],"gold":290,"neow_bonus":"TEN_PERCENT_HP_BONUS","is_prod":false,"is_daily":false,"chose_seed":false,"campfire_upgraded":3,"win_rate":0,"timestamp":1560106013,"path_taken":["M","?","?","?","$","E","R","?","T","R","$","R","?","M","R","BOSS","M","M"],"build_version":"2019-01-23","purchased_purges":2,"victory":false,"max_hp_per_floor":[82,82,82,82,82,82,82,82,82,82,82,82,82,82,82,82,82,82,82],"card_choices":[{"not_picked":["Skim","Beam Cell"],"picked":"Gash","floor":1},{"not_picked":["Cold Snap","Static Discharge"],"picked":"Hologram","floor":4},{"not_picked":["Hyperbeam","Sweeping Beam"],"picked":"Go for the Eyes","floor":6},{"not_picked":["Genetic Algorithm","Compile Driver"],"picked":"Chaos","floor":14},{"not_picked":["Amplify","Electrodynamics"],"picked":"Reboot","floor":16},{"not_picked":["Barrage","Turbo"],"picked":"Skim","floor":18}],"player_experience":1433828,"relics_obtained":[{"floor":6,"key":"Dead Branch"},{"floor":9,"key":"Cables"}],"event_choices":[{"damage_healed":0,"gold_gain":175,"player_choice":"AGREE","damage_taken":0,"max_hp_gain":0,"max_hp_loss":0,"event_name":"Liars Game","floor":2,"gold_loss":0,"cards_obtained":["Doubt"]},{"damage_healed":0,"gold_gain":275,"player_choice":"Desecrate","damage_taken":0,"max_hp_gain":0,"max_hp_loss":0,"event_name":"Golden Shrine","floor":3,"gold_loss":0,"cards_obtained":["Regret"]},{"cards_removed":["Doubt"],"damage_healed":0,"gold_gain":0,"player_choice":"Card Removal","damage_taken":7,"max_hp_gain":0,"max_hp_loss":0,"event_name":"Golden Wing","floor":8,"gold_loss":0},{"damage_healed":0,"gold_gain":0,"player_choice":"Gave Potion","damage_taken":0,"relics_obtained":["Symbiotic Virus"],"max_hp_gain":0,"max_hp_loss":0,"event_name":"WeMeetAgain","floor":13,"gold_loss":0}],"is_beta":false,"boss_relics":[{"not_picked":["Fusion Hammer","Ectoplasm"],"picked":"Astrolabe"}],"items_purged_floors":[5,11],"is_endless":false,"potions_floor_spawned":[6,18],"killed_by":"Shell Parasite","ascension_level":0}