{"gold_per_floor":[117,127,127,140,158,158,188,188,188,202,8,8,8,40,40,142,142,152,166,185,185,201,235,160,160,160,160,171,203,218,65,65,167,217,230,230,278,32,49,49,81,81,81,114,131,149,163,163,163,163],"floor_reached":51,"playtime":5361,"items_purged":["Writhe","Strike_G"],"score":940,"play_id":"3139aaa3-3c06-49cc-8031-a89a3b393c46","local_time":"20180821142614","is_ascension_mode":true,"campfire_choices":[{"data":"Neutralize","floor":6.0,"key":"SMITH"},{"data":"Cloak And Dagger","floor":8.0,"key":"SMITH"},{"data":"Dash","floor":12.0,"key":"SMITH"},{"data":"Adrenaline","floor":15.0,"key":"SMITH"},{"floor":25,"key":"REST"},{"data":"Endless Agony","floor":32,"key":"SMITH"},{"data":"Choke","floor":40,"key":"SMITH"},{"data":"Storm of Steel","floor":42,"key":"SMITH"},{"data":"1","floor":49,"key":"LIFT"}],"neow_cost":"NONE","seed_source_timestamp":0,"circlet_count":0,"master_deck":["Defend_G","Defend_G","Defend_G","Defend_G+1","Defend_G","Strike_G+1","Strike_G","Strike_G+1","Strike_G","Survivor","Neutralize+1","Backflip+1","Flying Knee","Poisoned Stab","Adrenaline+1","Cloak And Dagger+1","Dash+1","Master of Strategy","Escape Plan","A Thousand Cuts","Blade Dance+1","Flying Knee","Sucker Punch+1","Finisher","Footwork+1","Endless Agony+1","Backstab","Choke+1","Storm of Steel+1","Well Laid Plans+1","Infinite Blades","Poisoned Stab+1","Choke+1","Blur","Poisoned Stab+1","Infinite Blades+1","Cloak And Dagger+1","Distraction+1","Dodge and Roll+1"],"special_seed":0,"relics":["Eternal Feather","Question Card","Unceasing Top","Thread and Needle","Lantern","Mercury Hourglass","WristBlade","Bronze Scales","Kunai","Darkstone Periapt","Meat on the Bone","Whetstone","Tiny House","StoneCalendar","Sundial","Anchor","War Paint","Torii","Girya"],"potions_floor_usage":[23,29,33,33,41,45,47],"damage_taken":[{"damage":0.0,"enemies":"Small Slimes","floor":1.0,"turns":4.0},{"damage":0.0,"enemies":"Cultist","floor":2.0,"turns":6.0},{"damage":0.0,"enemies":"Jaw Worm","floor":4.0,"turns":5.0},{"damage":0.0,"enemies":"Blue Slaver","floor":5.0,"turns":5.0},{"damage":29.0,"enemies":"Gremlin Nob","floor":7.0,"turns":5.0},{"damage":0.0,"enemies":"Looter","floor":10.0,"turns":4.0},{"damage":0.0,"enemies":"Lagavulin","floor":14.0,"turns":5.0},{"damage":38.0,"enemies":"The Guardian","floor":16.0,"turns":13.0},{"damage":1,"enemies":"3 Byrds","floor":18,"turns":4},{"damage":0,"enemies":"Shell Parasite","floor":19,"turns":3},{"damage":6,"enemies":"Snecko","floor":20,"turns":4},{"damage":3,"enemies":"3 Cultists","floor":22,"turns":4},{"damage":20,"enemies":"Slavers","floor":23,"turns":5},{"damage":0,"enemies":"Snake Plant","floor":28,"turns":2},{"damage":10,"enemies":"Gremlin Leader","floor":29,"turns":5},{"damage":0,"enemies":"Snecko","floor":30,"turns":4},{"damage":6,"enemies":"Champ","floor":33,"turns":12},{"damage":0,"enemies":"3 Shapes","floor":35,"turns":2},{"damage":21,"floor":36,"turns":6},{"damage":10,"floor":37,"turns":4},{"damage":0,"enemies":"Orb Walker","floor":39,"turns":2},{"damage":13,"enemies":"2 Orb Walkers","floor":41,"turns":4},{"damage":13,"enemies":"Nemesis","floor":44,"turns":5},{"damage":0,"enemies":"Sphere and 2 Shapes","floor":45,"turns":3},{"damage":4,"enemies":"4 Shapes","floor":46,"turns":4},{"damage":6,"enemies":"Flame Bruiser 2 Orb","floor":47,"turns":4},{"damage":13,"enemies":"Time Eater","floor":50,"turns":11}],"seed_played":"6530467167697372194","potions_obtained":[{"floor":4.0,"key":"SkillPotion"},{"floor":10.0,"key":"AttackPotion"},{"floor":20,"key":"Swift Potion"},{"floor":23,"key":"LiquidBronze"},{"floor":28,"key":"EssenceOfSteel"},{"floor":30,"key":"Explosive Potion"},{"floor":34,"key":"FairyPotion"},{"floor":35,"key":"Fire Potion"},{"floor":37,"key":"AttackPotion"},{"floor":46,"key":"SteroidPotion"},{"floor":47,"key":"Fire Potion"},{"floor":48,"key":"SteroidPotion"}],"is_trial":false,"path_per_floor":["M","M","?","M","M","R","E","R","T","M","$","R","T","E","R","B",null,"M","M","M","?","M","E","$","R","T","?","M","E","M","$","R","B",null,"M","?","?","$","M","R","E","R","T","E","M","M","M","?","R","B"],"character_chosen":"THE_SILENT","items_purchased":["Master of Strategy","Whetstone","Anchor"],"campfire_rested":1,"item_purchase_floors":[11,31,38],"current_hp_per_floor":[70,70,52,52,52,61,32,41,41,41,41,50,50,50,62,24,59,58,58,52,52,49,29,29,65,65,65,65,55,55,55,70,64,74,74,53,43,43,43,61,48,69,69,56,56,52,46,46,67,54],"gold":163,"neow_bonus":"BOSS_RELIC","is_prod":false,"is_daily":false,"chose_seed":false,"campfire_upgraded":7,"win_rate":0,"timestamp":1534879574,"path_taken":["M","M","?","?","M","R","E","R","T","M","$","R","?","E","R","BOSS","M","M","M","?","M","E","?","R","T","?","?","E","M","?","R","BOSS","M","?","?","$","M","R","E","R","T","E","M","?","M","?","R","BOSS"],"build_version":"2018-08-16","purchased_purges":2,"victory":true,"max_hp_per_floor":[70,70,70,70,70,70,70,70,70,70,70,70,70,70,70,70,70,70,70,70,70,70,70,70,70,70,70,70,70,70,70,70,70,75,75,75,75,75,75,75,75,75,75,75,75,75,75,75,75,75],"card_choices":[{"not_picked":["Flying Knee","Distraction"],"picked":"Backflip","floor":1.0},{"not_picked":["PiercingWail","Well Laid Plans"],"picked":"Flying Knee","floor":2.0},{"not_picked":["PiercingWail","Blade Dance","Slice"],"picked":"Poisoned Stab","floor":4.0},{"not_picked":["Underhanded Strike","Dagger Spray","Acrobatics"],"picked":"Adrenaline","floor":5.0},{"not_picked":["Slice","PiercingWail","Dodge and Roll"],"picked":"Cloak And Dagger","floor":7.0},{"not_picked":["Quick Slash","Underhanded Strike","Deadly Poison"],"picked":"Dash","floor":10.0},{"not_picked":["Crippling Poison","Outmaneuver","Blade Dance"],"picked":"Escape Plan","floor":14.0},{"not_picked":["Glass Knife","Night Terror","Burst"],"picked":"A Thousand Cuts","floor":16.0},{"not_picked":["Dodge and Roll+1","Sucker Punch","Poisoned Stab"],"picked":"Blade Dance","floor":18},{"not_picked":["Catalyst","PiercingWail","Sucker Punch"],"picked":"Flying Knee","floor":19},{"not_picked":["Poisoned Stab","Flying Knee","PiercingWail"],"picked":"Sucker Punch+1","floor":20},{"not_picked":["Bane","Venomology","Accuracy"],"picked":"Finisher","floor":22},{"not_picked":["Prepared","Noxious Fumes","Acrobatics"],"picked":"Footwork+1","floor":23},{"not_picked":["Dagger Spray","Dodge and Roll","Poisoned Stab"],"picked":"Endless Agony","floor":28},{"not_picked":["A Thousand Cuts","Die Die Die","Poisoned Stab"],"picked":"Backstab","floor":29},{"not_picked":["Dagger Spray+1","Blade Dance+1","Concentrate+1"],"picked":"Choke","floor":30},{"not_picked":["Unload","Phantasmal Killer","Glass Knife"],"picked":"Storm of Steel","floor":33},{"not_picked":["Acrobatics","Distraction","Dodge and Roll"],"picked":"Well Laid Plans+1","floor":34},{"not_picked":["Deadly Poison+1","PiercingWail+1","Outmaneuver+1"],"picked":"Infinite Blades","floor":35},{"not_picked":["Underhanded Strike","Crippling Poison","Leg Sweep"],"picked":"Poisoned Stab+1","floor":36},{"not_picked":["Prepared","Poisoned Stab","Deflect+1"],"picked":"Choke","floor":37},{"not_picked":["Flying Knee","Outmaneuver","Skewer+1"],"picked":"Blur","floor":39},{"not_picked":["Outmaneuver+1","Eviscerate+1","After Image"],"picked":"Poisoned Stab+1","floor":41},{"not_picked":["Backflip+1","Sucker Punch","PiercingWail"],"picked":"Infinite Blades+1","floor":44},{"not_picked":["Dodge and Roll","Prepared","Wraith Form v2"],"picked":"Cloak And Dagger+1","floor":45},{"not_picked":["Quick Slash","Bouncing Flask","Deadly Poison"],"picked":"Distraction+1","floor":46},{"not_picked":["Dagger Throw+1","Bane","Calculated Gamble"],"picked":"Dodge and Roll+1","floor":47}],"player_experience":529319,"relics_obtained":[{"floor":7.0,"key":"Unceasing Top"},{"floor":9.0,"key":"Thread and Needle"},{"floor":13.0,"key":"Lantern"},{"floor":14.0,"key":"Mercury Hourglass"},{"floor":23,"key":"Kunai"},{"floor":26,"key":"Darkstone Periapt"},{"floor":29,"key":"Meat on the Bone"},{"floor":36,"key":"StoneCalendar"},{"floor":37,"key":"Sundial"},{"floor":41,"key":"War Paint"},{"floor":43,"key":"Torii"},{"floor":44,"key":"Girya"}],"event_choices":[{"event_name":"Scrap Ooze","player_choice":"success","floor":3.0,"damage_taken":18.0},{"event_name":"The Mausoleum","player_choice":"Yes","floor":21,"damage_taken":0},{"event_name":"Upgrade Shrine","player_choice":"Upgraded","floor":27,"damage_taken":0},{"event_name":"MindBloom","player_choice":"Fight","floor":36,"damage_taken":0},{"event_name":"Mysterious Sphere","player_choice":"Fight","floor":37,"damage_taken":0},{"event_name":"The Lab","player_choice":"Got Potions","floor":48,"damage_taken":0}],"is_beta":false,"boss_relics":[{"not_picked":["Coffee Dripper","Orrery"],"picked":"WristBlade"},{"not_picked":["HoveringKite","Cursed Key"],"picked":"Tiny House"}],"items_purged_floors":[24,38],"is_endless":false,"potions_floor_spawned":[4,10,20,23,28,30,35,37,46,47],"ascension_level":5}