{"gold_per_floor":[115,65,65,65,65,65,86,86,136,61,61,102,2,0,0,0],"floor_reached":16,"playtime":780,"items_purged":["Strike_R","Defend_R"],"score":94,"play_id":"a8c34a91-fd35-4613-a916-38ca155902e1","local_time":"20190326200617","is_ascension_mode":false,"campfire_choices":[{"data":"Shrug It Off","floor":6,"key":"SMITH"},{"floor":15,"key":"REST"}],"neow_cost":"NONE","seed_source_timestamp":891832204050747,"circlet_count":0,"master_deck":["Strike_R","Strike_R","Strike_R","Strike_R","Defend_R","Bash","Shrug It Off+1"],"relics":["Burning Blood","Golden Idol","Pear","Orichalcum"],"potions_floor_usage":[],"damage_taken":[{"damage":7,"enemies":"Small Slimes","floor":1,"turns":4},{"damage":0,"enemies":"Jaw Worm","floor":7,"turns":3},{"damage":37,"enemies":"Lagavulin","floor":12,"turns":8},{"damage":68,"enemies":"Slime Boss","floor":16,"turns":11}],"seed_played":"-4759148846779348152","potions_obtained":[],"is_trial":false,"path_per_floor":["M","?","$","?","$","R","M","?","T","$","$","E","$","?","R","B"],"character_chosen":"IRONCLAD","items_purchased":[],"campfire_rested":1,"item_purchase_floors":[],"current_hp_per_floor":[79,79,79,59,59,59,65,68,68,68,68,37,37,37,64,0],"gold":0,"neow_bonus":"REMOVE_CARD","is_prod":false,"is_daily":false,"chose_seed":false,"campfire_upgraded":1,"win_rate":0,"timestamp":1553627177,"path_taken":["M","?","$","?","?","R","M","?","T","?","$","E","$","?","R","BOSS"],"build_version":"2019-01-23","purchased_purges":2,"victory":false,"max_hp_per_floor":[80,80,80,80,80,80,80,90,90,90,90,90,90,90,90,90],"card_choices":[{"not_picked":["Armaments","Perfected Strike"],"picked":"Shrug It Off","floor":1},{"not_picked":["Ghostly Armor","Corruption","Metallicize"],"picked":"SKIP","floor":7},{"not_picked":["Uppercut","Cleave","Clash"],"picked":"SKIP","floor":12}],"player_experience":241688,"relics_obtained":[{"floor":12,"key":"Orichalcum"}],"event_choices":[{"cards_removed":["Defend_R"],"damage_healed":0,"gold_gain":0,"player_choice":"Card Removal","damage_taken":0,"max_hp_gain":0,"max_hp_loss":0,"event_name":"The Cleric","floor":2,"gold_loss":50},{"damage_healed":0,"gold_gain":0,"player_choice":"Take Damage","damage_taken":20,"relics_obtained":["Golden Idol"],"max_hp_gain":0,"max_hp_loss":0,"event_name":"Golden Idol","floor":4,"gold_loss":0},{"damage_healed":0,"gold_gain":0,"player_choice":"Success","damage_taken":7,"relics_obtained":["Pear"],"max_hp_gain":0,"max_hp_loss":0,"event_name":"Scrap Ooze","floor":8,"gold_loss":0},{"damage_healed":0,"gold_gain":0,"player_choice":"Left Gold","damage_taken":0,"max_hp_gain":0,"max_hp_loss":0,"event_name":"World of Goop","floor":14,"gold_loss":2}],"is_beta":false,"boss_relics":[],"items_purged_floors":[10,13],"is_endless":false,"potions_floor_spawned":[],"killed_by":"Slime Boss","ascension_level":0}