{"gold_per_floor":[109,34,61,87,111,148,160,184,196,219,231,243,255,283,295,381,393,421,467,479,502,533,574,348,380,405,415,170,170,195,195,195,266,266,286,286,136,147,165,165,183,212,284,284,284,284,23,37,37,37],"floor_reached":51,"playtime":6016,"items_purged":["Injury"],"score":1233,"play_id":"763ff00b-b13c-4901-8f79-5ef247123c48","local_time":"20190331094617","is_ascension_mode":true,"campfire_choices":[{"data":"Zap","floor":7.0,"key":"SMITH"},{"data":"Defragment","floor":11.0,"key":"SMITH"},{"data":"Dualcast","floor":13.0,"key":"SMITH"},{"data":"Steam Power","floor":15.0,"key":"SMITH"},{"data":"Tempest","floor":29.0,"key":"SMITH"},{"floor":32.0,"key":"REST"},{"data":"Rainbow","floor":40.0,"key":"SMITH"},{"data":"Defragment","floor":45.0,"key":"SMITH"},{"floor":49.0,"key":"REST"}],"neow_cost":"CURSE","seed_source_timestamp":0,"circlet_count":0,"master_deck":["AscendersBane","Strike_B+1","Strike_B+1","Strike_B+1","Strike_B+1","Defend_B+1","Defend_B+1","Defend_B+1","Defend_B+1","Zap+1","Dualcast+1","Defragment+1","Ball Lightning","Chill","Glacier","Ball Lightning","Conserve Battery","Steam Power+1","Electrodynamics","Barrage","Cold Snap","Reboot","Steam","Chaos+1","Capacitor+1","Ball Lightning","Tempest+1","FTL+1","Rainbow+1","Glacier","Defragment+1","Leap","BootSequence","Madness","Madness","Steam Power+1"],"special_seed":0,"relics":["Cracked Core","Pocketwatch","MawBank","Blood Vial","Letter Opener","Nuclear Battery","Red Mask","Centennial Puzzle","PreservedInsect","Lantern","Potion Belt","Chemical X","Ancient Tea Set","Sozu","Strawberry","Gremlin Horn","Ornamental Fan","Bottled Flame"],"potions_floor_usage":[50,50],"damage_taken":[{"damage":0.0,"enemies":"Cultist","floor":1.0,"turns":3.0},{"damage":0.0,"enemies":"Small Slimes","floor":4.0,"turns":3.0},{"damage":7.0,"enemies":"Jaw Worm","floor":5.0,"turns":2.0},{"damage":3.0,"enemies":"3 Sentries","floor":6.0,"turns":7.0},{"damage":15.0,"enemies":"Lots of Slimes","floor":8.0,"turns":4.0},{"damage":6.0,"enemies":"Exordium Thugs","floor":10.0,"turns":4.0},{"damage":3.0,"enemies":"Blue Slaver","floor":14.0,"turns":3.0},{"damage":17.0,"enemies":"The Guardian","floor":16.0,"turns":10.0},{"damage":8.0,"enemies":"3 Byrds","floor":18.0,"turns":2.0},{"damage":0.0,"enemies":"Masked Bandits","floor":19.0,"turns":2.0},{"damage":5.0,"enemies":"Shell Parasite","floor":21.0,"turns":4.0},{"damage":0.0,"enemies":"Snecko","floor":22.0,"turns":4.0},{"damage":9.0,"enemies":"Slavers","floor":23.0,"turns":3.0},{"damage":0.0,"enemies":"Gremlin Leader","floor":25.0,"turns":4.0},{"damage":3.0,"enemies":"3 Cultists","floor":27.0,"turns":3.0},{"damage":27.0,"enemies":"Champ","floor":33.0,"turns":7.0},{"damage":3.0,"enemies":"3 Darklings","floor":35.0,"turns":4.0},{"damage":0.0,"enemies":"3 Shapes","floor":38.0,"turns":4.0},{"damage":0.0,"enemies":"Maw","floor":39.0,"turns":5.0},{"damage":0.0,"enemies":"Transient","floor":41.0,"turns":5.0},{"damage":2.0,"enemies":"Reptomancer","floor":42.0,"turns":5.0},{"damage":0.0,"enemies":"4 Shapes","floor":48.0,"turns":4.0},{"damage":59,"enemies":"Time Eater","floor":50,"turns":10}],"seed_played":"7727032457966174933","potions_obtained":[{"floor":1.0,"key":"Dexterity Potion"},{"floor":14.0,"key":"Fire Potion"},{"floor":19.0,"key":"SteroidPotion"},{"floor":25.0,"key":"Explosive Potion"},{"floor":33.0,"key":"Weak Potion"}],"is_trial":false,"path_per_floor":["M","$","T","M","M","E","R","M","T","M","R","$","R","M","R","B",null,"M","?","?","M","M","E","$","E","T","M","$","R","T","?","R","B",null,"M","?","$","M","M","R","M","E","T","?","R","?","$","M","R","B",null],"character_chosen":"DEFECT","items_purchased":["PreservedInsect","Ball Lightning","Tempest","Chemical X","Glacier","Strawberry","Bottled Flame"],"campfire_rested":2,"item_purchase_floors":[24,24,24,28,28,37,47],"current_hp_per_floor":[64,64,64,64,57,54,54,41,41,37,37,37,37,36,36,21,59,53,55,55,52,54,47,47,49,49,48,48,48,48,48,69,44,64,63,63,70,72,74,74,76,76,76,76,76,62,62,64,78,19],"gold":37,"neow_bonus":"ONE_RARE_RELIC","is_prod":false,"is_daily":false,"chose_seed":false,"campfire_upgraded":7,"win_rate":0,"timestamp":1554043577,"path_taken":["M","$","?","M","M","E","R","M","T","?","R","?","R","M","R","BOSS","M","?","?","?","M","E","$","E","T","M","$","R","?","?","R","BOSS","M","?","$","M","M","R","?","E","T","?","R","?","?","M","R","BOSS"],"build_version":"2019-01-23","purchased_purges":1,"victory":true,"max_hp_per_floor":[71,71,71,71,71,71,71,71,71,71,71,71,71,71,71,71,71,71,71,71,71,71,71,71,71,71,71,71,71,71,71,71,71,71,71,71,78,78,78,78,78,78,78,78,78,78,78,78,78,78],"card_choices":[{"not_picked":["Cold Snap","Reinforced Body"],"picked":"Defragment","floor":1.0},{"not_picked":["Cold Snap","Rebound"],"picked":"Ball Lightning","floor":4.0},{"not_picked":["Reinforced Body","Steam"],"picked":"Chill","floor":5.0},{"not_picked":["Coolheaded","Steam"],"picked":"Glacier","floor":6.0},{"not_picked":["Sweeping Beam","Stack"],"picked":"Ball Lightning","floor":8.0},{"not_picked":["Hello World","Force Field"],"picked":"Conserve Battery","floor":10.0},{"not_picked":["Storm","Hyperbeam"],"picked":"Steam Power","floor":14.0},{"not_picked":["Biased Cognition","Thunder Strike"],"picked":"Electrodynamics","floor":16.0},{"not_picked":["Stack","Hello World"],"picked":"Barrage","floor":18.0},{"not_picked":["Static Discharge","Beam Cell"],"picked":"Cold Snap","floor":19.0},{"not_picked":["Redo","Coolheaded"],"picked":"Steam","floor":21.0},{"not_picked":["Cold Snap","Gash"],"picked":"Chaos+1","floor":22.0},{"not_picked":["Biased Cognition","Creative AI"],"picked":"Capacitor+1","floor":23.0},{"not_picked":["Genetic Algorithm","Force Field"],"picked":"FTL","floor":25.0},{"not_picked":["Streamline","Chaos"],"picked":"FTL+1","floor":27.0},{"not_picked":["Electrodynamics","Hyperbeam"],"picked":"Rainbow","floor":33.0},{"not_picked":["Hello World","Streamline"],"picked":"Glacier","floor":35.0},{"not_picked":["Consume","Steam Power+1"],"picked":"Defragment","floor":38.0},{"not_picked":["Steam","Coolheaded"],"picked":"Leap","floor":39.0},{"not_picked":["Heatsinks","Go for the Eyes"],"picked":"BootSequence","floor":41.0},{"not_picked":["Heatsinks","Reprogram","Storm"],"picked":"SKIP","floor":42.0},{"not_picked":["Rebound","Rip and Tear"],"picked":"Steam Power+1","floor":48.0}],"player_experience":1303389,"relics_obtained":[{"floor":3.0,"key":"MawBank"},{"floor":6.0,"key":"Blood Vial"},{"floor":9.0,"key":"Letter Opener"},{"floor":19.0,"key":"Red Mask"},{"floor":23.0,"key":"Centennial Puzzle"},{"floor":25.0,"key":"Lantern"},{"floor":26.0,"key":"Potion Belt"},{"floor":30.0,"key":"Ancient Tea Set"},{"floor":42.0,"key":"Gremlin Horn"},{"floor":43.0,"key":"Ornamental Fan"}],"event_choices":[{"damage_healed":0.0,"max_hp_gain":0.0,"max_hp_loss":0.0,"gold_gain":0.0,"event_name":"Masked Bandits","player_choice":"Fought Bandits","floor":19.0,"gold_loss":0.0,"damage_taken":0.0},{"damage_healed":0.0,"max_hp_gain":0.0,"max_hp_loss":0.0,"gold_gain":0.0,"event_name":"Match and Keep!","player_choice":"1 cards matched","floor":20.0,"gold_loss":0.0,"damage_taken":0.0,"cards_obtained":["Reboot"]},{"damage_healed":0.0,"max_hp_gain":0.0,"max_hp_loss":0.0,"gold_gain":0.0,"event_name":"Back to Basics","player_choice":"Simplicity","floor":31.0,"gold_loss":0.0,"damage_taken":0.0,"cards_upgraded":["Strike_B","Strike_B","Strike_B","Strike_B","Defend_B","Defend_B","Defend_B","Defend_B"]},{"cards_removed":["Glacier"],"damage_healed":0.0,"max_hp_gain":0.0,"max_hp_loss":0.0,"gold_gain":0.0,"event_name":"Purifier","player_choice":"Purged","floor":36.0,"gold_loss":0.0,"damage_taken":0.0},{"cards_removed":["FTL"],"damage_healed":0.0,"max_hp_gain":0.0,"max_hp_loss":0.0,"gold_gain":0.0,"event_name":"Falling","player_choice":"Removed Attack","floor":44.0,"gold_loss":0.0,"damage_taken":0.0},{"damage_healed":0.0,"max_hp_gain":0.0,"max_hp_loss":0.0,"gold_gain":0.0,"event_name":"Winding Halls","player_choice":"Embrace Madness","floor":46.0,"gold_loss":0.0,"damage_taken":14.0,"cards_obtained":["Madness","Madness"]}],"is_beta":false,"boss_relics":[{"not_picked":["Astrolabe","Cursed Key"],"picked":"Nuclear Battery"},{"not_picked":["Tiny House","Fusion Hammer"],"picked":"Sozu"}],"items_purged_floors":[2],"is_endless":false,"potions_floor_spawned":[1,14,19,22,25,33,38,41,48],"ascension_level":15}