{"gold_per_floor":[109,109,109,109,184,184,216,231,231,231,293,325,337],"floor_reached":13,"playtime":841,"items_purged":[],"score":89,"play_id":"2a2e2aa0-6dea-42ab-9601-860a4b1c1ab4","local_time":"20181130222623","is_ascension_mode":false,"campfire_choices":[{"data":"Bash","floor":6,"key":"SMITH"},{"floor":10,"key":"REST"}],"neow_cost":"TEN_PERCENT_HP_LOSS","seed_source_timestamp":1462190464118846,"circlet_count":0,"master_deck":["Strike_R","Strike_R","Strike_R","Strike_R+1","Defend_R","Defend_R","Defend_R","Bash+1","Shrug It Off+1","Flex","Battle Trance","Shrug It Off+1"],"relics":["Burning Blood","Juzu Bracelet","Toxic Egg 2","Smiling Mask","MawBank"],"potions_floor_usage":[],"damage_taken":[{"damage":6,"enemies":"Jaw Worm","floor":1,"turns":3},{"damage":29,"enemies":"Gremlin Nob","floor":7,"turns":5},{"damage":0,"enemies":"Small Slimes","floor":8,"turns":3},{"damage":23,"enemies":"Gremlin Nob","floor":11,"turns":5},{"damage":17,"enemies":"Lagavulin","floor":12,"turns":7},{"damage":1,"enemies":"The Mushroom Lair","floor":13,"turns":3}],"seed_played":"2968794830534828783","potions_obtained":[{"floor":1,"key":"Dexterity Potion"},{"floor":8,"key":"Explosive Potion"},{"floor":11,"key":"GamblersBrew"}],"is_trial":false,"path_per_floor":["M","?","?","?","?","R","E","M","T","R","?","E","?"],"character_chosen":"IRONCLAD","items_purchased":[],"campfire_rested":1,"item_purchase_floors":[],"current_hp_per_floor":[72,72,72,58,47,47,24,30,30,51,34,23,22],"gold":337,"neow_bonus":"REMOVE_TWO","is_prod":false,"is_daily":false,"chose_seed":false,"campfire_upgraded":1,"win_rate":0,"timestamp":1543638383,"path_taken":["M","?","?","?","?","R","E","M","T","R","?","E","?"],"build_version":"2018-11-15","purchased_purges":0,"victory":false,"max_hp_per_floor":[72,72,72,72,72,72,72,72,72,72,72,72,72],"card_choices":[{"not_picked":["Evolve","Anger"],"picked":"Shrug It Off","floor":1},{"not_picked":["Power Through","Hemokinesis"],"picked":"Flex","floor":7},{"not_picked":["Thunderclap","Havoc"],"picked":"Battle Trance","floor":8},{"not_picked":["Clash","Heavy Blade"],"picked":"Shrug It Off+1","floor":11},{"not_picked":["Combust","Juggernaut","Wild Strike"],"picked":"SKIP","floor":12}],"player_experience":1077870,"relics_obtained":[{"floor":7,"key":"Juzu Bracelet"},{"floor":9,"key":"Toxic Egg 2"},{"floor":11,"key":"Smiling Mask"},{"floor":12,"key":"MawBank"}],"event_choices":[{"damage_healed":0,"gold_gain":0,"player_choice":"Ignored","damage_taken":0,"max_hp_gain":0,"max_hp_loss":0,"event_name":"Golden Idol","floor":2,"gold_loss":0},{"damage_healed":0,"gold_gain":0,"player_choice":"Ignored","damage_taken":0,"max_hp_gain":0,"max_hp_loss":0,"event_name":"Liars Game","floor":3,"gold_loss":0},{"damage_healed":0,"gold_gain":0,"player_choice":"Entered Light","damage_taken":14,"max_hp_gain":0,"max_hp_loss":0,"event_name":"Shining Light","floor":4,"gold_loss":0,"cards_upgraded":["Shrug It Off","Strike_R"]},{"damage_healed":0,"gold_gain":75,"player_choice":"Gather Gold","damage_taken":11,"max_hp_gain":0,"max_hp_loss":0,"event_name":"World of Goop","floor":5,"gold_loss":0},{"damage_healed":0,"gold_gain":0,"player_choice":"Searched \u00271\u0027 times","damage_taken":0,"max_hp_gain":0,"max_hp_loss":0,"event_name":"Dead Adventurer","floor":11,"gold_loss":0},{"damage_healed":0,"gold_gain":0,"player_choice":"Fought Mushrooms","damage_taken":0,"max_hp_gain":0,"max_hp_loss":0,"event_name":"Mushrooms","floor":13,"gold_loss":0}],"is_beta":false,"boss_relics":[],"items_purged_floors":[],"is_endless":false,"potions_floor_spawned":[1,8,11],"killed_by":"The Mushroom Lair","ascension_level":0}