{"gold_per_floor":[109,109,109,126,139,139,165,80,104,139,139,154,154,180,180,280,280,296,37,52,67,83,83,113,113,163,194,48,48,64,64,64,64],"floor_reached":33,"playtime":2019,"items_purged":["Defend_G","Strike_G"],"score":379,"play_id":"41296414-7fb2-4659-8a92-d0803e3fbf4a","local_time":"20190701141601","is_ascension_mode":true,"campfire_choices":[{"floor":6,"key":"REST"},{"floor":11,"key":"REST"},{"floor":13,"key":"REST"},{"floor":15,"key":"REST"},{"floor":23,"key":"REST"},{"floor":25,"key":"REST"},{"floor":29,"key":"REST"},{"floor":32,"key":"REST"}],"neow_cost":"NONE","seed_source_timestamp":1389859310044500,"circlet_count":0,"master_deck":["Strike_G","Strike_G","Strike_G","Defend_G","Defend_G","Defend_G+1","Defend_G","Survivor","Neutralize","Poisoned Stab","Backflip","Poisoned Stab","Crippling Poison+1","Footwork","Crippling Poison","Dagger Throw","Corpse Explosion","Escape Plan","Prepared","Flash of Steel","PiercingWail"],"relics":["Sozu","Bag of Marbles","Smiling Mask","Pantograph","Mummified Hand","Philosopher\u0027s Stone","Shuriken","Juzu Bracelet","War Paint","Pocketwatch"],"potions_floor_usage":[],"damage_taken":[{"damage":6,"enemies":"Jaw Worm","floor":1,"turns":5},{"damage":0,"enemies":"Small Slimes","floor":4,"turns":3},{"damage":0,"enemies":"Cultist","floor":5,"turns":3},{"damage":17,"enemies":"Lagavulin","floor":7,"turns":5},{"damage":26,"enemies":"3 Sentries","floor":10,"turns":10},{"damage":10,"enemies":"Lots of Slimes","floor":12,"turns":4},{"damage":26,"enemies":"Gremlin Nob","floor":14,"turns":4},{"damage":35,"enemies":"Hexaghost","floor":16,"turns":9},{"damage":0,"enemies":"Chosen","floor":18,"turns":4},{"damage":2,"enemies":"Shell Parasite","floor":20,"turns":5},{"damage":15,"enemies":"Centurion and Healer","floor":21,"turns":4},{"damage":11,"enemies":"Snecko","floor":22,"turns":4},{"damage":42,"enemies":"Slavers","floor":24,"turns":3},{"damage":31,"enemies":"Book of Stabbing","floor":27,"turns":6},{"damage":4,"enemies":"Cultist and Chosen","floor":30,"turns":4},{"damage":85,"enemies":"Champ","floor":33,"turns":9}],"seed_played":"-677767531477990405","potions_obtained":[],"is_trial":false,"path_per_floor":["M","?","?","M","M","R","E","$","T","E","R","M","R","E","R","B",null,"M","$","M","M","M","R","E","R","T","E","$","R","M","?","R","B"],"character_chosen":"THE_SILENT","items_purchased":["Crippling Poison","Shuriken","Flash of Steel"],"campfire_rested":8,"item_purchase_floors":[8,19,28],"current_hp_per_floor":[64,57,57,57,57,70,53,53,53,27,48,38,59,33,54,35,61,61,61,59,44,33,54,12,33,33,2,2,23,19,19,40,0],"gold":64,"neow_bonus":"BOSS_RELIC","is_prod":false,"is_daily":false,"chose_seed":false,"campfire_upgraded":0,"win_rate":0,"timestamp":1562015761,"path_taken":["M","?","?","M","M","R","E","$","T","E","R","M","R","E","R","BOSS","M","$","M","M","M","R","E","R","T","E","$","R","M","?","R","BOSS"],"build_version":"2019-07-01","purchased_purges":2,"victory":false,"max_hp_per_floor":[70,70,70,70,70,70,70,70,70,70,70,70,70,70,70,70,70,70,70,70,70,70,70,70,70,70,70,70,70,70,70,70,70],"card_choices":[{"not_picked":["Prepared","Masterful Stab"],"picked":"Poisoned Stab","floor":1},{"not_picked":["Accuracy","Terror"],"picked":"Backflip","floor":4},{"not_picked":["Caltrops","Blade Dance"],"picked":"Poisoned Stab","floor":5},{"not_picked":["Accuracy","Choke","Finisher"],"picked":"SKIP","floor":7},{"not_picked":["Finisher","Slice"],"picked":"Footwork","floor":10},{"not_picked":["Tactician","Dagger Throw"],"picked":"Crippling Poison","floor":12},{"not_picked":["Deflect","Eviscerate"],"picked":"Dagger Throw","floor":14},{"not_picked":["Doppelganger","Burst"],"picked":"Corpse Explosion","floor":16},{"not_picked":["Blade Dance","Flying Knee","Underhanded Strike"],"picked":"SKIP","floor":18},{"not_picked":["Cloak And Dagger","Sucker Punch","Dagger Throw"],"picked":"SKIP","floor":20},{"not_picked":["Dodge and Roll","Outmaneuver+1","Poisoned Stab+1"],"picked":"SKIP","floor":21},{"not_picked":["Footwork","Outmaneuver+1","Blade Dance"],"picked":"SKIP","floor":22},{"not_picked":["Infinite Blades","Calculated Gamble"],"picked":"Escape Plan","floor":24},{"not_picked":["Footwork","Underhanded Strike"],"picked":"Prepared","floor":27},{"not_picked":["Slice","Venomology"],"picked":"PiercingWail","floor":30}],"player_experience":588772,"relics_obtained":[{"floor":7,"key":"Smiling Mask"},{"floor":10,"key":"Pantograph"},{"floor":14,"key":"Mummified Hand"},{"floor":24,"key":"Juzu Bracelet"},{"floor":26,"key":"War Paint"},{"floor":27,"key":"Pocketwatch"}],"event_choices":[{"damage_healed":0,"gold_gain":0,"player_choice":"Success","damage_taken":7,"relics_obtained":["Bag of Marbles"],"max_hp_gain":0,"max_hp_loss":0,"event_name":"Scrap Ooze","floor":2,"gold_loss":0},{"cards_removed":["Strike_G"],"damage_healed":0,"gold_gain":0,"player_choice":"Card Removal","damage_taken":0,"max_hp_gain":0,"max_hp_loss":0,"event_name":"Wheel of Change","floor":3,"gold_loss":0},{"damage_healed":0,"gold_gain":0,"player_choice":"Bought 0 Potions","damage_taken":0,"max_hp_gain":0,"max_hp_loss":0,"event_name":"The Woman in Blue","floor":31,"gold_loss":0}],"is_beta":false,"boss_relics":[{"not_picked":["Busted Crown","Runic Pyramid"],"picked":"Philosopher\u0027s Stone"}],"items_purged_floors":[8,28],"is_endless":false,"potions_floor_spawned":[7,10,12,20,21,24],"killed_by":"Champ","ascension_level":5}