{"gold_per_floor":[119,131,131,131,131,131,152,166,191,9,9,23,47,47,47,175,175,190,206,206,225,72,86,86],"floor_reached":24,"playtime":1374,"items_purged":[],"score":190,"play_id":"2cbe22a1-ada1-4012-a076-91fdbab9457f","local_time":"20180801154647","is_ascension_mode":false,"campfire_choices":[{"floor":6,"key":"REST"},{"data":"Self Repair","floor":11,"key":"SMITH"},{"data":"Dualcast","floor":15,"key":"SMITH"}],"neow_cost":"NONE","seed_source_timestamp":3109487235097979,"circlet_count":0,"master_deck":["Strike_B+1","Strike_B","Strike_B","Defend_B","Defend_B","Defend_B","Zap","Dualcast+1","Amplify","Self Repair+1","Storm","Genetic Algorithm","Conserve Battery","Doom and Gloom+1","Conserve Battery","Hologram","Echo Form","Darkness+1","Glacier+1","Conserve Battery","Barrage+1"],"relics":["Cracked Core","Golden Idol","Omamori","Whetstone","CultistMask","Velvet Choker","Nilry\u0027s Codex","Juzu Bracelet"],"potions_floor_usage":[19],"damage_taken":[{"damage":0,"enemies":"2 Louse","floor":1,"turns":3},{"damage":1,"enemies":"Cultist","floor":2,"turns":3},{"damage":3,"enemies":"Small Slimes","floor":7,"turns":3},{"damage":18,"enemies":"Blue Slaver","floor":8,"turns":3},{"damage":0,"enemies":"3 Louse","floor":12,"turns":1},{"damage":16,"enemies":"2 Fungi Beasts","floor":13,"turns":3},{"damage":49,"enemies":"The Guardian","floor":16,"turns":11},{"damage":12,"enemies":"Shell Parasite","floor":18,"turns":5},{"damage":10,"enemies":"Chosen","floor":19,"turns":4},{"damage":20,"enemies":"Sentry and Sphere","floor":21,"turns":4},{"damage":8,"enemies":"Chosen and Byrds","floor":23,"turns":4},{"damage":18,"enemies":"Book of Stabbing","floor":24,"turns":5}],"seed_played":"-8163424851101837976","potions_obtained":[{"floor":7,"key":"EssenceOfSteel"},{"floor":8,"key":"Explosive Potion"},{"floor":16,"key":"SkillPotion"},{"floor":21,"key":"Poison Potion"}],"is_trial":false,"path_per_floor":["M","M","?","?","?","R","M","M","T","$","R","M","M","?","R","B",null,"M","M","?","M","$","M"],"character_chosen":"DEFECT","items_purchased":["Doom and Gloom","Whetstone","Juzu Bracelet"],"campfire_rested":1,"item_purchase_floors":[10,10,22],"current_hp_per_floor":[75,74,74,67,49,71,75,71,71,71,71,71,65,65,65,26,75,73,75,59,39,39,51,33],"gold":86,"neow_bonus":"ONE_RANDOM_RARE_CARD","is_prod":false,"is_daily":false,"chose_seed":false,"campfire_upgraded":2,"win_rate":0,"timestamp":1533156407,"path_taken":["M","M","?","?","?","R","M","M","T","$","R","M","M","?","R","BOSS","M","?","?","M","$","M","E"],"build_version":"2018-07-26","purchased_purges":0,"victory":false,"max_hp_per_floor":[75,75,75,75,75,75,75,75,75,75,75,75,75,75,75,75,75,75,75,75,75,75,75,75],"card_choices":[{"not_picked":["Rebound","Recycle"],"picked":"Self Repair","floor":1},{"not_picked":["FTL","Steam"],"picked":"Storm","floor":2},{"not_picked":["Stack","Force Field"],"picked":"Genetic Algorithm","floor":7},{"not_picked":["Streamline","Beam Cell"],"picked":"Conserve Battery","floor":8},{"not_picked":["Rip and Tear","Ball Lightning"],"picked":"Conserve Battery","floor":12},{"not_picked":["Reprogram","Blizzard"],"picked":"Hologram","floor":13},{"not_picked":["Fission","Amplify"],"picked":"Echo Form","floor":16},{"not_picked":["Conserve Battery","Redo"],"picked":"Darkness+1","floor":18},{"not_picked":["Steam","Genetic Algorithm+1"],"picked":"Glacier+1","floor":19},{"not_picked":["Reprogram+1","Melter"],"picked":"Conserve Battery","floor":21},{"not_picked":["Ball Lightning","Streamline"],"picked":"Barrage+1","floor":23}],"player_experience":403134,"relics_obtained":[{"floor":9,"key":"Omamori"},{"floor":20,"key":"Nilry\u0027s Codex"}],"event_choices":[{"event_name":"Wheel of Change","player_choice":"Card Removal","floor":3,"damage_taken":0},{"event_name":"Golden Wing","player_choice":"Card Removal","floor":4,"damage_taken":0},{"event_name":"Golden Idol","player_choice":"Take Damage","floor":5,"damage_taken":0},{"event_name":"FaceTrader","player_choice":"Trade","floor":14,"damage_taken":0},{"event_name":"Cursed Tome","player_choice":"Obtained Book","floor":20,"damage_taken":0}],"is_beta":false,"boss_relics":[{"not_picked":["FrozenCore","Snecko Eye"],"picked":"Velvet Choker"}],"items_purged_floors":[],"is_endless":false,"potions_floor_spawned":[7,8,16,18,21],"killed_by":"Book of Stabbing","ascension_level":0}