{"gold_per_floor":[12,29,104,118,47,47,73,83,83,83,83,93,107,117,117,219,219,233,249,209,222,137,151,151,45,45,63,74,74],"floor_reached":29,"playtime":3111,"items_purged":[],"score":231,"play_id":"afd3d8dc-dc9a-4e26-9cec-a59667c4615b","local_time":"20180713210915","is_ascension_mode":false,"campfire_choices":[{"data":"Bash","floor":6,"key":"SMITH"},{"floor":10,"key":"REST"},{"floor":15,"key":"REST"},{"floor":24,"key":"REST"}],"neow_cost":"NO_GOLD","seed_source_timestamp":37814994678658,"circlet_count":0,"master_deck":["Strike_R","Strike_R","Strike_R","Strike_R","Strike_R","Defend_R","Defend_R","Defend_R","Defend_R","Bash+1","Armaments","Sever Soul","Rampage","Rupture","Metallicize","Rage","Blood for Blood","Shockwave","Impervious","Juggernaut","Cleave","Clash+1","Thunderclap","Bludgeon","Mind Blast","Hemokinesis+1","Cleave+1"],"relics":["Burning Blood","Bird Faced Urn","Calipers","Self Forming Clay","Sozu","Frozen Egg 2","Happy Flower"],"potions_floor_usage":[8,16,23],"damage_taken":[{"damage":0,"enemies":"2 Louse","floor":1,"turns":3},{"damage":11,"enemies":"Jaw Worm","floor":2,"turns":5},{"damage":2,"enemies":"Small Slimes","floor":4,"turns":3},{"damage":33,"enemies":"3 Sentries","floor":7,"turns":10},{"damage":13,"enemies":"Exordium Thugs","floor":8,"turns":5},{"damage":13,"enemies":"Lots of Slimes","floor":12,"turns":7},{"damage":2,"enemies":"2 Fungi Beasts","floor":13,"turns":6},{"damage":9,"enemies":"Red Slaver","floor":14,"turns":4},{"damage":33,"enemies":"Hexaghost","floor":16,"turns":13},{"damage":19,"enemies":"Spheric Guardian","floor":18,"turns":4},{"damage":25,"enemies":"3 Byrds","floor":19,"turns":5},{"damage":25,"enemies":"Centurion and Healer","floor":21,"turns":8},{"damage":17,"enemies":"Snecko","floor":23,"turns":5},{"damage":27,"enemies":"Slaver and Parasite","floor":27,"turns":6},{"damage":11,"enemies":"Chosen and Byrds","floor":28,"turns":5},{"damage":47,"enemies":"Gremlin Leader","floor":29,"turns":6}],"seed_played":"-9188566089657865580","potions_obtained":[{"floor":2,"key":"GamblersBrew"},{"floor":7,"key":"PowerPotion"},{"floor":12,"key":"Energy Potion"},{"floor":16,"key":"Dexterity Potion"}],"is_trial":false,"path_per_floor":["M","M","?","M","$","R","E","M","T","R","?","M","M","M","R","B",null,"M","M","?","M","?","M","R","$","T","M","M"],"character_chosen":"IRONCLAD","items_purchased":["Rupture","Mind Blast"],"campfire_rested":3,"item_purchase_floors":[5,25],"current_hp_per_floor":[80,75,64,68,68,68,43,42,42,66,66,63,71,70,80,57,80,67,54,54,41,41,34,58,58,58,43,42,0],"gold":74,"neow_bonus":"ONE_RARE_RELIC","is_prod":false,"is_daily":false,"chose_seed":false,"campfire_upgraded":1,"win_rate":0.0,"timestamp":1531541355,"path_taken":["M","M","?","M","$","R","E","M","T","R","?","M","M","M","R","BOSS","M","M","?","M","?","M","R","$","T","M","M","E"],"build_version":"2018-07-12","purchased_purges":0,"victory":false,"max_hp_per_floor":[80,80,80,80,80,80,80,80,80,80,80,80,80,80,80,80,80,80,80,80,80,80,80,80,80,80,80,80,80],"card_choices":[{"not_picked":["Thunderclap","Cleave"],"picked":"Armaments","floor":1},{"not_picked":["Iron Wave","Body Slam"],"picked":"Sever Soul","floor":2},{"not_picked":["Hemokinesis","Pummel"],"picked":"Rampage","floor":4},{"not_picked":["Body Slam","Iron Wave"],"picked":"Metallicize","floor":7},{"not_picked":["Flex","Body Slam"],"picked":"Rage","floor":8},{"not_picked":["Reckless Charge","Disarm"],"picked":"Blood for Blood","floor":12},{"not_picked":["Dropkick","Carnage"],"picked":"Shockwave","floor":13},{"not_picked":["True Grit","Armaments"],"picked":"Impervious","floor":14},{"not_picked":["Fiend Fire","Impervious"],"picked":"Juggernaut","floor":16},{"not_picked":["True Grit","Dual Wield"],"picked":"Cleave","floor":18},{"not_picked":["Perfected Strike","Juggernaut"],"picked":"Clash+1","floor":19},{"not_picked":["Iron Wave","Clash"],"picked":"Thunderclap","floor":21},{"not_picked":["Shockwave","Sword Boomerang"],"picked":"Bludgeon","floor":23},{"not_picked":["Pommel Strike","Anger"],"picked":"Hemokinesis+1","floor":27},{"not_picked":["Rupture+1","Rage+1"],"picked":"Cleave+1","floor":28}],"player_experience":2474,"relics_obtained":[{"floor":7,"key":"Calipers"},{"floor":9,"key":"Self Forming Clay"},{"floor":26,"key":"Happy Flower"}],"event_choices":[{"event_name":"World of Goop","player_choice":"Gather Gold","floor":3,"damage_taken":0},{"event_name":"Liars Game","player_choice":"disagreed","floor":11,"damage_taken":0},{"event_name":"The Woman in Blue","player_choice":"Bought 3 Potions","floor":20,"damage_taken":0},{"event_name":"Addict","player_choice":"Obtained Relic","floor":22,"damage_taken":0}],"boss_relics":[{"not_picked":["Coffee Dripper","Black Star"],"picked":"Sozu"}],"items_purged_floors":[],"is_endless":false,"potions_floor_spawned":[2,7,12,16,23,27],"killed_by":"Gremlin Leader","ascension_level":0}