{"gold_per_floor":[118,218,218,67,84,84,95,123,172,187,32,52,1,1,1,104,104,114,127,127,27,39,72,19,19,19,51,17,17,29,41,41,144,144,158,169,85,100,115,115,129,145,172,202,202,202,216,227,227,227],"floor_reached":51,"playtime":5559,"items_purged":["Strike_B","Defend_B","Defend_B"],"score":738,"play_id":"18313f8f-4b48-4666-a41d-6bad86a9e049","local_time":"20180722120123","is_ascension_mode":true,"campfire_choices":[{"data":"Zap","floor":6,"key":"SMITH"},{"floor":15,"key":"REST"},{"floor":25,"key":"REST"},{"floor":32,"key":"REST"},{"floor":40,"key":"REST"},{"floor":46,"key":"REST"},{"floor":49,"key":"REST"}],"neow_cost":"NONE","seed_source_timestamp":1511941110351,"circlet_count":0,"master_deck":["Strike_B","Strike_B","Defend_B","Defend_B","Zap+1","Dualcast","Lockon","Turbo","Melter","Cold Snap","Chill","Reinforced Body","Melter","Buffer","Steam","Glacier","Doom and Gloom","Coolheaded","Defragment","Darkness+1","Steam","Seek","Conserve Battery+1","Defragment","Defragment+1","Coolheaded+1","Parasite","Rainbow"],"relics":["Cracked Core","Bag of Preparation","Bronze Scales","Blood Vial","Inserter","Incense Burner","Smiling Mask","Question Card","Cursed Key","Art of War","Ancient Tea Set"],"potions_floor_usage":[7,16,16,16,22,22,23,23,27,36,44,44,47,50],"damage_taken":[{"damage":3,"enemies":"2 Louse","floor":1,"turns":3},{"damage":0,"enemies":"Cultist","floor":5,"turns":2},{"damage":2,"enemies":"Small Slimes","floor":7,"turns":3},{"damage":24,"enemies":"Gremlin Nob","floor":8,"turns":4},{"damage":1,"enemies":"Blue Slaver","floor":10,"turns":3},{"damage":0,"enemies":"Looter","floor":12,"turns":2},{"damage":5,"enemies":"Hexaghost","floor":16,"turns":8},{"damage":0,"enemies":"Spheric Guardian","floor":18,"turns":2},{"damage":10,"enemies":"Shell Parasite","floor":19,"turns":4},{"damage":12,"enemies":"Centurion and Healer","floor":22,"turns":9},{"damage":20,"enemies":"Book of Stabbing","floor":23,"turns":7},{"damage":22,"enemies":"Slavers","floor":27,"turns":7},{"damage":22,"enemies":"Snake Plant","floor":30,"turns":5},{"damage":18,"enemies":"Slaver and Parasite","floor":31,"turns":6},{"damage":19,"enemies":"Automaton","floor":33,"turns":14},{"damage":0,"enemies":"Orb Walker","floor":35,"turns":4},{"damage":13,"enemies":"Flame Bruiser 1 Orb","floor":36,"turns":9},{"damage":10,"enemies":"Transient","floor":38,"turns":5},{"damage":1,"enemies":"Flame Bruiser 2 Orb","floor":39,"turns":9},{"damage":3,"enemies":"4 Shapes","floor":41,"turns":6},{"damage":0,"enemies":"Transient","floor":42,"turns":5},{"damage":43,"enemies":"2 Orb Walkers","floor":44,"turns":7},{"damage":0,"enemies":"3 Darklings","floor":47,"turns":6},{"damage":14,"enemies":"Maw","floor":48,"turns":10},{"damage":3,"enemies":"Donu and Deca","floor":50,"turns":15}],"seed_played":"9102884425368177032","potions_obtained":[{"floor":5,"key":"SkillPotion"},{"floor":10,"key":"Strength Potion"},{"floor":12,"key":"LiquidBronze"},{"floor":16,"key":"Explosive Potion"},{"floor":19,"key":"EntropicBrew"},{"floor":20,"key":"Strength Potion"},{"floor":33,"key":"Poison Potion"},{"floor":41,"key":"AttackPotion"},{"floor":42,"key":"Fire Potion"},{"floor":44,"key":"Explosive Potion"},{"floor":48,"key":"Block Potion"}],"is_trial":false,"path_per_floor":["M","?","?","$","M","R","M","E","T","M","$","M","$","?","R","B",null,"M","M","?","$","M","E","$","R","T","E","$","?","M","M","R","B",null,"M","M","$","M","M","R","M","M","T","E","?","R","M","M","R","B"],"character_chosen":"DEFECT","items_purchased":["Melter","Blood Vial","Block Potion","Coolheaded","Defragment","Defragment"],"campfire_rested":6,"item_purchase_floors":[4,11,13,24,28,37],"current_hp_per_floor":[72,72,72,72,72,72,70,46,46,45,45,47,47,47,69,66,75,75,65,65,65,55,37,37,59,59,39,39,39,19,3,25,8,75,75,62,62,54,55,75,72,74,74,32,32,54,56,44,66,65],"gold":227,"neow_bonus":"TRANSFORM_CARD","is_prod":false,"is_daily":false,"chose_seed":false,"campfire_upgraded":1,"win_rate":0,"timestamp":1532286083,"path_taken":["M","?","?","$","M","R","M","E","T","M","$","M","$","?","R","BOSS","M","M","?","$","M","E","?","R","T","E","$","?","?","M","R","BOSS","M","?","$","M","?","R","M","M","T","E","?","R","M","M","R","BOSS"],"build_version":"2018-07-19v2","purchased_purges":3,"victory":true,"max_hp_per_floor":[75,75,75,75,75,75,75,75,75,75,75,75,75,75,75,75,75,75,75,75,75,75,75,75,75,75,75,75,75,75,75,75,75,75,75,75,75,75,75,75,75,75,75,75,75,75,75,75,75,75],"card_choices":[{"not_picked":["Rebound","Barrage"],"picked":"Turbo","floor":1},{"not_picked":["Aggregate","Barrage"],"picked":"Cold Snap","floor":5},{"not_picked":["Cold Snap","Go for the Eyes"],"picked":"Chill","floor":7},{"not_picked":["Chaos","Cold Snap"],"picked":"Reinforced Body","floor":8},{"not_picked":["Turbo","Hologram"],"picked":"Melter","floor":10},{"not_picked":["Streamline","White Noise","Hyperbeam"],"picked":"SKIP","floor":12},{"not_picked":["Thunder Strike","Electrodynamics"],"picked":"Buffer","floor":16},{"not_picked":["Auto Shields","Beam Cell"],"picked":"Steam","floor":18},{"not_picked":["Cold Snap+1","Scrape"],"picked":"Glacier","floor":19},{"not_picked":["Skim+1","Turbo"],"picked":"Doom and Gloom","floor":22},{"not_picked":["Reinforced Body","Force Field","Reprogram"],"picked":"SKIP","floor":23},{"not_picked":["All For One","Hello World","Barrage"],"picked":"SKIP","floor":27},{"not_picked":["Chill","White Noise","Leap"],"picked":"Darkness+1","floor":30},{"not_picked":["Rip and Tear","Rebound","Sweeping Beam"],"picked":"Steam","floor":31},{"not_picked":["Core Surge","Biased Cognition","Rainbow"],"picked":"Seek","floor":33},{"not_picked":["Coolheaded+1","Ball Lightning","Scrape+1"],"picked":"Conserve Battery+1","floor":35},{"not_picked":["Streamline+1","Rebound+1","Hello World","Reboot"],"picked":"SKIP","floor":36},{"not_picked":["Fusion","Beam Cell+1","Redo"],"picked":"Defragment+1","floor":38},{"not_picked":["Auto Shields","Heatsinks","Darkness+1"],"picked":"Coolheaded+1","floor":39},{"not_picked":["Leap","Cold Snap","Steam Power","Barrage"],"picked":"SKIP","floor":41},{"not_picked":["Consume","Redo","Glacier+1","Auto Shields+1"],"picked":"SKIP","floor":42},{"not_picked":["Streamline","Core Surge","Hello World+1"],"picked":"Rainbow","floor":44},{"not_picked":["Compile Driver+1","Loop","Go for the Eyes+1","Fusion"],"picked":"SKIP","floor":47},{"not_picked":["Hologram","Gash+1","Double Energy+1","Turbo+1"],"picked":"SKIP","floor":48}],"player_experience":158077,"relics_obtained":[{"floor":8,"key":"Bag of Preparation"},{"floor":9,"key":"Bronze Scales"},{"floor":23,"key":"Incense Burner"},{"floor":26,"key":"Smiling Mask"},{"floor":27,"key":"Question Card"},{"floor":43,"key":"Art of War"},{"floor":44,"key":"Ancient Tea Set"}],"event_choices":[{"event_name":"Golden Shrine","player_choice":"Pray","floor":2,"damage_taken":0},{"event_name":"Liars Game","player_choice":"disagreed","floor":3,"damage_taken":0},{"event_name":"Dead Adventurer","player_choice":"Searched \u00271\u0027 times","floor":14,"damage_taken":0},{"event_name":"The Lab","player_choice":"Got Potions","floor":20,"damage_taken":0},{"event_name":"Cursed Tome","player_choice":"Ignored","floor":29,"damage_taken":0},{"event_name":"Mysterious Sphere","player_choice":"Ignore","floor":45,"damage_taken":0}],"is_beta":false,"boss_relics":[{"not_picked":["Orrery","Busted Crown"],"picked":"Inserter"},{"not_picked":["Black Star","Tiny House"],"picked":"Cursed Key"}],"items_purged_floors":[4,21,37],"is_endless":false,"potions_floor_spawned":[5,10,12,16,19,22,33,41,42,44,48],"ascension_level":2}