{"gold_per_floor":[219,229,23,33,44,69,69,96,149,149,166,195,210,210,210,312,312,330,330,109,122,122,151,163,175,175,238,288,288,302,124,124,226,226,237,257,307,318,122,122,272,289,314,238,288,4,23,34,34,34],"floor_reached":50,"playtime":5388,"items_purged":[],"score":586,"play_id":"5fe8bd83-42df-4654-8d11-7a2c454d573e","local_time":"20190627225911","is_ascension_mode":false,"campfire_choices":[{"data":"Dodge and Roll","floor":7.0,"key":"SMITH"},{"data":"Terror","floor":15.0,"key":"SMITH"},{"data":"Chrysalis","floor":29.0,"key":"SMITH"},{"floor":32.0,"key":"RECALL"},{"data":"Whirlwind","floor":40.0,"key":"SMITH"},{"data":"Infernal Blade","floor":49,"key":"SMITH"}],"neow_cost":"NONE","seed_source_timestamp":0,"circlet_count":0,"master_deck":["Strike_R","Strike_R","Strike_R","Strike_R","Strike_R","Defend_R","Defend_R","Defend_R","Defend_R","Bash","Battle Trance","Pommel Strike","Gash","Poisoned Stab","Dodge and Roll+1","All Out Attack","Slice","Terror+1","Sweeping Beam","Hyperbeam","Thunderclap+1","Flame Barrier","Chrysalis+1","Whirlwind+1","Escape Plan","Rebound+1","Gash","Gash","Scrape+1","Finesse","Infernal Blade+1","Flex","Hyperbeam","Go for the Eyes+1","Turbo","Secret Weapon","Mind Blast","Panacea","Parasite","Thunderclap","Shrug It Off","Gash","Dramatic Entrance+1","Reckless Charge","Writhe","Master of Strategy","Finesse","Warcry","Blade Dance","Prepared"],"special_seed":0,"relics":["Burning Blood","PrismaticShard","Red Skull","Letter Opener","Potion Belt","Coffee Dripper","SsserpentHead","Gambling Chip","Question Card","Blue Candle","Busted Crown","Bag of Preparation","Charon\u0027s Ashes","Centennial Puzzle"],"potions_floor_usage":[50,50,50,50,50],"damage_taken":[{"damage":1.0,"enemies":"Cultist","floor":1.0,"turns":4.0},{"damage":5.0,"enemies":"2 Louse","floor":2.0,"turns":2.0},{"damage":6.0,"enemies":"Jaw Worm","floor":4.0,"turns":3.0},{"damage":6.0,"enemies":"Blue Slaver","floor":5.0,"turns":4.0},{"damage":46.0,"enemies":"Gremlin Nob","floor":6.0,"turns":5.0},{"damage":12.0,"enemies":"3 Sentries","floor":8.0,"turns":6.0},{"damage":12.0,"enemies":"Gremlin Gang","floor":11.0,"turns":3.0},{"damage":15.0,"enemies":"Lagavulin","floor":12.0,"turns":4.0},{"damage":0.0,"enemies":"Exordium Thugs","floor":13.0,"turns":3.0},{"damage":37.0,"enemies":"The Guardian","floor":16.0,"turns":8.0},{"damage":0.0,"enemies":"3 Byrds","floor":18.0,"turns":3.0},{"damage":12.0,"enemies":"Shell Parasite","floor":21.0,"turns":4.0},{"damage":26.0,"enemies":"Gremlin Leader","floor":23.0,"turns":5.0},{"damage":4.0,"enemies":"Cultist and Chosen","floor":24.0,"turns":3.0},{"damage":15.0,"enemies":"Snecko","floor":25.0,"turns":3.0},{"damage":8.0,"enemies":"Centurion and Healer","floor":27.0,"turns":4.0},{"damage":0.0,"enemies":"3 Cultists","floor":30.0,"turns":1.0},{"damage":50.0,"enemies":"Collector","floor":33.0,"turns":8.0},{"damage":0.0,"enemies":"3 Darklings","floor":35.0,"turns":3.0},{"damage":4.0,"enemies":"Orb Walker","floor":36.0,"turns":4.0},{"damage":30.0,"enemies":"Writhing Mass","floor":38.0,"turns":3.0},{"damage":30.0,"enemies":"Mind Bloom Boss Battle","floor":41.0,"turns":6.0},{"damage":0.0,"enemies":"Jaw Worm Horde","floor":42.0,"turns":1.0},{"damage":8,"enemies":"Transient","floor":47,"turns":5},{"damage":19,"enemies":"4 Shapes","floor":48,"turns":3},{"damage":48,"enemies":"Awakened One","floor":50,"turns":4}],"seed_played":"-6950387919677246554","potions_obtained":[{"floor":1.0,"key":"Regen Potion"},{"floor":2.0,"key":"FearPotion"},{"floor":6.0,"key":"Fire Potion"},{"floor":16.0,"key":"SpeedPotion"},{"floor":21.0,"key":"AttackPotion"},{"floor":24.0,"key":"EssenceOfSteel"},{"floor":27.0,"key":"Explosive Potion"},{"floor":36.0,"key":"Fire Potion"},{"floor":41.0,"key":"Explosive Potion"},{"floor":42.0,"key":"BloodPotion"}],"is_trial":false,"path_per_floor":["M","M","$","M","M","E","R","E","T","?","M","E","M","?","R","B",null,"M","?","$","M","?","E","M","M","T","M","T","R","M","$","R","B",null,"M","M","?","M","$","R","?","M","T","$","?","$","M","M","R","B"],"character_chosen":"IRONCLAD","items_purchased":["PrismaticShard","Flame Barrier","Chrysalis","Finesse","Infernal Blade","Flex","Bag of Preparation","Shrug It Off","Reckless Charge","Master of Strategy","Finesse","Warcry"],"campfire_rested":0,"item_purchase_floors":[3,20,20,31,31,31,39,39,44,46,46,46],"current_hp_per_floor":[80,80,80,80,80,40,40,34,34,39,33,33,39,39,39,8,85,85,85,85,79,79,59,61,52,52,50,50,50,56,56,56,12,85,85,85,75,51,51,51,27,33,33,33,54,54,52,39,39,0],"gold":34,"neow_bonus":"HUNDRED_GOLD","is_prod":false,"is_daily":false,"chose_seed":false,"campfire_upgraded":5,"win_rate":0,"timestamp":1561669151,"path_taken":["M","M","$","M","M","E","R","E","T","?","M","E","M","?","R","BOSS","M","?","$","M","?","E","M","M","T","?","?","R","M","$","R","BOSS","M","M","?","M","$","R","?","M","T","$","?","$","M","M","R","BOSS"],"build_version":"2019-01-23","purchased_purges":0,"victory":false,"max_hp_per_floor":[80,80,80,80,80,80,80,80,80,85,85,85,85,85,85,85,85,85,85,85,85,85,85,85,85,85,85,85,85,85,85,85,85,85,85,85,85,85,85,85,85,85,85,85,85,85,85,85,85,85],"card_choices":[{"not_picked":["Power Through","Pummel"],"picked":"Battle Trance","floor":1.0},{"not_picked":["Iron Wave","Havoc"],"picked":"Pommel Strike","floor":2.0},{"not_picked":["All Out Attack","Body Slam"],"picked":"Gash","floor":4.0},{"not_picked":["Catalyst","Leg Sweep"],"picked":"Poisoned Stab","floor":5.0},{"not_picked":["Heatsinks","Bouncing Flask"],"picked":"Dodge and Roll","floor":6.0},{"not_picked":["Multi-Cast","Redo"],"picked":"All Out Attack","floor":8.0},{"not_picked":["Capacitor","Redo"],"picked":"Slice","floor":11.0},{"not_picked":["Steam","Self Repair"],"picked":"Terror","floor":12.0},{"not_picked":["Redo","Clash"],"picked":"Sweeping Beam","floor":13.0},{"not_picked":["Fiend Fire","Apotheosis"],"picked":"Hyperbeam","floor":16.0},{"not_picked":["Heavy Blade","Skim"],"picked":"Thunderclap+1","floor":18.0},{"not_picked":["Beam Cell","Footwork"],"picked":"Whirlwind","floor":21.0},{"not_picked":["Wraith Form v2","Heavy Blade+1"],"picked":"Escape Plan","floor":23.0},{"not_picked":["Deflect","Blur"],"picked":"Rebound+1","floor":24.0},{"not_picked":["Shrug It Off+1","Dagger Throw"],"picked":"Gash","floor":25.0},{"not_picked":["Steam+1","Flying Knee","Jack Of All Trades"],"picked":"Gash","floor":27.0},{"not_picked":["Twin Strike","Leap","Hello World"],"picked":"Scrape+1","floor":30.0},{"not_picked":["Fission","The Bomb","HandOfGreed"],"picked":"Hyperbeam","floor":33.0},{"not_picked":["Corruption"],"picked":"Go for the Eyes+1","floor":35.0},{"not_picked":["Static Discharge"],"picked":"Turbo","floor":36.0},{"not_picked":["Bandage Up"],"picked":"Secret Weapon","floor":37.0},{"not_picked":["Jack Of All Trades"],"picked":"Mind Blast","floor":37.0},{"not_picked":["Thinking Ahead"],"picked":"Panacea","floor":37.0},{"not_picked":["Defragment"],"picked":"Thunderclap","floor":38.0},{"not_picked":["Headbutt"],"picked":"Gash","floor":41.0},{"not_picked":["Consume"],"picked":"Dramatic Entrance+1","floor":42.0},{"not_picked":["Dagger Spray+1"],"picked":"Blade Dance","floor":47},{"not_picked":["Sucker Punch"],"picked":"Prepared","floor":48}],"player_experience":117934,"relics_obtained":[{"floor":6.0,"key":"Red Skull"},{"floor":8.0,"key":"Letter Opener"},{"floor":12.0,"key":"Potion Belt"},{"floor":23.0,"key":"Gambling Chip"},{"floor":26.0,"key":"Question Card"},{"floor":28.0,"key":"Blue Candle"},{"floor":41.0,"key":"Charon\u0027s Ashes"},{"floor":43,"key":"Centennial Puzzle"}],"event_choices":[{"damage_healed":0.0,"max_hp_gain":5.0,"max_hp_loss":0.0,"gold_gain":0.0,"event_name":"Big Fish","player_choice":"Donut","floor":10.0,"gold_loss":0.0,"damage_taken":0.0},{"damage_healed":0.0,"max_hp_gain":0.0,"max_hp_loss":0.0,"gold_gain":0.0,"event_name":"Liars Game","player_choice":"Ignored","floor":14.0,"gold_loss":0.0,"damage_taken":0.0},{"damage_healed":0.0,"max_hp_gain":0.0,"max_hp_loss":0.0,"gold_gain":0.0,"event_name":"Beggar","player_choice":"Ignored","floor":19.0,"gold_loss":0.0,"damage_taken":0.0},{"damage_healed":0.0,"max_hp_gain":0.0,"max_hp_loss":0.0,"gold_gain":0.0,"event_name":"FaceTrader","player_choice":"Trade","floor":22.0,"gold_loss":0.0,"damage_taken":0.0,"relics_obtained":["SsserpentHead"]},{"damage_healed":0.0,"max_hp_gain":0.0,"max_hp_loss":0.0,"gold_gain":0.0,"event_name":"SensoryStone","player_choice":"Memory 3","floor":37.0,"gold_loss":0.0,"damage_taken":10.0},{"damage_healed":0.0,"max_hp_gain":0.0,"max_hp_loss":0.0,"gold_gain":0.0,"event_name":"MindBloom","player_choice":"Fight","floor":41.0,"gold_loss":0.0,"damage_taken":0.0},{"damage_healed":21,"gold_gain":0,"player_choice":"Writhe","damage_taken":0,"max_hp_gain":0,"max_hp_loss":0,"event_name":"Winding Halls","floor":45,"gold_loss":0,"cards_obtained":["Writhe"]}],"is_beta":false,"boss_relics":[{"not_picked":["Empty Cage","Ectoplasm"],"picked":"Coffee Dripper"},{"not_picked":["Black Star","Runic Dome"],"picked":"Busted Crown"}],"items_purged_floors":[],"is_endless":false,"potions_floor_spawned":[1,2,6,8,16,21,24,27,36,41,42],"killed_by":"Awakened One","ascension_level":0}