{"gold_per_floor":[110,122,137,156,172,197,129,142,142,142,162,209,209,225,225,326,326,346,364,364],"floor_reached":20,"playtime":1822,"items_purged":[],"score":180,"play_id":"0470474d-70c5-40ce-a578-1f2b34b51d23","local_time":"20190629000226","is_ascension_mode":false,"campfire_choices":[{"data":"Self Repair","floor":10,"key":"SMITH"},{"data":"Rainbow","floor":13,"key":"SMITH"},{"data":"Loop","floor":15,"key":"SMITH"}],"neow_cost":"NONE","seed_source_timestamp":1844470571891352,"circlet_count":0,"master_deck":["Strike_B","Strike_B","Strike_B","Strike_B","Defend_B","Defend_B","Defend_B","Defend_B","Zap+1","Dualcast","Sweeping Beam","Steam","Ball Lightning","Rainbow+1","Self Repair+1","Ball Lightning","Thunder Strike","Loop+1","Compile Driver+1","Aggregate","Biased Cognition","Ball Lightning+1","Rebound+1"],"relics":["Cracked Core","Ice Cream","Molten Egg 2","Regal Pillow","Black Star"],"potions_floor_usage":[6,6,19],"damage_taken":[{"damage":0,"enemies":"Cultist","floor":1,"turns":3},{"damage":6,"enemies":"Jaw Worm","floor":2,"turns":4},{"damage":0,"enemies":"Small Slimes","floor":3,"turns":2},{"damage":13,"enemies":"3 Louse","floor":4,"turns":3},{"damage":0,"enemies":"Exordium Wildlife","floor":5,"turns":3},{"damage":9,"enemies":"3 Sentries","floor":6,"turns":4},{"damage":9,"enemies":"Exordium Thugs","floor":8,"turns":4},{"damage":2,"enemies":"Looter","floor":11,"turns":4},{"damage":2,"enemies":"Exordium Wildlife","floor":14,"turns":4},{"damage":35,"enemies":"The Guardian","floor":16,"turns":9},{"damage":19,"enemies":"Shell Parasite","floor":18,"turns":5},{"damage":24,"enemies":"2 Thieves","floor":19,"turns":4},{"damage":47,"enemies":"Shelled Parasite and Fungi","floor":20,"turns":4}],"seed_played":"6972444116754694430","potions_obtained":[{"floor":2,"key":"Energy Potion"},{"floor":5,"key":"Explosive Potion"},{"floor":6,"key":"Dexterity Potion"},{"floor":14,"key":"FearPotion"},{"floor":18,"key":"Fire Potion"}],"is_trial":false,"path_per_floor":["M","M","M","M","M","E","$","M","T","R","M","T","R","M","R","B",null,"M","M","M"],"character_chosen":"DEFECT","items_purchased":["Thunder Strike"],"campfire_rested":0,"item_purchase_floors":[7],"current_hp_per_floor":[75,69,69,56,56,54,54,52,52,52,60,60,60,68,68,33,75,66,42,0],"gold":364,"neow_bonus":"UPGRADE_CARD","is_prod":false,"is_daily":false,"chose_seed":false,"campfire_upgraded":3,"win_rate":0.0,"timestamp":1561788146,"path_taken":["M","?","?","M","M","E","$","M","T","R","M","?","R","M","R","BOSS","M","M","M"],"build_version":"2019-01-23","purchased_purges":0,"victory":false,"max_hp_per_floor":[75,75,75,75,75,75,75,75,75,75,75,75,75,75,75,75,75,75,75,75],"card_choices":[{"not_picked":["Consume","Cold Snap"],"picked":"Sweeping Beam","floor":1},{"not_picked":["Reprogram","Heatsinks"],"picked":"Steam","floor":2},{"not_picked":["Redo","Beam Cell"],"picked":"Ball Lightning","floor":3},{"not_picked":["Conserve Battery","Go for the Eyes"],"picked":"Rainbow","floor":4},{"not_picked":["White Noise","Sunder"],"picked":"Self Repair","floor":5},{"not_picked":["Skim","Auto Shields"],"picked":"Ball Lightning","floor":6},{"not_picked":["Undo","Reinforced Body"],"picked":"Loop","floor":8},{"not_picked":["Leap","Consume"],"picked":"Compile Driver+1","floor":11},{"not_picked":["Streamline+1","Creative AI"],"picked":"Aggregate","floor":14},{"not_picked":["Meteor Strike+1","All For One+1"],"picked":"Biased Cognition","floor":16},{"not_picked":["Steam","Stack"],"picked":"Ball Lightning+1","floor":18},{"not_picked":["Compile Driver+1","Steam"],"picked":"Rebound+1","floor":19}],"player_experience":31849,"relics_obtained":[{"floor":6,"key":"Ice Cream"},{"floor":9,"key":"Molten Egg 2"},{"floor":12,"key":"Regal Pillow"}],"event_choices":[],"is_beta":false,"boss_relics":[{"not_picked":["Fusion Hammer","Lizard Tail"],"picked":"Black Star"}],"items_purged_floors":[],"is_endless":false,"potions_floor_spawned":[2,5,6,14,18],"killed_by":"Shelled Parasite and Fungi","ascension_level":0}