{"gold_per_floor":[11,11,11,11,26,26,36,36,36,36,51,67,67,22,22,125,125,144,158,73,73,86,86],"floor_reached":23,"playtime":1313,"items_purged":[],"score":181,"play_id":"880610ea-600e-4cb1-9708-a7dabe53abbb","local_time":"20180706092838","is_ascension_mode":false,"campfire_choices":[{"data":"Twin Strike","floor":6,"key":"SMITH"},{"data":"Iron Wave","floor":10,"key":"SMITH"},{"data":"Bash","floor":15,"key":"SMITH"}],"neow_cost":"NO_GOLD","seed_source_timestamp":840321668509676,"circlet_count":0,"master_deck":["Strike_R","Strike_R","Strike_R","Defend_R","Defend_R","Bash+1","Inflame+1","Power Through","Flex+1","Twin Strike+1","Iron Wave+1","Battle Trance","Flex","Cleave","Searing Blow","Writhe","Heavy Blade"],"relics":["Black Blood","Torii","Frozen Egg 2","Mummified Hand","Kunai"],"potions_floor_usage":[16,22],"damage_taken":[{"damage":5,"enemies":"Cultist","floor":1,"turns":4},{"damage":9,"enemies":"Jaw Worm","floor":5,"turns":4},{"damage":1,"enemies":"Small Slimes","floor":7,"turns":3},{"damage":1,"enemies":"3 Louse","floor":11,"turns":3},{"damage":1,"enemies":"Blue Slaver","floor":12,"turns":3},{"damage":14,"enemies":"The Guardian","floor":16,"turns":9},{"damage":14,"enemies":"3 Byrds","floor":18,"turns":7},{"damage":21,"enemies":"2 Thieves","floor":19,"turns":3},{"damage":16,"enemies":"Snake Plant","floor":22,"turns":5},{"damage":75,"enemies":"Gremlin Leader","floor":23,"turns":6}],"seed_played":"-8810532235062488521","potions_obtained":[{"floor":11,"key":"Weak Potion"},{"floor":18,"key":"Block Potion"}],"is_trial":false,"path_per_floor":["M","?","?","T","M","R","M","?","T","R","M","M","?","$","R","B",null,"M","M","?","?","M"],"character_chosen":"IRONCLAD","items_purchased":["Flex"],"campfire_rested":0,"item_purchase_floors":[14],"current_hp_per_floor":[80,80,73,73,70,70,75,80,80,80,85,85,68,68,68,60,85,81,70,70,70,64,0],"gold":86,"neow_bonus":"TRANSFORM_TWO_CARDS","is_prod":false,"is_daily":false,"chose_seed":false,"campfire_upgraded":3,"win_rate":0,"timestamp":1530887318,"path_taken":["M","?","?","?","M","R","?","?","T","R","M","?","?","$","R","BOSS","M","?","?","?","M","E"],"build_version":"2018-07-05","purchased_purges":0,"victory":false,"max_hp_per_floor":[80,80,80,80,80,80,80,85,85,85,85,85,85,85,85,85,85,85,85,85,85,85,85],"card_choices":[{"not_picked":["Headbutt","Clash"],"picked":"Flex","floor":1},{"not_picked":["Headbutt","Inflame"],"picked":"Twin Strike","floor":5},{"not_picked":["Pommel Strike","Shrug It Off"],"picked":"Iron Wave","floor":7},{"not_picked":["Perfected Strike","Sentinel","Havoc"],"picked":"SKIP","floor":11},{"not_picked":["Evolve+1","Berserk+1"],"picked":"Battle Trance","floor":12},{"not_picked":["Dual Wield","Anger"],"picked":"Cleave","floor":18},{"not_picked":["Clothesline","Thunderclap"],"picked":"Searing Blow","floor":19},{"not_picked":["Thunderclap+1","Clothesline"],"picked":"Heavy Blade","floor":22}],"player_experience":104646,"relics_obtained":[{"floor":4,"key":"Torii"},{"floor":9,"key":"Frozen Egg 2"}],"event_choices":[{"event_name":"Living Wall","player_choice":"Forget","floor":2,"damage_taken":0},{"event_name":"Golden Wing","player_choice":"Card Removal","floor":3,"damage_taken":0},{"event_name":"Big Fish","player_choice":"Donut","floor":8,"damage_taken":0},{"event_name":"Shining Light","player_choice":"Entered Light","floor":13,"damage_taken":0},{"event_name":"Addict","player_choice":"Obtained Relic","floor":20,"damage_taken":0},{"event_name":"The Mausoleum","player_choice":"Yes","floor":21,"damage_taken":0}],"boss_relics":[{"not_picked":["Calling Bell","White Beast Statue"],"picked":"Black Blood"}],"items_purged_floors":[],"is_endless":false,"potions_floor_spawned":[11,18],"killed_by":"Gremlin Leader","ascension_level":0}