{"gold_per_floor":[359,10,25,43,57,89,89,120,146,173,197,197,47,47,47,47],"floor_reached":16,"playtime":1565,"items_purged":["Strike_R"],"score":130,"play_id":"50d7f96c-bbf6-4236-afe0-a46c7d1d7319","local_time":"20180821103209","is_ascension_mode":true,"campfire_choices":[{"floor":7,"key":"REST"},{"floor":15,"key":"REST"}],"neow_cost":"PERCENT_DAMAGE","seed_source_timestamp":86533517598617,"circlet_count":0,"master_deck":["Strike_R+1","Strike_R","Strike_R","Strike_R","Defend_R","Defend_R","Defend_R","Defend_R","Bash","Ghostly Armor","Shrug It Off+1","Pommel Strike","Battle Trance","Whirlwind","Shockwave","Cleave"],"relics":["Burning Blood","Letter Opener","Nunchaku","Anchor","Regal Pillow","Vajra","Odd Mushroom","FaceOfCleric"],"potions_floor_usage":[3,3,6,8,10,11,16],"damage_taken":[{"damage":3,"enemies":"2 Louse","floor":1,"turns":4},{"damage":3,"enemies":"Small Slimes","floor":3,"turns":3},{"damage":0,"enemies":"Jaw Worm","floor":4,"turns":4},{"damage":1,"enemies":"2 Fungi Beasts","floor":5,"turns":4},{"damage":18,"enemies":"3 Sentries","floor":6,"turns":12},{"damage":24,"enemies":"Gremlin Nob","floor":8,"turns":5},{"damage":32,"enemies":"Lagavulin","floor":10,"turns":12},{"damage":2,"floor":11,"turns":3},{"damage":73,"enemies":"The Guardian","floor":16,"turns":15}],"seed_played":"-4326053693344578445","potions_obtained":[{"floor":1,"key":"PowerPotion"},{"floor":3,"key":"Dexterity Potion"},{"floor":6,"key":"Fire Potion"},{"floor":8,"key":"Ancient Potion"},{"floor":10,"key":"BloodPotion"}],"is_trial":false,"path_per_floor":["M","$","M","M","M","E","R","E","T","E","?","?","$","?","R"],"character_chosen":"IRONCLAD","items_purchased":["Ghostly Armor","Letter Opener","Block Potion","Cleave","Block Potion"],"campfire_rested":2,"item_purchase_floors":[2,2,2,13,13],"current_hp_per_floor":[59,59,62,68,73,61,80,62,62,36,48,48,48,32,71,0],"gold":47,"neow_bonus":"TWO_FIFTY_GOLD","is_prod":false,"is_daily":false,"chose_seed":false,"campfire_upgraded":0,"win_rate":0,"timestamp":1534872729,"path_taken":["M","$","M","M","M","E","R","E","T","E","?","?","$","?","R","BOSS"],"build_version":"2018-08-16","purchased_purges":1,"victory":false,"max_hp_per_floor":[80,80,80,80,80,80,80,80,80,80,80,80,80,80,80,80],"card_choices":[{"not_picked":["Searing Blow","Armaments","Entrench"],"picked":"SKIP","floor":1},{"not_picked":["Corruption","Clothesline"],"picked":"Shrug It Off","floor":3},{"not_picked":["True Grit","Corruption"],"picked":"Pommel Strike","floor":4},{"not_picked":["Intimidate","Headbutt","Corruption"],"picked":"SKIP","floor":5},{"not_picked":["Shockwave","Rupture"],"picked":"Battle Trance","floor":6},{"not_picked":["Sever Soul","Havoc","Headbutt"],"picked":"SKIP","floor":8},{"not_picked":["Twin Strike","Burning Pact"],"picked":"Whirlwind","floor":10},{"not_picked":["Cleave","Flame Barrier"],"picked":"Shockwave","floor":11}],"player_experience":241648,"relics_obtained":[{"floor":6,"key":"Nunchaku"},{"floor":8,"key":"Anchor"},{"floor":9,"key":"Regal Pillow"},{"floor":10,"key":"Vajra"},{"floor":11,"key":"Odd Mushroom"}],"event_choices":[{"event_name":"Mushrooms","player_choice":"Fought Mushrooms","floor":11,"damage_taken":0},{"event_name":"FaceTrader","player_choice":"Trade","floor":12,"damage_taken":0},{"event_name":"Shining Light","player_choice":"Entered Light","floor":14,"damage_taken":0}],"is_beta":false,"boss_relics":[],"items_purged_floors":[13],"is_endless":false,"potions_floor_spawned":[1,3,6,8,10],"killed_by":"The Guardian","ascension_level":2}