{"gold_per_floor":[214,232,332,342,292,319,109,109,132,163,163],"floor_reached":11,"playtime":419,"items_purged":["Strike_B"],"score":81,"play_id":"56333a21-c6dc-42a9-8787-d95202075316","local_time":"20190316145504","is_ascension_mode":false,"campfire_choices":[{"data":"Streamline","floor":8,"key":"SMITH"}],"neow_cost":"NONE","seed_source_timestamp":0,"circlet_count":0,"master_deck":["Strike_B","Strike_B","Defend_B","Defend_B","Defend_B","Defend_B","Zap","Dualcast","Streamline+1","Auto Shields","Skim","FTL","Thunder Strike","Streamline"],"special_seed":0,"relics":["Cracked Core","Centennial Puzzle","FossilizedHelix"],"potions_floor_usage":[],"damage_taken":[{"damage":1.0,"enemies":"Small Slimes","floor":1.0,"turns":3.0},{"damage":0.0,"enemies":"Cultist","floor":2.0,"turns":3.0},{"damage":0.0,"enemies":"2 Louse","floor":4.0,"turns":1.0},{"damage":32,"enemies":"Gremlin Nob","floor":6,"turns":5},{"damage":27,"enemies":"3 Sentries","floor":10,"turns":6}],"seed_played":"4653361643833956293","potions_obtained":[{"floor":1.0,"key":"Regen Potion"}],"is_trial":false,"path_per_floor":["M","M","?","M","?","E","$","R","T","E","?"],"character_chosen":"DEFECT","items_purchased":["Thunder Strike"],"campfire_rested":0,"item_purchase_floors":[7],"current_hp_per_floor":[74,74,74,74,74,42,42,42,42,15,0],"gold":163,"neow_bonus":"HUNDRED_GOLD","is_prod":false,"is_daily":false,"chose_seed":false,"campfire_upgraded":1,"win_rate":0,"timestamp":1552766104,"path_taken":["M","M","?","?","?","E","$","R","T","E","?"],"build_version":"2019-01-23","purchased_purges":1,"victory":false,"max_hp_per_floor":[75,75,75,75,75,75,75,75,75,75,75],"card_choices":[{"not_picked":["BootSequence","Static Discharge"],"picked":"Streamline","floor":1.0},{"not_picked":["Self Repair","Reprogram"],"picked":"Auto Shields","floor":2.0},{"not_picked":["Streamline","White Noise"],"picked":"Skim","floor":4.0},{"not_picked":["Conserve Battery","Reprogram"],"picked":"FTL","floor":6},{"not_picked":["Rebound","Creative AI"],"picked":"Streamline","floor":10}],"player_experience":1193094,"relics_obtained":[{"floor":6,"key":"Centennial Puzzle"},{"floor":10,"key":"FossilizedHelix"}],"event_choices":[{"damage_healed":0.0,"max_hp_gain":0.0,"max_hp_loss":0.0,"gold_gain":100.0,"event_name":"Golden Shrine","player_choice":"Pray","floor":3.0,"gold_loss":0.0,"damage_taken":0.0},{"cards_removed":["Strike_B"],"damage_healed":0.0,"max_hp_gain":0.0,"max_hp_loss":0.0,"gold_gain":0.0,"event_name":"The Cleric","player_choice":"Card Removal","floor":5.0,"gold_loss":50.0,"damage_taken":0.0}],"is_beta":false,"boss_relics":[],"items_purged_floors":[7],"is_endless":false,"potions_floor_spawned":[1],"ascension_level":0}