{"gold_per_floor":[114,132,147,159,170,170,187,187,217,217,292,304,330,330,330,431,431,441,458,458,383,131,131,157,157,181,181,181,195,213,225,225,323,323,336,336,351,129,140,175,175,223,278,278,278,278,278,295,295,295],"floor_reached":51,"playtime":3744,"items_purged":["Strike_B"],"score":722,"play_id":"68351a7d-c9da-4972-bff3-d0d20c34d69d","local_time":"20190612084459","is_ascension_mode":false,"campfire_choices":[{"data":"Streamline","floor":6,"key":"SMITH"},{"data":"Zap","floor":8,"key":"SMITH"},{"data":"Hologram","floor":10,"key":"SMITH"},{"floor":15,"key":"REST"},{"data":"Hologram","floor":23,"key":"SMITH"},{"floor":25,"key":"REST"},{"data":"Hologram","floor":28,"key":"SMITH"},{"floor":32,"key":"REST"},{"floor":44,"key":"REST"},{"floor":46,"key":"DIG"},{"floor":47,"key":"DIG"},{"floor":49,"key":"REST"}],"neow_cost":"NONE","seed_source_timestamp":2378225081625255,"circlet_count":0,"master_deck":["Strike_B","Defend_B+1","Defend_B+1","Defend_B","Defend_B","Zap+1","Dualcast","Gash","Cold Snap","Streamline+1","Leap","Hologram+1","Hologram+1","Go for the Eyes","Echo Form","Ball Lightning","Beam Cell","Echo Form","Hologram+1","Hologram+1","Leap+1","Streamline","All For One","Ball Lightning+1","Enlightenment+1","Redo+1","Ball Lightning","Defragment+1"],"relics":["Cracked Core","Tiny Chest","Kunai","Potion Belt","Black Star","Mercury Hourglass","DollysMirror","Happy Flower","Toxic Egg 2","Vajra","Busted Crown","War Paint","Shovel","WingedGreaves","StoneCalendar","Blood Vial","Pen Nib","Cables"],"potions_floor_usage":[24,30,31,42,42,42],"damage_taken":[{"damage":0,"enemies":"Small Slimes","floor":1,"turns":3},{"damage":1,"enemies":"Jaw Worm","floor":2,"turns":4},{"damage":0,"enemies":"Cultist","floor":3,"turns":3},{"damage":1,"enemies":"Large Slime","floor":4,"turns":5},{"damage":5,"enemies":"Looter","floor":5,"turns":3},{"damage":8,"enemies":"Red Slaver","floor":7,"turns":3},{"damage":3,"enemies":"2 Fungi Beasts","floor":12,"turns":3},{"damage":8,"enemies":"3 Sentries","floor":13,"turns":6},{"damage":0,"enemies":"Slime Boss","floor":16,"turns":9},{"damage":10,"enemies":"Shell Parasite","floor":18,"turns":7},{"damage":20,"enemies":"2 Thieves","floor":19,"turns":4},{"damage":31,"enemies":"Book of Stabbing","floor":24,"turns":4},{"damage":7,"enemies":"3 Cultists","floor":29,"turns":4},{"damage":0,"enemies":"Centurion and Healer","floor":30,"turns":6},{"damage":0,"enemies":"Chosen and Byrds","floor":31,"turns":4},{"damage":42,"enemies":"Collector","floor":33,"turns":8},{"damage":0,"enemies":"Orb Walker","floor":35,"turns":2},{"damage":0,"enemies":"3 Shapes","floor":37,"turns":3},{"damage":25,"enemies":"3 Darklings","floor":39,"turns":6},{"damage":16,"enemies":"Nemesis","floor":40,"turns":7},{"damage":12,"enemies":"2 Orb Walkers","floor":42,"turns":4},{"damage":1,"enemies":"4 Shapes","floor":48,"turns":6},{"damage":41,"enemies":"Donu and Deca","floor":50,"turns":8}],"seed_played":"-1346059109227160687","potions_obtained":[{"floor":2,"key":"Poison Potion"},{"floor":5,"key":"FearPotion"},{"floor":12,"key":"PowerPotion"},{"floor":13,"key":"Explosive Potion"},{"floor":19,"key":"Explosive Potion"},{"floor":27,"key":"SneckoOil"},{"floor":27,"key":"Energy Potion"},{"floor":30,"key":"Block Potion"},{"floor":33,"key":"SkillPotion"},{"floor":48,"key":"FearPotion"}],"is_trial":false,"path_per_floor":["M","M","M","M","M","R","M","R","T","R","?","M","E","T","R","B",null,"M","M","T","?","$","R","E","R","T","?","R","M","M","M","R","B",null,"M","?","M","$","M","E","?","?","T","R","?","R","R","M","R","B",null],"character_chosen":"DEFECT","items_purchased":["DollysMirror","Hologram","War Paint"],"campfire_rested":5,"item_purchase_floors":[22,22,38],"current_hp_per_floor":[75,74,74,73,68,68,60,60,60,60,49,46,38,38,60,60,75,65,45,45,45,45,45,14,36,36,36,36,29,29,29,51,9,75,75,75,75,75,50,34,34,22,22,44,44,44,44,45,67,28],"gold":295,"neow_bonus":"REMOVE_CARD","is_prod":false,"is_daily":false,"chose_seed":false,"campfire_upgraded":5,"win_rate":0,"timestamp":1560347099,"path_taken":["M","M","M","M","M","R","M","R","T","R","?","M","E","?","R","BOSS","M","M","?","?","$","R","E","R","T","?","R","M","?","M","R","BOSS","M","?","?","$","M","E","?","?","T","R","?","R","R","M","R","BOSS"],"build_version":"2019-01-23","purchased_purges":1,"victory":true,"max_hp_per_floor":[75,75,75,75,75,75,75,75,75,75,75,75,75,75,75,75,75,75,75,75,75,75,75,75,75,75,75,75,75,75,75,75,75,75,75,75,75,75,75,75,75,75,75,75,75,75,75,75,75,75],"card_choices":[{"not_picked":["Leap","Compile Driver"],"picked":"Gash","floor":1},{"not_picked":["Auto Shields","Conserve Battery"],"picked":"Cold Snap","floor":2},{"not_picked":["Aggregate","Buffer","Barrage"],"picked":"SKIP","floor":3},{"not_picked":["Steam","Rebound"],"picked":"Streamline","floor":4},{"not_picked":["Steam","Fusion"],"picked":"Leap","floor":5},{"not_picked":["Ball Lightning","Coolheaded"],"picked":"Hologram","floor":7},{"not_picked":["Reprogram","Storm"],"picked":"Hologram","floor":12},{"not_picked":["Ball Lightning","Undo"],"picked":"Go for the Eyes","floor":13},{"not_picked":["All For One","Reboot"],"picked":"Echo Form","floor":16},{"not_picked":["BootSequence","Rip and Tear"],"picked":"Ball Lightning","floor":18},{"not_picked":["Turbo","BootSequence"],"picked":"Beam Cell","floor":19},{"not_picked":["Hyperbeam","Leap"],"picked":"Hologram","floor":24},{"not_picked":["Reinforced Body+1","Steam+1"],"picked":"Leap+1","floor":29},{"not_picked":["Heatsinks+1","Reinforced Body+1"],"picked":"Coolheaded+1","floor":30},{"not_picked":["Glacier+1","Beam Cell"],"picked":"Streamline","floor":31},{"not_picked":["Hyperbeam","Core Surge"],"picked":"All For One","floor":33},{"not_picked":[],"picked":"Ball Lightning+1","floor":35},{"not_picked":["Lockon"],"picked":"SKIP","floor":37},{"not_picked":[],"picked":"Redo+1","floor":39},{"not_picked":[],"picked":"Ball Lightning","floor":40},{"not_picked":[],"picked":"Defragment+1","floor":48}],"player_experience":1444111,"relics_obtained":[{"floor":9,"key":"Tiny Chest"},{"floor":13,"key":"Kunai"},{"floor":14,"key":"Potion Belt"},{"floor":20,"key":"Mercury Hourglass"},{"floor":24,"key":"Happy Flower"},{"floor":24,"key":"Toxic Egg 2"},{"floor":26,"key":"Vajra"},{"floor":40,"key":"Shovel"},{"floor":40,"key":"WingedGreaves"},{"floor":42,"key":"StoneCalendar"},{"floor":43,"key":"Blood Vial"},{"floor":46,"key":"Pen Nib"},{"floor":47,"key":"Cables"}],"event_choices":[{"damage_healed":0,"gold_gain":75,"player_choice":"Gather Gold","damage_taken":11,"max_hp_gain":0,"max_hp_loss":0,"event_name":"World of Goop","floor":11,"gold_loss":0},{"cards_removed":["Strike_B"],"damage_healed":0,"gold_gain":0,"player_choice":"Gave Gold","damage_taken":0,"max_hp_gain":0,"max_hp_loss":0,"event_name":"Beggar","floor":21,"gold_loss":75},{"damage_healed":0,"gold_gain":0,"player_choice":"Got Potions","damage_taken":0,"max_hp_gain":0,"max_hp_loss":0,"event_name":"Lab","floor":27,"gold_loss":0},{"damage_healed":0,"gold_gain":0,"player_choice":"1 cards matched","damage_taken":0,"max_hp_gain":0,"max_hp_loss":0,"event_name":"Match and Keep!","floor":36,"gold_loss":0,"cards_obtained":["Enlightenment"]},{"cards_removed":["Coolheaded"],"damage_healed":0,"gold_gain":0,"player_choice":"Removed Skill","damage_taken":0,"max_hp_gain":0,"max_hp_loss":0,"event_name":"Falling","floor":41,"gold_loss":0},{"damage_healed":0,"gold_gain":0,"player_choice":"Fight","damage_taken":0,"max_hp_gain":0,"max_hp_loss":0,"event_name":"Mysterious Sphere","floor":42,"gold_loss":0},{"damage_healed":0,"gold_gain":0,"player_choice":"Memory 1","damage_taken":0,"max_hp_gain":0,"max_hp_loss":0,"event_name":"SensoryStone","floor":45,"gold_loss":0}],"is_beta":false,"boss_relics":[{"not_picked":["Velvet Choker","Ectoplasm"],"picked":"Black Star"},{"not_picked":["Nuclear Battery","Cursed Key"],"picked":"Busted Crown"}],"items_purged_floors":[38],"is_endless":false,"potions_floor_spawned":[2,5,12,13,19,30,33,35,48],"ascension_level":0}