{"gold_per_floor":[119,194,206,222,187,213,213,244,244,258,258,258,258,269,269,371,371,389,21,21,21,33,33,49,49,118,118],"floor_reached":27,"playtime":1492,"items_purged":[],"score":221,"play_id":"d7a44877-699d-451a-bc8d-d40ed2b34d2f","local_time":"20181130215210","is_ascension_mode":false,"campfire_choices":[{"data":"Fiend Fire","floor":7.0,"key":"SMITH"},{"data":"Barricade","floor":12.0,"key":"SMITH"},{"data":"Thunderclap","floor":15.0,"key":"SMITH"},{"floor":23.0,"key":"RECALL"}],"neow_cost":"PERCENT_DAMAGE","seed_source_timestamp":0,"circlet_count":0,"master_deck":["Strike_R","Strike_R","Strike_R","Defend_R","Defend_R","Bash","Barricade+1","Fiend Fire+1","Thunderclap+1","Shrug It Off","Cleave","Reaper","Flex","Iron Wave","Pommel Strike","Shrug It Off","Armaments","Body Slam","Sword Boomerang","Shrug It Off+1","Armaments+1","True Grit+1","Infernal Blade+1","Clothesline","Pommel Strike","Entrench+1"],"special_seed":0,"relics":["Burning Blood","Thread and Needle","Paper Frog","Shuriken","Torii","Pen Nib","Orrery","Membership Card","Toxic Egg 2","Nilry\u0027s Codex","Kunai"],"potions_floor_usage":[27],"damage_taken":[{"damage":6.0,"enemies":"Jaw Worm","floor":1.0,"turns":3.0},{"damage":0.0,"enemies":"2 Louse","floor":3.0,"turns":2.0},{"damage":0.0,"enemies":"Small Slimes","floor":4.0,"turns":2.0},{"damage":28.0,"enemies":"Gremlin Nob","floor":6.0,"turns":4.0},{"damage":7.0,"enemies":"Lagavulin","floor":8.0,"turns":6.0},{"damage":0.0,"enemies":"Blue Slaver","floor":10.0,"turns":3.0},{"damage":9.0,"enemies":"3 Louse","floor":14.0,"turns":4.0},{"damage":20.0,"enemies":"Hexaghost","floor":16.0,"turns":9.0},{"damage":2.0,"enemies":"Chosen","floor":18.0,"turns":3.0},{"damage":5.0,"enemies":"3 Byrds","floor":22.0,"turns":6.0},{"damage":10.0,"enemies":"Centurion and Healer","floor":24.0,"turns":4.0},{"damage":28,"enemies":"Slavers","floor":27,"turns":5}],"seed_played":"7825221696403044847","potions_obtained":[{"floor":4.0,"key":"Ancient Potion"},{"floor":10.0,"key":"LiquidBronze"},{"floor":14.0,"key":"SneckoOil"}],"is_trial":false,"path_per_floor":["M","?","M","M","?","E","R","E","T","M","T","R","?","M","R","B",null,"M","$","?","?","M","R","M","?","T","E"],"character_chosen":"IRONCLAD","items_purchased":["Membership Card","Toxic Egg 2","Armaments+1","True Grit+1"],"campfire_rested":0,"item_purchase_floors":[19,19,19,19],"current_hp_per_floor":[56,45,51,57,77,55,55,54,54,64,64,64,52,61,61,47,80,80,80,80,80,80,80,76,60,60,32],"gold":118,"neow_bonus":"TRANSFORM_TWO_CARDS","is_prod":false,"is_daily":false,"chose_seed":false,"campfire_upgraded":3,"win_rate":0,"timestamp":1543636330,"path_taken":["M","?","M","M","?","E","R","E","T","M","?","R","?","?","R","BOSS","M","$","?","?","M","R","M","?","T","E"],"build_version":"2018-11-15","purchased_purges":0,"victory":false,"max_hp_per_floor":[80,80,80,80,80,80,80,80,80,80,80,80,80,80,80,80,80,80,80,80,80,80,80,80,80,80,80],"card_choices":[{"not_picked":["Clothesline","Corruption"],"picked":"Thunderclap","floor":1.0},{"not_picked":["Anger","Pommel Strike"],"picked":"Shrug It Off","floor":3.0},{"not_picked":["Clash","Shrug It Off"],"picked":"Cleave","floor":4.0},{"not_picked":["Feel No Pain","Clothesline","Blood for Blood"],"picked":"SKIP","floor":6.0},{"not_picked":["Searing Blow","Warcry"],"picked":"Reaper","floor":8.0},{"not_picked":["Warcry","Perfected Strike"],"picked":"Flex","floor":10.0},{"not_picked":["Perfected Strike","Flex"],"picked":"Iron Wave","floor":14.0},{"not_picked":["Reckless Charge","Flex"],"picked":"Pommel Strike","floor":17.0},{"not_picked":["Bludgeon","Sentinel"],"picked":"Shrug It Off","floor":17.0},{"not_picked":["Sword Boomerang","Havoc"],"picked":"Armaments","floor":17.0},{"not_picked":["Reckless Charge","Sword Boomerang"],"picked":"Body Slam","floor":17.0},{"not_picked":["Burning Pact","Clothesline"],"picked":"Sword Boomerang","floor":17.0},{"not_picked":["Heavy Blade","Iron Wave"],"picked":"Shrug It Off+1","floor":18.0},{"not_picked":["Feel No Pain","Sentinel+1"],"picked":"Pommel Strike","floor":22.0},{"not_picked":["True Grit+1","Armaments+1"],"picked":"Entrench+1","floor":24.0}],"player_experience":1075204,"relics_obtained":[{"floor":6.0,"key":"Thread and Needle"},{"floor":8.0,"key":"Paper Frog"},{"floor":9.0,"key":"Shuriken"},{"floor":11.0,"key":"Torii"},{"floor":25.0,"key":"Nilry\u0027s Codex"},{"floor":26.0,"key":"Kunai"}],"event_choices":[{"damage_healed":0.0,"max_hp_gain":0.0,"max_hp_loss":0.0,"gold_gain":75.0,"event_name":"World of Goop","player_choice":"Gather Gold","floor":2.0,"gold_loss":0.0,"damage_taken":11.0},{"damage_healed":20.0,"max_hp_gain":0.0,"max_hp_loss":0.0,"gold_gain":0.0,"event_name":"The Cleric","player_choice":"Healed","floor":5.0,"gold_loss":35.0,"damage_taken":0.0},{"damage_healed":0.0,"max_hp_gain":0.0,"max_hp_loss":0.0,"gold_gain":0.0,"event_name":"Scrap Ooze","player_choice":"Success","floor":13.0,"gold_loss":0.0,"damage_taken":12.0,"relics_obtained":["Pen Nib"]},{"damage_healed":0.0,"max_hp_gain":0.0,"max_hp_loss":0.0,"gold_gain":0.0,"cards_transformed":["Strike_R","Defend_R"],"event_name":"Drug Dealer","player_choice":"Became Test Subject","floor":20.0,"gold_loss":0.0,"damage_taken":0.0,"cards_obtained":["Infernal Blade","Clothesline"]},{"damage_healed":0.0,"max_hp_gain":0.0,"max_hp_loss":0.0,"gold_gain":0.0,"event_name":"Vampires","player_choice":"Ignored","floor":21.0,"gold_loss":0.0,"damage_taken":0.0},{"damage_healed":0.0,"max_hp_gain":0.0,"max_hp_loss":0.0,"gold_gain":0.0,"event_name":"Cursed Tome","player_choice":"Obtained Book","floor":25.0,"gold_loss":0.0,"damage_taken":16.0}],"is_beta":false,"boss_relics":[{"not_picked":["Black Blood","Calling Bell"],"picked":"Orrery"}],"items_purged_floors":[],"is_endless":false,"potions_floor_spawned":[4,10,14],"killed_by":"Slavers","ascension_level":0}