{"gold_per_floor":[116,116,20,40,40,40,73,91,91,147,147,163,180,180,180,283,283,266,266],"floor_reached":19,"playtime":1364,"items_purged":[],"score":267,"play_id":"51374f8d-ca80-40cc-bdf7-65689b25f8c1","local_time":"20180916135901","is_ascension_mode":true,"campfire_choices":[{"data":"Body Slam","floor":6.0,"key":"SMITH"},{"data":"Body Slam","floor":11,"key":"SMITH"},{"data":"Rampage","floor":15,"key":"SMITH"}],"neow_cost":"","seed_source_timestamp":0,"circlet_count":0,"master_deck":["Strike_R","Strike_R","Strike_R","Defend_R","Defend_R","Defend_R","Defend_R","Bash","Pommel Strike","Shrug It Off","Body Slam+1","Clothesline","Spot Weakness","Pommel Strike","Body Slam+1","Rampage+1","Double Tap","Doubt","Writhe","Shame","Whirlwind"],"special_seed":0,"relics":["Burning Blood","Boot","Darkstone Periapt","Anchor","Calling Bell","Regal Pillow","Mummified Hand","Calipers"],"potions_floor_usage":[10,16,18],"damage_taken":[{"damage":1.0,"enemies":"Cultist","floor":1.0,"turns":3.0},{"damage":0.0,"enemies":"2 Louse","floor":4.0,"turns":3.0},{"damage":22.0,"enemies":"Gremlin Nob","floor":7.0,"turns":5.0},{"damage":9.0,"enemies":"Jaw Worm","floor":8.0,"turns":3.0},{"damage":19,"enemies":"3 Sentries","floor":10,"turns":8},{"damage":0,"enemies":"2 Fungi Beasts","floor":12,"turns":2},{"damage":0,"enemies":"3 Louse","floor":13,"turns":4},{"damage":39,"enemies":"Hexaghost","floor":16,"turns":10},{"damage":21,"enemies":"2 Thieves","floor":18,"turns":4},{"damage":27,"enemies":"Masked Bandits","floor":19,"turns":3}],"seed_played":"-2052979941731111897","potions_obtained":[{"floor":4.0,"key":"Dexterity Potion"},{"floor":10,"key":"Dexterity Potion"},{"floor":16,"key":"Strength Potion"}],"is_trial":false,"path_per_floor":["M","?","$","M","?","R","E","M","T","?","R","M","M","?","R","B",null,"M"],"character_chosen":"IRONCLAD","items_purchased":["Shrug It Off","Body Slam"],"campfire_rested":0,"item_purchase_floors":[3,3],"current_hp_per_floor":[77,70,70,76,76,76,60,57,57,44,44,50,56,56,56,23,84,69,42],"gold":266,"neow_bonus":"","is_prod":false,"is_daily":false,"chose_seed":false,"campfire_upgraded":3,"win_rate":0,"timestamp":1537124341,"path_taken":["M","?","?","M","?","R","E","?","T","?","R","M","M","?","R","BOSS","M","?"],"build_version":"2018-09-06","purchased_purges":0,"victory":false,"max_hp_per_floor":[80,80,80,80,80,80,80,80,80,80,80,80,80,80,80,80,98,98,98],"card_choices":[{"not_picked":["Iron Wave","Cleave"],"picked":"Pommel Strike","floor":1.0},{"not_picked":["Clash","Searing Blow"],"picked":"Clothesline","floor":4.0},{"not_picked":["Bloodletting","Brutality"],"picked":"Spot Weakness","floor":7.0},{"not_picked":["Anger","Evolve"],"picked":"Pommel Strike","floor":8.0},{"not_picked":["Sentinel","Whirlwind"],"picked":"Body Slam","floor":10},{"not_picked":["Inflame","Anger"],"picked":"Rampage","floor":12},{"not_picked":["Shockwave","Wild Strike","Reckless Charge"],"picked":"SKIP","floor":13},{"not_picked":["Dark Embrace","Offering"],"picked":"Double Tap","floor":16},{"not_picked":["Dropkick","Wild Strike"],"picked":"Whirlwind","floor":18}],"player_experience":606567,"relics_obtained":[{"floor":7.0,"key":"Boot"},{"floor":9.0,"key":"Darkstone Periapt"},{"floor":10,"key":"Anchor"},{"floor":17,"key":"Regal Pillow"},{"floor":17,"key":"Mummified Hand"},{"floor":17,"key":"Calipers"}],"event_choices":[{"event_name":"Golden Wing","player_choice":"Card Removal","floor":2.0,"damage_taken":0.0},{"event_name":"The Cleric","player_choice":"Leave","floor":5.0,"damage_taken":0.0},{"event_name":"Dead Adventurer","player_choice":"Searched \u00272\u0027 times","floor":10,"damage_taken":0},{"event_name":"Bonfire Elementals","player_choice":"BASIC","floor":14,"damage_taken":0},{"event_name":"Masked Bandits","player_choice":"Fought Bandits","floor":19,"damage_taken":0}],"is_beta":false,"boss_relics":[{"not_picked":["Pandora\u0027s Box","Empty Cage"],"picked":"Calling Bell"}],"items_purged_floors":[],"is_endless":false,"potions_floor_spawned":[4,10,16],"killed_by":"Masked Bandits","ascension_level":9}