{"gold_per_floor":[213,225,64,77,77,106,12,25,50,62,82,97,97,97],"floor_reached":14,"playtime":748,"items_purged":["Strike_G"],"score":113,"play_id":"b0558560-3e11-4412-944e-a421b5649017","local_time":"20190612151700","is_ascension_mode":true,"campfire_choices":[],"neow_cost":"NONE","seed_source_timestamp":8609682216400,"circlet_count":0,"master_deck":["Strike_G","Strike_G","Strike_G","Strike_G","Defend_G","Defend_G","Defend_G","Defend_G","Defend_G","Survivor","Neutralize","All Out Attack","Riddle With Holes","Footwork","Footwork","Dodge and Roll","Bandage Up","Poisoned Stab","Distraction"],"special_seed":0,"relics":["Ring of the Snake","Smiling Mask"],"potions_floor_usage":[6,6,14,14,14],"damage_taken":[{"damage":1.0,"enemies":"Cultist","floor":1.0,"turns":3.0},{"damage":2.0,"enemies":"Jaw Worm","floor":2.0,"turns":5.0},{"damage":0,"enemies":"2 Louse","floor":4,"turns":2},{"damage":32,"enemies":"Lagavulin","floor":6,"turns":9},{"damage":17,"enemies":"Large Slime","floor":8,"turns":10},{"damage":0,"enemies":"Lots of Slimes","floor":10,"turns":2},{"damage":5,"enemies":"Blue Slaver","floor":11,"turns":5},{"damage":1,"enemies":"Red Slaver","floor":12,"turns":5},{"damage":40,"enemies":"3 Sentries","floor":14,"turns":8}],"seed_played":"-155133849781367327","potions_obtained":[{"floor":2.0,"key":"Poison Potion"},{"floor":4,"key":"Weak Potion"},{"floor":5,"key":"LiquidBronze"},{"floor":6,"key":"Weak Potion"},{"floor":12,"key":"Poison Potion"}],"is_trial":false,"path_per_floor":["M","M","$","M","?","E","$","M","T","M","M","M","?","E"],"character_chosen":"THE_SILENT","items_purchased":["Footwork","AttackPotion","Bandage Up"],"campfire_rested":0,"item_purchase_floors":[3,3,7],"current_hp_per_floor":[69,67,67,67,67,35,35,22,22,26,25,28,28,0],"gold":97,"neow_bonus":"HUNDRED_GOLD","is_prod":false,"is_daily":false,"chose_seed":false,"campfire_upgraded":0,"win_rate":0,"timestamp":1560345420,"path_taken":["M","M","$","M","?","E","?","M","T","M","?","M","?","E"],"build_version":"2019-06-11","purchased_purges":1,"victory":false,"max_hp_per_floor":[70,70,70,70,70,70,70,70,70,70,70,70,70,70],"card_choices":[{"not_picked":["Poisoned Stab","Expertise"],"picked":"All Out Attack","floor":1.0},{"not_picked":["Accuracy","Quick Slash"],"picked":"Riddle With Holes","floor":2.0},{"not_picked":["Prepared","Backflip"],"picked":"Footwork","floor":4},{"not_picked":["Eviscerate","Outmaneuver"],"picked":"Dodge and Roll","floor":6},{"not_picked":["Underhanded Strike","Catalyst","Reflex"],"picked":"SKIP","floor":8},{"not_picked":["Deflect","Slice"],"picked":"Poisoned Stab","floor":10},{"not_picked":["Quick Slash","Flechettes","Finisher"],"picked":"SKIP","floor":11},{"not_picked":["Sucker Punch","Slice"],"picked":"Distraction","floor":12}],"player_experience":369209,"relics_obtained":[{"floor":6,"key":"Smiling Mask"}],"event_choices":[{"damage_healed":0,"gold_gain":0,"player_choice":"Got Potions","damage_taken":0,"max_hp_gain":0,"max_hp_loss":0,"event_name":"Lab","floor":5,"gold_loss":0},{"damage_healed":0,"gold_gain":0,"player_choice":"Fled","damage_taken":0,"max_hp_gain":0,"max_hp_loss":0,"event_name":"Scrap Ooze","floor":13,"gold_loss":0}],"is_beta":true,"boss_relics":[],"items_purged_floors":[3],"is_endless":false,"potions_floor_spawned":[2,4,6,12],"killed_by":"3 Sentries","ascension_level":4}