{"gold_per_floor":[369,369,258,273,273,273,296,296,369,369,369,392,425,163,163,291,291,304,1,1,1,14,14,49,49,49,65,100,100,100,100],"floor_reached":31,"playtime":1980,"items_purged":["Defend_G","Strike_G","Strike_G"],"score":274,"play_id":"77149ba1-8bc4-43cf-a2f5-ef7f31ed7cd5","local_time":"20180719133453","is_ascension_mode":false,"campfire_choices":[{"data":"Dagger Spray","floor":6,"key":"SMITH"},{"data":"Caltrops","floor":8,"key":"SMITH"},{"data":"Infinite Blades","floor":15,"key":"SMITH"},{"floor":23,"key":"REST"},{"floor":25,"key":"REST"}],"neow_cost":"CURSE","seed_source_timestamp":1977616802250822,"circlet_count":0,"master_deck":["Defend_G","Defend_G","Defend_G","Survivor","Neutralize","Clumsy","Blur+1","Caltrops+1","Dagger Spray+1","Bane","Escape Plan","Infinite Blades+1","Night Terror","Infinite Blades","Panache","Blur","Bite","Bite","Bite","Bite","Bite","Reflex"],"relics":["Ring of the Snake","Golden Idol","Kunai","Question Card","Tiny Chest","Sozu","Juzu Bracelet","Frozen Egg 2","Red Mask"],"potions_floor_usage":[13,13,16,22],"damage_taken":[{"damage":0,"enemies":"Small Slimes","floor":1,"turns":4},{"damage":0,"enemies":"Jaw Worm","floor":4,"turns":8},{"damage":0,"enemies":"Cultist","floor":7,"turns":3},{"damage":2,"enemies":"Large Slime","floor":12,"turns":9},{"damage":11,"enemies":"Gremlin Nob","floor":13,"turns":4},{"damage":20,"enemies":"Hexaghost","floor":16,"turns":11},{"damage":12,"enemies":"Shell Parasite","floor":18,"turns":4},{"damage":23,"enemies":"2 Thieves","floor":22,"turns":4},{"damage":14,"enemies":"Book of Stabbing","floor":24,"turns":7},{"damage":7,"enemies":"Snake Plant","floor":27,"turns":5},{"damage":45,"floor":28,"turns":4},{"damage":12,"enemies":"Snecko","floor":31,"turns":3}],"seed_played":"3257374349356312790","potions_obtained":[{"floor":11,"key":"SteroidPotion"},{"floor":11,"key":"Explosive Potion"},{"floor":11,"key":"FearPotion"},{"floor":13,"key":"Weak Potion"},{"floor":16,"key":"Swift Potion"}],"is_trial":false,"path_per_floor":["M","?","$","M","?","R","M","R","T","?","?","M","E","$","R","B",null,"M","$","?","?","M","R","E","R","T","M","?","?","?"],"character_chosen":"THE_SILENT","items_purchased":["Caltrops","Infinite Blades","Tiny Chest","Panache"],"campfire_rested":2,"item_purchase_floors":[3,14,14,19],"current_hp_per_floor":[70,65,65,65,65,65,65,65,65,65,65,63,52,52,52,32,65,53,53,53,53,30,49,35,54,54,47,2,2,2,0],"gold":100,"neow_bonus":"TWO_FIFTY_GOLD","is_prod":false,"is_daily":false,"chose_seed":false,"campfire_upgraded":3,"win_rate":0,"timestamp":1532025293,"path_taken":["M","?","$","M","?","R","M","R","T","?","?","M","E","$","R","BOSS","M","$","?","?","M","R","E","R","T","M","?","?","?","M"],"build_version":"2018-07-12","purchased_purges":3,"victory":false,"max_hp_per_floor":[70,65,65,65,65,65,65,65,65,65,65,65,65,65,65,65,65,65,65,65,65,65,65,65,65,65,65,65,45,45,45],"card_choices":[{"not_picked":["PiercingWail","Malaise"],"picked":"Blur","floor":1},{"not_picked":["Choke","Dodge and Roll"],"picked":"Dagger Spray","floor":4},{"not_picked":["Deflect","Prepared"],"picked":"Bane","floor":7},{"not_picked":["Deflect","Flechettes","PiercingWail"],"picked":"SKIP","floor":12},{"not_picked":["All Out Attack","Slice"],"picked":"Escape Plan","floor":13},{"not_picked":["Wraith Form v2","Envenom","A Thousand Cuts"],"picked":"Night Terror","floor":16},{"not_picked":["Terror","Deflect","Poisoned Stab"],"picked":"Infinite Blades","floor":18},{"not_picked":["Acrobatics","Prepared","Deadly Poison"],"picked":"Blur","floor":22},{"not_picked":["Bane","Skewer","PiercingWail+1","Crippling Poison"],"picked":"SKIP","floor":24},{"not_picked":["Dodge and Roll","Crippling Poison","Expertise","Flechettes"],"picked":"SKIP","floor":27}],"player_experience":229139,"relics_obtained":[{"floor":9,"key":"Kunai"},{"floor":13,"key":"Question Card"},{"floor":24,"key":"Juzu Bracelet"},{"floor":26,"key":"Frozen Egg 2"},{"floor":28,"key":"Red Mask"}],"event_choices":[{"event_name":"Golden Idol","player_choice":"Lose Max HP","floor":2,"damage_taken":0},{"event_name":"Living Wall","player_choice":"Forget","floor":5,"damage_taken":0},{"event_name":"Accursed Blacksmith","player_choice":"Forge","floor":10,"damage_taken":0},{"event_name":"The Lab","player_choice":"Got Potions","floor":11,"damage_taken":0},{"event_name":"Ghosts","player_choice":"Ignored","floor":20,"damage_taken":0},{"event_name":"Beggar","player_choice":"Ignored","floor":21,"damage_taken":0},{"event_name":"Masked Bandits","player_choice":"Fought over 65 gold","floor":28,"damage_taken":0},{"event_name":"Vampires","player_choice":"Became a vampire","floor":29,"damage_taken":0},{"event_name":"Transmorgrifier","player_choice":"Transform","floor":30,"damage_taken":0}],"boss_relics":[{"not_picked":["Black Star","White Beast Statue"],"picked":"Sozu"}],"items_purged_floors":[3,14,19],"is_endless":false,"potions_floor_spawned":[13,16,22,24],"killed_by":"Snecko","ascension_level":0}