{"gold_per_floor":[115,115,115,115,37,37,37,51,51,94,269,269,285,310,310,310],"floor_reached":16,"playtime":2272,"items_purged":[],"score":113,"play_id":"48018e23-d473-458c-9e84-a3b30ea95a91","local_time":"20180813103420","is_ascension_mode":true,"campfire_choices":[{"data":"Cloak And Dagger","floor":6,"key":"SMITH"},{"floor":12,"key":"REST"},{"floor":15,"key":"REST"}],"neow_cost":"","seed_source_timestamp":4126705002273672,"circlet_count":0,"master_deck":["Defend_G","Defend_G","Defend_G","Defend_G","Defend_G","Strike_G","Strike_G","Strike_G","Strike_G","Survivor","Neutralize","Cloak And Dagger+1","Footwork","Deflect","Backflip+1","Doubt","Leg Sweep+1","Backflip+1"],"relics":["Ring of the Snake","Mercury Hourglass","Golden Idol","Bottled Flame","Toxic Egg 2"],"potions_floor_usage":[],"damage_taken":[{"damage":5,"enemies":"Jaw Worm","floor":1,"turns":5},{"damage":0,"enemies":"2 Louse","floor":8,"turns":2},{"damage":21,"enemies":"Lagavulin","floor":10,"turns":11},{"damage":0,"enemies":"Small Slimes","floor":13,"turns":4},{"damage":0,"enemies":"3 Louse","floor":14,"turns":3},{"damage":62,"enemies":"Hexaghost","floor":16,"turns":19}],"seed_played":"5359037337273526385","potions_obtained":[{"floor":13,"key":"Poison Potion"}],"is_trial":false,"path_per_floor":["M","?","?","?","$","R","?","M","T","E","?","R","M","M","R"],"character_chosen":"THE_SILENT","items_purchased":["Footwork"],"campfire_rested":2,"item_purchase_floors":[5],"current_hp_per_floor":[65,58,41,46,46,46,46,46,46,25,25,47,47,47,69,7],"gold":310,"neow_bonus":"","is_prod":false,"is_daily":false,"chose_seed":false,"campfire_upgraded":1,"win_rate":0,"timestamp":1534174460,"path_taken":["M","?","?","?","$","R","?","M","T","E","?","R","M","M","R","BOSS"],"build_version":"2018-08-09","purchased_purges":0,"victory":false,"max_hp_per_floor":[70,70,70,75,75,75,75,75,75,75,75,75,75,75,75,75],"card_choices":[{"not_picked":["Outmaneuver","Finisher"],"picked":"Cloak And Dagger","floor":1},{"not_picked":["Tactician","Dagger Spray"],"picked":"Deflect","floor":8},{"not_picked":["Bane","All Out Attack"],"picked":"Backflip","floor":10},{"not_picked":["Sucker Punch","Acrobatics+1"],"picked":"Leg Sweep+1","floor":13},{"not_picked":["Prepared+1","Dagger Throw"],"picked":"Backflip+1","floor":14}],"player_experience":496170,"relics_obtained":[{"floor":9,"key":"Bottled Flame"},{"floor":10,"key":"Toxic Egg 2"}],"event_choices":[{"event_name":"Scrap Ooze","player_choice":"success","floor":2,"damage_taken":7},{"event_name":"Golden Idol","player_choice":"Take Damage","floor":3,"damage_taken":0},{"event_name":"Big Fish","player_choice":"Donut","floor":4,"damage_taken":0},{"event_name":"Living Wall","player_choice":"Forget","floor":7,"damage_taken":0},{"event_name":"Liars Game","player_choice":"agreed","floor":11,"damage_taken":0}],"is_beta":false,"boss_relics":[],"items_purged_floors":[],"is_endless":false,"potions_floor_spawned":[13],"killed_by":"Hexaghost","ascension_level":3}