{"gold_per_floor":[116,116,116,127,127,158,158,172,228,228,238,7,24,40,40,141,141,154,173,185,110,127,127,143,143,166,166],"floor_reached":27,"playtime":2264,"items_purged":["Decay"],"score":304,"play_id":"657ed5ab-9e94-4c5a-a77c-a3f515ede91b","local_time":"20181021211908","is_ascension_mode":true,"campfire_choices":[{"floor":7,"key":"REST"},{"data":"Choke","floor":10,"key":"SMITH"},{"floor":15,"key":"REST"},{"floor":23,"key":"REST"}],"neow_cost":"NONE","seed_source_timestamp":0,"circlet_count":0,"master_deck":["Defend_G","Defend_G+1","Defend_G","Defend_G","Defend_G+1","Strike_G","Strike_G","Strike_G","Strike_G","Survivor","Neutralize+1","Backstab","Quick Slash","Choke+1","Dagger Spray","Infinite Blades","A Thousand Cuts","A Thousand Cuts","Quick Slash+1","Infinite Blades","Choke+1"],"special_seed":0,"relics":["Ring of the Snake","Omamori","Ornamental Fan","Tiny Chest","War Paint","Busted Crown","Smiling Mask"],"potions_floor_usage":[13,16,20,20],"damage_taken":[{"damage":4.0,"enemies":"Small Slimes","floor":1.0,"turns":4.0},{"damage":1,"enemies":"Cultist","floor":4,"turns":3},{"damage":46,"enemies":"3 Sentries","floor":6,"turns":13},{"damage":2,"enemies":"Jaw Worm","floor":8,"turns":5},{"damage":0,"enemies":"Large Slime","floor":11,"turns":3},{"damage":1,"enemies":"Gremlin Gang","floor":13,"turns":3},{"damage":0,"enemies":"Red Slaver","floor":14,"turns":3},{"damage":33,"enemies":"The Guardian","floor":16,"turns":13},{"damage":0,"enemies":"Chosen","floor":18,"turns":4},{"damage":2,"enemies":"Spheric Guardian","floor":19,"turns":3},{"damage":26,"enemies":"Cultist and Chosen","floor":20,"turns":7},{"damage":29,"enemies":"Sentry and Sphere","floor":22,"turns":6},{"damage":9,"enemies":"3 Cultists","floor":24,"turns":4},{"damage":1,"enemies":"Centurion and Healer","floor":27,"turns":2}],"seed_played":"-2442043725366259866","potions_obtained":[{"floor":1.0,"key":"SkillPotion"},{"floor":8,"key":"SteroidPotion"},{"floor":11,"key":"Block Potion"},{"floor":16,"key":"PowerPotion"},{"floor":19,"key":"SkillPotion"},{"floor":22,"key":"LiquidBronze"}],"is_trial":false,"path_per_floor":["M","?","?","M","?","E","R","M","T","R","M","$","M","M","R","B",null,"M","M","M","?","M","R","M","?","T"],"character_chosen":"THE_SILENT","items_purchased":["War Paint"],"campfire_rested":3,"item_purchase_floors":[12],"current_hp_per_floor":[59,59,64,63,63,17,39,37,37,37,37,37,36,36,58,25,63,63,61,35,35,6,28,19,19,19,18],"gold":166,"neow_bonus":"UPGRADE_CARD","is_prod":false,"is_daily":false,"chose_seed":false,"campfire_upgraded":1,"win_rate":0,"timestamp":1540174748,"path_taken":["M","?","?","M","?","E","R","M","T","R","?","$","M","M","R","BOSS","M","?","M","?","M","R","?","?","T","M"],"build_version":"2018-10-18","purchased_purges":1,"victory":false,"max_hp_per_floor":[70,70,75,75,75,75,75,75,75,75,75,75,75,75,75,75,75,75,75,75,75,75,75,75,75,75,75],"card_choices":[{"not_picked":["Flechettes","Well Laid Plans"],"picked":"Backstab","floor":1.0},{"not_picked":["Concentrate","Bouncing Flask","Heel Hook"],"picked":"SKIP","floor":4},{"not_picked":["Tools of the Trade","Expertise"],"picked":"Quick Slash","floor":6},{"not_picked":["Backflip","Acrobatics"],"picked":"Choke","floor":8},{"not_picked":["Leg Sweep","Bane"],"picked":"Dagger Spray","floor":11},{"not_picked":["Deflect","Backflip"],"picked":"Infinite Blades","floor":13},{"not_picked":["Slice","Riddle With Holes"],"picked":"A Thousand Cuts","floor":14},{"not_picked":["After Image","Storm of Steel"],"picked":"A Thousand Cuts","floor":16},{"not_picked":[],"picked":"Quick Slash+1","floor":18},{"not_picked":["Outmaneuver"],"picked":"SKIP","floor":19},{"not_picked":["Caltrops"],"picked":"SKIP","floor":20},{"not_picked":["Dodge and Roll"],"picked":"SKIP","floor":22},{"not_picked":[],"picked":"Infinite Blades","floor":24}],"player_experience":823141,"relics_obtained":[{"floor":6,"key":"Ornamental Fan"},{"floor":9,"key":"Tiny Chest"},{"floor":26,"key":"Smiling Mask"}],"event_choices":[{"damage_healed":0,"gold_gain":0,"player_choice":"Cursed","damage_taken":0,"max_hp_gain":0,"max_hp_loss":0,"event_name":"Wheel of Change","floor":2,"gold_loss":0,"cards_obtained":["Decay"]},{"damage_healed":0,"gold_gain":0,"player_choice":"Donut","damage_taken":0,"max_hp_gain":5,"max_hp_loss":0,"event_name":"Big Fish","floor":3,"gold_loss":0},{"damage_healed":0,"gold_gain":0,"player_choice":"Gave Potion","damage_taken":0,"relics_obtained":["Omamori"],"max_hp_gain":0,"max_hp_loss":0,"event_name":"WeMeetAgain","floor":5,"gold_loss":0},{"cards_removed":["Strike_G"],"damage_healed":0,"gold_gain":0,"player_choice":"Gave Gold","damage_taken":0,"max_hp_gain":0,"max_hp_loss":0,"event_name":"Beggar","floor":21,"gold_loss":75},{"damage_healed":0,"gold_gain":0,"player_choice":"Copied","damage_taken":0,"max_hp_gain":0,"max_hp_loss":0,"event_name":"Duplicator","floor":25,"gold_loss":0,"cards_obtained":["Choke"]}],"is_beta":false,"boss_relics":[{"not_picked":["Velvet Choker","Fusion Hammer"],"picked":"Busted Crown"}],"items_purged_floors":[12],"is_endless":false,"potions_floor_spawned":[1,8,11,16,19,22],"killed_by":"Centurion and Healer","ascension_level":8}