{"gold_per_floor":[115,115,130,54,64,90,90,123,146,192,204,230,260,343,355,439,451,474,503,515,527,552,564],"floor_reached":23,"playtime":1373,"items_purged":[],"score":348,"play_id":"b3cba79c-c3d6-4389-936d-b87f1a13b73f","local_time":"20180929212155","is_ascension_mode":true,"campfire_choices":[{"floor":7,"key":"REST"},{"data":"Rampage","floor":11,"key":"SMITH"},{"floor":15,"key":"REST"}],"neow_cost":"NONE","seed_source_timestamp":869756085952097,"circlet_count":0,"master_deck":["Strike_R","Strike_R","Strike_R","Strike_R","Strike_R","Defend_R","Defend_R","Defend_R","Defend_R","Bash","AscendersBane","Perfected Strike","Perfected Strike","Rampage+1","Wild Strike","Battle Trance","Twin Strike","Uppercut","Headbutt","Feed","Flex+1","Wild Strike","Pommel Strike","Spot Weakness"],"relics":["Burning Blood","NeowsBlessing","Bag of Preparation","PreservedInsect","MawBank","Bronze Scales","Eternal Feather"],"potions_floor_usage":[8,16,19,23],"damage_taken":[{"damage":0,"enemies":"2 Louse","floor":1,"turns":1},{"damage":0,"enemies":"Cultist","floor":3,"turns":1},{"damage":0,"enemies":"Small Slimes","floor":5,"turns":1},{"damage":40,"enemies":"Lagavulin","floor":6,"turns":7},{"damage":18,"enemies":"Gremlin Nob","floor":8,"turns":4},{"damage":25,"enemies":"3 Sentries","floor":10,"turns":5},{"damage":0,"enemies":"Exordium Wildlife","floor":12,"turns":2},{"damage":0,"enemies":"Large Slime","floor":13,"turns":4},{"damage":56,"enemies":"Hexaghost","floor":16,"turns":8},{"damage":0,"enemies":"Chosen","floor":18,"turns":4},{"damage":0,"enemies":"Spheric Guardian","floor":19,"turns":1},{"damage":51,"enemies":"Snecko","floor":22,"turns":6},{"damage":35,"enemies":"Book of Stabbing","floor":23,"turns":3}],"seed_played":"2239047943332406083","potions_obtained":[{"floor":2,"key":"Dexterity Potion"},{"floor":2,"key":"GamblersBrew"},{"floor":3,"key":"Weak Potion"},{"floor":8,"key":"Dexterity Potion"},{"floor":13,"key":"Weak Potion"},{"floor":16,"key":"AttackPotion"},{"floor":18,"key":"Explosive Potion"},{"floor":19,"key":"Regen Potion"}],"is_trial":false,"path_per_floor":["M","?","M","$","M","E","R","E","T","E","R","M","M","?","R","B",null,"M","M","$","?","M"],"character_chosen":"IRONCLAD","items_purchased":["Rampage"],"campfire_rested":2,"item_purchase_floors":[4],"current_hp_per_floor":[78,78,80,80,80,46,70,58,58,39,39,45,51,51,75,25,66,75,81,81,81,36,10],"gold":564,"neow_bonus":"THREE_ENEMY_KILL","is_prod":false,"is_daily":false,"chose_seed":false,"campfire_upgraded":1,"win_rate":0,"timestamp":1538274115,"path_taken":["M","?","M","$","?","E","R","E","T","E","R","M","M","?","R","BOSS","M","M","$","?","M","E"],"build_version":"2018-09-27","purchased_purges":0,"victory":false,"max_hp_per_floor":[80,80,80,80,80,80,80,80,80,80,80,80,80,80,80,80,80,83,83,83,83,83,83],"card_choices":[{"not_picked":["Fire Breathing","Shrug It Off"],"picked":"Perfected Strike","floor":1},{"not_picked":["Headbutt","Sword Boomerang"],"picked":"Perfected Strike","floor":3},{"not_picked":["Dual Wield","Battle Trance"],"picked":"Wild Strike","floor":5},{"not_picked":["Dual Wield","Dark Embrace","Clash"],"picked":"SKIP","floor":6},{"not_picked":["Anger","Perfected Strike"],"picked":"Battle Trance","floor":8},{"not_picked":["Second Wind","Entrench"],"picked":"Twin Strike","floor":10},{"not_picked":["Ghostly Armor","Armaments"],"picked":"Uppercut","floor":12},{"not_picked":["Spot Weakness","Clash"],"picked":"Headbutt","floor":13},{"not_picked":["Fiend Fire","Barricade"],"picked":"Feed","floor":16},{"not_picked":["Corruption","Havoc"],"picked":"Flex+1","floor":18},{"not_picked":["Clash","True Grit+1"],"picked":"Wild Strike","floor":19},{"not_picked":["Metallicize","Burning Pact"],"picked":"Spot Weakness","floor":22}],"player_experience":672150,"relics_obtained":[{"floor":6,"key":"Bag of Preparation"},{"floor":8,"key":"PreservedInsect"},{"floor":9,"key":"MawBank"},{"floor":10,"key":"Bronze Scales"}],"event_choices":[{"event_name":"The Lab","player_choice":"Got Potions","floor":2,"damage_taken":0},{"event_name":"Golden Wing","player_choice":"Gained Gold","floor":14,"damage_taken":0},{"event_name":"The Library","player_choice":"Read","floor":21,"damage_taken":0}],"is_beta":false,"boss_relics":[{"not_picked":["Astrolabe","Ectoplasm"],"picked":"Eternal Feather"}],"items_purged_floors":[],"is_endless":false,"potions_floor_spawned":[3,5,8,13,16,18,19],"killed_by":"Book of Stabbing","ascension_level":13}