{"gold_per_floor":[111,36,48,60,60,85,96,96,167,167,179,179,207,219,219,319,319,332,185,185,203,223,249,249,259,331,364,364,382,402,429,429,524,524,535,535,535,102,119,119,444,81,128,141,161,177,177,177,177,177],"floor_reached":51,"playtime":4293,"items_purged":["Defend_R","Defend_R","Defend_R","Defend_R"],"score":724,"play_id":"e1efb974-c4da-4bbf-b36c-09307d1d41fe","local_time":"20180717102029","is_ascension_mode":false,"campfire_choices":[{"data":"Rampage","floor":8,"key":"SMITH"},{"data":"Rampage","floor":12,"key":"SMITH"},{"data":"Headbutt","floor":15,"key":"SMITH"},{"data":"Headbutt","floor":24,"key":"SMITH"},{"data":"Pommel Strike","floor":28,"key":"SMITH"},{"floor":32,"key":"REST"},{"data":"Strike_R","floor":40,"key":"PURGE"},{"data":"Strike_R","floor":47,"key":"PURGE"},{"floor":49,"key":"REST"}],"neow_cost":"TEN_PERCENT_HP_LOSS","seed_source_timestamp":1790800637661009,"circlet_count":0,"master_deck":["Bash","Headbutt+1","Cleave","Impervious","Rampage+1","Rampage+1","Shrug It Off","Headbutt+1","Shrug It Off","Ghostly Armor+1","Twin Strike+1","Pommel Strike+1","Reaper+1","Cleave+1","Panache","Headbutt+1"],"relics":["Burning Blood","Gambling Chip","Bird Faced Urn","Dodecahedron","Happy Flower","Sozu","Blue Candle","Matryoshka","Peace Pipe","Molten Egg 2","Busted Crown","Ice Cream","Old Coin","Blood Vial","Oddly Smooth Stone"],"potions_floor_usage":[13,16,16,31,33],"damage_taken":[{"damage":11,"enemies":"Jaw Worm","floor":1,"turns":5},{"damage":0,"enemies":"Cultist","floor":3,"turns":3},{"damage":1,"enemies":"Small Slimes","floor":4,"turns":3},{"damage":28,"enemies":"Gremlin Nob","floor":6,"turns":4},{"damage":6,"enemies":"3 Louse","floor":7,"turns":2},{"damage":0,"enemies":"Exordium Thugs","floor":11,"turns":5},{"damage":18,"enemies":"Lagavulin","floor":13,"turns":5},{"damage":5,"enemies":"Exordium Wildlife","floor":14,"turns":5},{"damage":11,"enemies":"The Guardian","floor":16,"turns":9},{"damage":2,"enemies":"Chosen","floor":18,"turns":4},{"damage":11,"enemies":"Shell Parasite","floor":21,"turns":5},{"damage":3,"enemies":"Snake Plant","floor":22,"turns":4},{"damage":9,"enemies":"Book of Stabbing","floor":23,"turns":4},{"damage":0,"enemies":"Sentry and Sphere","floor":25,"turns":4},{"damage":7,"enemies":"Slavers","floor":27,"turns":5},{"damage":21,"enemies":"Cultist and Chosen","floor":29,"turns":5},{"damage":11,"enemies":"3 Cultists","floor":30,"turns":4},{"damage":26,"enemies":"Gremlin Leader","floor":31,"turns":6},{"damage":38,"enemies":"Champ","floor":33,"turns":10},{"damage":0,"enemies":"3 Darklings","floor":35,"turns":6},{"damage":0,"enemies":"Orb Walker","floor":39,"turns":2},{"damage":47,"enemies":"Nemesis","floor":41,"turns":9},{"damage":21,"enemies":"Sphere and 2 Shapes","floor":44,"turns":4},{"damage":8,"enemies":"Flame Bruiser 2 Orb","floor":45,"turns":5},{"damage":29,"enemies":"4 Shapes","floor":46,"turns":5},{"damage":73,"enemies":"Awakened One","floor":50,"turns":10}],"seed_played":"3748228172449298519","potions_obtained":[{"floor":7,"key":"Explosive Potion"},{"floor":11,"key":"Regen Potion"},{"floor":13,"key":"BloodPotion"},{"floor":14,"key":"EssenceOfSteel"},{"floor":16,"key":"Ancient Potion"}],"is_trial":false,"path_per_floor":["M","$","M","M","?","E","M","R","T","?","M","R","E","M","R","B",null,"M","$","?","M","M","E","R","M","T","E","R","M","M","E","R","B",null,"M","?","?","$","M","R","E","$","T","M","M","M","R","?","R","B"],"character_chosen":"IRONCLAD","items_purchased":["Shrug It Off","Ice Cream","Panache"],"campfire_rested":2,"item_purchase_floors":[19,38,42],"current_hp_per_floor":[67,67,72,72,72,50,50,50,50,50,56,56,58,59,59,61,72,72,72,72,67,70,67,67,72,72,71,71,56,51,31,52,20,72,72,72,72,72,72,72,36,36,36,35,52,48,48,48,69,11],"gold":177,"neow_bonus":"ONE_RARE_RELIC","is_prod":false,"is_daily":false,"chose_seed":false,"campfire_upgraded":5,"win_rate":0,"timestamp":1531840829,"path_taken":["M","$","M","M","?","E","?","R","T","?","?","R","E","M","R","BOSS","M","$","?","M","M","E","R","M","T","E","R","M","?","E","R","BOSS","M","?","?","?","M","R","E","$","T","M","?","M","R","?","R","BOSS"],"build_version":"2018-07-12","purchased_purges":4,"victory":true,"max_hp_per_floor":[72,72,72,72,72,72,72,72,72,72,72,72,72,72,72,72,72,72,72,72,72,72,72,72,72,72,72,72,72,72,72,72,72,72,72,72,72,72,72,72,72,72,72,72,72,72,72,72,72,72],"card_choices":[{"not_picked":["Twin Strike","Whirlwind"],"picked":"Shrug It Off","floor":1},{"not_picked":["Anger","Perfected Strike"],"picked":"Headbutt","floor":3},{"not_picked":["Shrug It Off","Clothesline"],"picked":"Cleave","floor":4},{"not_picked":["Armaments","Battle Trance"],"picked":"Rampage","floor":6},{"not_picked":["Combust","Body Slam"],"picked":"Rampage","floor":7},{"not_picked":["Clash","Entrench"],"picked":"Shrug It Off","floor":11},{"not_picked":["Demon Form","Hemokinesis","Sever Soul"],"picked":"SKIP","floor":13},{"not_picked":["Blood for Blood","Seeing Red","Clothesline"],"picked":"SKIP","floor":14},{"not_picked":["Perfected Strike","Havoc+1"],"picked":"Headbutt","floor":18},{"not_picked":["Disarm+1","Power Through"],"picked":"Ghostly Armor+1","floor":21},{"not_picked":["Clothesline","Heavy Blade"],"picked":"Twin Strike+1","floor":22},{"not_picked":["Body Slam","Offering","Carnage+1"],"picked":"SKIP","floor":23},{"not_picked":["True Grit","Searing Blow"],"picked":"Pommel Strike","floor":25},{"not_picked":["Perfected Strike","Sever Soul","Armaments"],"picked":"SKIP","floor":27},{"not_picked":["Spot Weakness","Clothesline","Havoc+1"],"picked":"SKIP","floor":29},{"not_picked":["Anger","Uppercut","Cleave"],"picked":"SKIP","floor":30},{"not_picked":["Spot Weakness","Sentinel+1","Juggernaut"],"picked":"SKIP","floor":31},{"not_picked":["Brutality","Barricade"],"picked":"Reaper+1","floor":33},{"not_picked":["Carnage+1"],"picked":"SKIP","floor":35},{"not_picked":[],"picked":"Cleave+1","floor":39},{"not_picked":["Armaments+1"],"picked":"SKIP","floor":41},{"not_picked":["Corruption+1"],"picked":"SKIP","floor":44},{"not_picked":[],"picked":"Headbutt+1","floor":45},{"not_picked":["Havoc"],"picked":"SKIP","floor":46}],"player_experience":197716,"relics_obtained":[{"floor":6,"key":"Bird Faced Urn"},{"floor":9,"key":"Dodecahedron"},{"floor":13,"key":"Happy Flower"},{"floor":23,"key":"Blue Candle"},{"floor":26,"key":"Matryoshka"},{"floor":27,"key":"Peace Pipe"},{"floor":31,"key":"Molten Egg 2"},{"floor":41,"key":"Old Coin"},{"floor":43,"key":"Blood Vial"},{"floor":43,"key":"Oddly Smooth Stone"}],"event_choices":[{"event_name":"Transmorgrifier","player_choice":"Transform","floor":5,"damage_taken":0},{"event_name":"Living Wall","player_choice":"Forget","floor":10,"damage_taken":0},{"event_name":"Drug Dealer","player_choice":"Ignored","floor":20,"damage_taken":0},{"event_name":"Purifier","player_choice":"One Purge","floor":36,"damage_taken":0},{"event_name":"Tomb of Lord Red Mask","player_choice":"Ignored","floor":37,"damage_taken":0},{"event_name":"Falling","player_choice":"Removed Skill","floor":48,"damage_taken":0}],"boss_relics":[{"not_picked":["Snecko Eye","Eternal Feather"],"picked":"Sozu"},{"not_picked":["Runic Dome","Fusion Hammer"],"picked":"Busted Crown"}],"items_purged_floors":[2,19,38,42],"is_endless":false,"potions_floor_spawned":[7,11,13,14,16,18,30,31,33,35,44,45],"ascension_level":0}