{"gold_per_floor":[111,130,146,64,76,76,111,111,111,123,123,11,37,49,49,148,148,164,177,189,204,204,204,232,232],"floor_reached":25,"playtime":3827,"items_purged":[],"score":260,"play_id":"49d4898d-f15a-4f79-b1fc-6e63b0b61ddd","local_time":"20190613211154","is_ascension_mode":false,"campfire_choices":[{"data":"Rupture","floor":6.0,"key":"SMITH"},{"data":"Rage","floor":8.0,"key":"SMITH"},{"data":"Armaments","floor":11.0,"key":"SMITH"},{"data":"Metallicize","floor":15.0,"key":"SMITH"},{"floor":23,"key":"REST"}],"neow_cost":"NONE","seed_source_timestamp":0,"circlet_count":0,"master_deck":["Strike_R","Strike_R","Strike_R","Strike_R","Strike_R","Defend_R","Defend_R","Defend_R","Defend_R","Bash","Intimidate","Armaments+1","Rage+1","Rupture+1","Shrug It Off","Iron Wave","Pommel Strike","Metallicize+1","Spot Weakness","Bloodletting","Pommel Strike","Limit Break+1","Spot Weakness","Rupture+1","Hemokinesis+1","Feed"],"special_seed":0,"relics":["Burning Blood","Blood Vial","Paper Frog","Peace Pipe","Runic Pyramid","PreservedInsect"],"potions_floor_usage":[25],"damage_taken":[{"damage":2.0,"enemies":"2 Louse","floor":1.0,"turns":3.0},{"damage":4.0,"enemies":"Cultist","floor":2.0,"turns":3.0},{"damage":0.0,"enemies":"Small Slimes","floor":3.0,"turns":3.0},{"damage":4.0,"enemies":"Blue Slaver","floor":5.0,"turns":6.0},{"damage":26.0,"enemies":"3 Sentries","floor":7.0,"turns":15.0},{"damage":7.0,"enemies":"Exordium Thugs","floor":10.0,"turns":5.0},{"damage":16.0,"enemies":"Gremlin Nob","floor":13.0,"turns":5.0},{"damage":23.0,"enemies":"Gremlin Gang","floor":14.0,"turns":7.0},{"damage":43.0,"enemies":"The Guardian","floor":16.0,"turns":15.0},{"damage":13.0,"enemies":"3 Byrds","floor":18.0,"turns":9.0},{"damage":24.0,"enemies":"Chosen","floor":19.0,"turns":7.0},{"damage":3.0,"enemies":"Centurion and Healer","floor":20.0,"turns":5.0},{"damage":37,"enemies":"Shelled Parasite and Fungi","floor":21,"turns":7},{"damage":73,"enemies":"Slavers","floor":24,"turns":6},{"damage":15,"enemies":"Snake Plant","floor":25,"turns":2}],"seed_played":"1583754373565747333","potions_obtained":[{"floor":1.0,"key":"Explosive Potion"},{"floor":5.0,"key":"Fruit Juice"},{"floor":13.0,"key":"Ancient Potion"},{"floor":14.0,"key":"EssenceOfSteel"},{"floor":18.0,"key":"Fire Potion"}],"is_trial":false,"path_per_floor":["M","M","M","$","M","R","E","R","T","M","R","$","E","M","R","B",null,"M","M","M","M","?","R","E","M"],"character_chosen":"IRONCLAD","items_purchased":["Rupture","Shrug It Off","Metallicize","Spot Weakness"],"campfire_rested":1,"item_purchase_floors":[4,4,12,12],"current_hp_per_floor":[88,88,88,88,93,93,73,73,73,74,74,74,66,51,51,16,93,86,70,75,46,46,73,11,0],"gold":232,"neow_bonus":"TEN_PERCENT_HP_BONUS","is_prod":false,"is_daily":false,"chose_seed":false,"campfire_upgraded":4,"win_rate":0.0,"timestamp":1560453114,"path_taken":["M","M","M","$","M","R","E","R","T","M","R","$","E","M","R","BOSS","M","M","M","M","?","R","E","M"],"build_version":"2019-01-23","purchased_purges":0,"victory":false,"max_hp_per_floor":[88,88,88,88,93,93,93,93,93,93,93,93,93,93,93,93,93,93,93,93,93,93,93,96,96],"card_choices":[{"not_picked":["Sword Boomerang","Hemokinesis"],"picked":"Intimidate","floor":1.0},{"not_picked":["Spot Weakness","Body Slam"],"picked":"Armaments","floor":2.0},{"not_picked":["Thunderclap","Iron Wave"],"picked":"Rage","floor":3.0},{"not_picked":["Twin Strike","Heavy Blade"],"picked":"Iron Wave","floor":5.0},{"not_picked":["Reckless Charge","Power Through"],"picked":"Pommel Strike","floor":7.0},{"not_picked":["Reaper","Body Slam","Warcry"],"picked":"SKIP","floor":10.0},{"not_picked":["Iron Wave","Clash"],"picked":"Bloodletting","floor":13.0},{"not_picked":["Clothesline","Infernal Blade"],"picked":"Pommel Strike","floor":14.0},{"not_picked":["Feed","Impervious"],"picked":"Limit Break","floor":16.0},{"not_picked":["Combust+1","Warcry"],"picked":"Spot Weakness","floor":18.0},{"not_picked":["Warcry","Iron Wave"],"picked":"Rupture+1","floor":19.0},{"not_picked":["Clothesline","Armaments"],"picked":"Hemokinesis+1","floor":20},{"not_picked":["Sword Boomerang","Body Slam"],"picked":"Feed","floor":21},{"not_picked":["Offering","Second Wind","Anger"],"picked":"SKIP","floor":24}],"player_experience":27999,"relics_obtained":[{"floor":7.0,"key":"Blood Vial"},{"floor":9.0,"key":"Paper Frog"},{"floor":13.0,"key":"Peace Pipe"},{"floor":24,"key":"PreservedInsect"}],"event_choices":[{"damage_healed":0,"gold_gain":0,"player_choice":"Upgraded","damage_taken":0,"max_hp_gain":0,"max_hp_loss":0,"event_name":"Upgrade Shrine","floor":22,"gold_loss":0,"cards_upgraded":["Limit Break"]}],"is_beta":false,"boss_relics":[{"not_picked":["Runic Dome","Calling Bell"],"picked":"Runic Pyramid"}],"items_purged_floors":[],"is_endless":false,"potions_floor_spawned":[1,5,13,14,18,24],"killed_by":"Snake Plant","ascension_level":0}