{"gold_per_floor":[114,125,200,9,9,43,43,43,43,82,13,13,13,33,33,124,124,142,142,267,192,192,192,211,211,234,278,278],"floor_reached":28,"playtime":1729,"items_purged":[],"score":420,"play_id":"b15f1457-e171-46d1-a935-196c402639ea","local_time":"20181008115903","is_ascension_mode":true,"campfire_choices":[{"floor":12,"key":"REST"},{"data":"Inflame","floor":15,"key":"SMITH"},{"floor":23,"key":"REST"},{"floor":25,"key":"REST"}],"neow_cost":"NONE","seed_source_timestamp":2248284468489085,"circlet_count":0,"master_deck":["Strike_R","Strike_R","Strike_R","Strike_R","Defend_R","Defend_R","Defend_R","Defend_R","Bash+1","AscendersBane","Flex","Pommel Strike","Shrug It Off","Cleave","Feed","Inflame+1","Dropkick","Double Tap","Infernal Blade","Cleave+1"],"relics":["Burning Blood","Omamori","PreservedInsect","Bronze Scales","Golden Idol","Bottled Flame","Ornamental Fan","Busted Crown","Ice Cream","Blue Candle","Molten Egg 2","Dream Catcher","Oddly Smooth Stone"],"potions_floor_usage":[16,20],"damage_taken":[{"damage":1,"enemies":"Cultist","floor":1,"turns":3},{"damage":2,"enemies":"Jaw Worm","floor":2,"turns":4},{"damage":32,"enemies":"Lagavulin","floor":6,"turns":5},{"damage":25,"enemies":"3 Sentries","floor":10,"turns":5},{"damage":8,"enemies":"Small Slimes","floor":14,"turns":5},{"damage":14,"enemies":"Slime Boss","floor":16,"turns":8},{"damage":2,"enemies":"Chosen","floor":18,"turns":3},{"damage":10,"enemies":"Colosseum Slavers","floor":20,"turns":3},{"damage":51,"enemies":"Colosseum Nobs","floor":20,"turns":5},{"damage":26,"enemies":"2 Thieves","floor":24,"turns":4},{"damage":35,"enemies":"Slavers","floor":27,"turns":4},{"damage":14,"enemies":"Shelled Parasite and Fungi","floor":28,"turns":2}],"seed_played":"3581876206724541787","potions_obtained":[{"floor":6,"key":"FairyPotion"},{"floor":10,"key":"SkillPotion"},{"floor":18,"key":"Block Potion"},{"floor":24,"key":"Ancient Potion"}],"is_trial":false,"path_per_floor":["M","M","?","$","?","E","?","$","T","E","$","R","$","M","R","B",null,"M","$","?","?","?","R","M","R","T","E"],"character_chosen":"IRONCLAD","items_purchased":["PreservedInsect","Shrug It Off","Inflame"],"campfire_rested":3,"item_purchase_floors":[4,4,11],"current_hp_per_floor":[73,75,64,64,64,38,38,38,38,19,19,41,41,42,42,34,67,74,74,28,28,28,53,33,58,58,32,18],"gold":278,"neow_bonus":"RANDOM_COMMON_RELIC","is_prod":false,"is_daily":false,"chose_seed":false,"campfire_upgraded":1,"win_rate":0,"timestamp":1539017943,"path_taken":["M","?","?","$","?","E","?","$","T","E","?","R","$","?","R","BOSS","M","$","?","?","?","R","M","R","T","E","?"],"build_version":"2018-10-04v2","purchased_purges":0,"victory":false,"max_hp_per_floor":[75,75,75,75,75,75,75,75,75,75,75,75,75,78,78,78,78,81,81,84,84,84,84,84,84,84,87,87],"card_choices":[{"not_picked":["True Grit","Clash"],"picked":"Flex","floor":1},{"not_picked":["Anger","Inflame"],"picked":"Pommel Strike","floor":2},{"not_picked":["Intimidate","Rupture"],"picked":"Cleave","floor":6},{"not_picked":["Clash","Pommel Strike"],"picked":"Feed","floor":10},{"not_picked":["Clothesline","Entrench"],"picked":"Dropkick","floor":14},{"not_picked":["Impervious","Juggernaut"],"picked":"Double Tap","floor":16},{"not_picked":[],"picked":"Infernal Blade","floor":18},{"not_picked":["Reckless Charge+1"],"picked":"SKIP","floor":24},{"not_picked":[],"picked":"Cleave+1","floor":27}],"player_experience":725262,"relics_obtained":[{"floor":6,"key":"Bronze Scales"},{"floor":9,"key":"Bottled Flame"},{"floor":10,"key":"Ornamental Fan"},{"floor":20,"key":"Ice Cream"},{"floor":20,"key":"Blue Candle"},{"floor":26,"key":"Dream Catcher"},{"floor":27,"key":"Oddly Smooth Stone"}],"event_choices":[{"event_name":"World of Goop","player_choice":"Gather Gold","floor":3,"damage_taken":0},{"event_name":"Accursed Blacksmith","player_choice":"Forge","floor":5,"damage_taken":0},{"event_name":"Golden Idol","player_choice":"Take Wound","floor":7,"damage_taken":0},{"event_name":"Colosseum","player_choice":"Fight","floor":20,"damage_taken":0},{"event_name":"Colosseum","player_choice":"Fought Nobs","floor":20,"damage_taken":0},{"event_name":"Beggar","player_choice":"Gave Gold","floor":21,"damage_taken":0},{"event_name":"The Mausoleum","player_choice":"Yes","floor":22,"damage_taken":0}],"is_beta":false,"boss_relics":[{"not_picked":["Snecko Eye","Astrolabe"],"picked":"Busted Crown"}],"items_purged_floors":[],"is_endless":false,"potions_floor_spawned":[6,10,18,24],"killed_by":"Shelled Parasite and Fungi","ascension_level":15}