{"gold_per_floor":[115,115,115,132,132,168,168,193,262,262,301,301,325,339,339,459,459,473,28,28,28,53,53,94,113,140,187,221,242,242,267,267,390,390,408,408,423,436,457,457,59,93,93,93,112,112,155,180,180,180],"floor_reached":50,"playtime":4668,"items_purged":["Injury","Compile Driver"],"score":662,"play_id":"752c6714-3589-454b-bd66-1e71fa8d9bed","local_time":"20181111171904","is_ascension_mode":true,"campfire_choices":[{"floor":7,"key":"REST"},{"floor":10,"key":"REST"},{"floor":12,"key":"REST"},{"data":"Echo Form","floor":15,"key":"SMITH"},{"floor":23,"key":"REST"},{"data":"Chill","floor":30,"key":"SMITH"},{"data":"RitualDagger","floor":32,"key":"SMITH"},{"floor":40,"key":"REST"},{"floor":44,"key":"REST"},{"data":"Fission","floor":46,"key":"SMITH"},{"floor":49,"key":"REST"}],"neow_cost":"NONE","seed_source_timestamp":629334028467782,"circlet_count":0,"master_deck":["Zap","Dualcast","Conserve Battery+1","Glacier","Echo Form+1","Auto Shields","Ball Lightning","Steam","Loop","Reboot","Melter+1","Glacier+1","Rainbow+1","Cold Snap+1","Chill+1","Melter+1","Self Repair","RitualDagger+1","Redo","Steam","Biased Cognition","Turbo","Sunder+1","Doom and Gloom","Fission+1","Turbo","Sweeping Beam","Hello World","FTL","Static Discharge","Fusion+1"],"relics":["Cracked Core","Golden Idol","Ancient Tea Set","Mercury Hourglass","Bottled Lightning","Astrolabe","Whetstone","Thread and Needle","Strawberry","Bronze Scales","Bird Faced Urn","Pandora\u0027s Box","Lantern","Orichalcum","Smiling Mask","Boot"],"potions_floor_usage":[6,16,16,22,24,24,33,38,42,42,48],"damage_taken":[{"damage":3,"enemies":"Jaw Worm","floor":1,"turns":4},{"damage":5,"enemies":"Small Slimes","floor":4,"turns":3},{"damage":11,"enemies":"Gremlin Nob","floor":6,"turns":5},{"damage":0,"enemies":"2 Louse","floor":8,"turns":2},{"damage":20,"enemies":"Lagavulin","floor":11,"turns":7},{"damage":0,"enemies":"Blue Slaver","floor":13,"turns":3},{"damage":6,"enemies":"Looter","floor":14,"turns":3},{"damage":28,"enemies":"Slime Boss","floor":16,"turns":8},{"damage":6,"enemies":"Spheric Guardian","floor":18,"turns":4},{"damage":17,"enemies":"Chosen","floor":22,"turns":6},{"damage":19,"enemies":"Book of Stabbing","floor":24,"turns":7},{"damage":0,"enemies":"Shelled Parasite and Fungi","floor":25,"turns":6},{"damage":14,"enemies":"Slavers","floor":28,"turns":5},{"damage":1,"enemies":"3 Cultists","floor":29,"turns":5},{"damage":0,"enemies":"Sentry and Sphere","floor":31,"turns":3},{"damage":28,"enemies":"Champ","floor":33,"turns":11},{"damage":0,"enemies":"3 Shapes","floor":35,"turns":4},{"damage":18,"enemies":"Orb Walker","floor":37,"turns":4},{"damage":1,"enemies":"Jaw Worm Horde","floor":38,"turns":5},{"damage":67,"enemies":"Writhing Mass","floor":39,"turns":5},{"damage":20,"enemies":"Reptomancer","floor":42,"turns":8},{"damage":7,"enemies":"4 Shapes","floor":45,"turns":3},{"damage":27,"enemies":"Nemesis","floor":47,"turns":7},{"damage":52,"enemies":"Transient","floor":48,"turns":5},{"damage":73,"enemies":"Time Eater","floor":50,"turns":9}],"seed_played":"-6486206084269747756","potions_obtained":[{"floor":4,"key":"FearPotion"},{"floor":13,"key":"PowerPotion"},{"floor":14,"key":"Poison Potion"},{"floor":18,"key":"Energy Potion"},{"floor":24,"key":"GamblersBrew"},{"floor":31,"key":"Weak Potion"},{"floor":35,"key":"Strength Potion"},{"floor":39,"key":"Weak Potion"},{"floor":45,"key":"Energy Potion"}],"is_trial":false,"path_per_floor":["M","?","?","M","?","E","R","M","T","R","E","R","M","M","R","B",null,"M","$","?","?","M","R","E","M","T","T","E","M","R","M","R","B",null,"M","?","M","M","M","R","$","E","T","R","M","R","E","M","R","B"],"character_chosen":"DEFECT","items_purchased":["Chill","Melter","Whetstone","Block Potion","SkillPotion","Regen Potion","Lantern","Static Discharge"],"campfire_rested":7,"item_purchase_floors":[19,19,19,19,19,41,41,41],"current_hp_per_floor":[79,63,56,51,51,40,64,64,64,82,62,82,82,76,76,48,82,76,76,76,70,67,82,70,77,84,84,77,84,84,89,89,74,89,89,89,78,89,26,52,52,71,71,89,82,82,73,25,51,0],"gold":180,"neow_bonus":"TEN_PERCENT_HP_BONUS","is_prod":false,"is_daily":false,"chose_seed":false,"campfire_upgraded":4,"win_rate":0,"timestamp":1541985544,"path_taken":["M","?","?","M","?","E","R","M","T","R","E","R","M","M","R","BOSS","M","$","?","?","M","R","E","M","T","?","E","?","R","M","R","BOSS","M","?","?","M","M","R","$","E","T","R","M","R","E","M","R","BOSS"],"build_version":"2018-11-08","purchased_purges":2,"victory":false,"max_hp_per_floor":[82,82,82,82,82,82,82,82,82,82,82,82,82,82,82,82,82,82,82,82,82,82,82,82,82,89,89,89,89,89,89,89,89,89,89,89,89,89,89,89,89,89,89,89,89,89,89,89,89,89],"card_choices":[{"not_picked":["Sweeping Beam","Hello World"],"picked":"Conserve Battery","floor":1},{"not_picked":["Leap","Coolheaded"],"picked":"Glacier","floor":4},{"not_picked":["Redo","Streamline"],"picked":"Echo Form","floor":6},{"not_picked":["Stack","Steam Power"],"picked":"Auto Shields","floor":8},{"not_picked":["Hello World","Reinforced Body"],"picked":"Ball Lightning","floor":11},{"not_picked":["Undo","Turbo"],"picked":"Steam","floor":13},{"not_picked":["Compile Driver","Gash"],"picked":"Loop","floor":14},{"not_picked":["Seek","Thunder Strike"],"picked":"Reboot","floor":16},{"not_picked":["Barrage+1","Rip and Tear"],"picked":"Cold Snap+1","floor":18},{"not_picked":["Leap","Self Repair"],"picked":"Redo","floor":22},{"not_picked":["Turbo","Beam Cell"],"picked":"Steam","floor":24},{"not_picked":["Gash","Stack+1"],"picked":"Biased Cognition","floor":25},{"not_picked":["Skim+1","Auto Shields+1"],"picked":"Turbo","floor":28},{"not_picked":["Compile Driver","Turbo+1"],"picked":"Sunder+1","floor":29},{"not_picked":["Coolheaded","Skim"],"picked":"Doom and Gloom","floor":31},{"not_picked":["Creative AI","Reboot"],"picked":"Fission","floor":33},{"not_picked":["Rebound+1","Steam+1"],"picked":"FTL","floor":35},{"not_picked":["Stack+1","Rip and Tear","Conserve Battery+1"],"picked":"SKIP","floor":37},{"not_picked":["Gash+1","Ball Lightning+1","Cold Snap+1"],"picked":"SKIP","floor":38},{"not_picked":["Rebound","Chaos+1","White Noise"],"picked":"SKIP","floor":39},{"not_picked":["Machine Learning","Gash","Compile Driver+1"],"picked":"SKIP","floor":42},{"not_picked":["Compile Driver","Cold Snap"],"picked":"Fusion+1","floor":45},{"not_picked":["Darkness+1","Turbo+1","Leap+1"],"picked":"SKIP","floor":47},{"not_picked":["Compile Driver+1","Undo","Doom and Gloom+1"],"picked":"SKIP","floor":48}],"player_experience":503782,"relics_obtained":[{"floor":6,"key":"Ancient Tea Set"},{"floor":9,"key":"Mercury Hourglass"},{"floor":11,"key":"Bottled Lightning"},{"floor":24,"key":"Thread and Needle"},{"floor":26,"key":"Strawberry"},{"floor":27,"key":"Bronze Scales"},{"floor":28,"key":"Bird Faced Urn"},{"floor":42,"key":"Orichalcum"},{"floor":43,"key":"Smiling Mask"},{"floor":47,"key":"Boot"}],"event_choices":[{"damage_healed":0,"gold_gain":0,"player_choice":"Entered Light","damage_taken":16,"max_hp_gain":0,"max_hp_loss":0,"event_name":"Shining Light","floor":2,"gold_loss":0,"cards_upgraded":["Conserve Battery","Strike_B"]},{"cards_removed":["Defend_B"],"damage_healed":0,"gold_gain":0,"player_choice":"Card Removal","damage_taken":7,"max_hp_gain":0,"max_hp_loss":0,"event_name":"Golden Wing","floor":3,"gold_loss":0},{"damage_healed":0,"gold_gain":0,"player_choice":"Take Wound","damage_taken":0,"relics_obtained":["Golden Idol"],"max_hp_gain":0,"max_hp_loss":0,"event_name":"Golden Idol","floor":5,"gold_loss":0,"cards_obtained":["Injury"]},{"damage_healed":0,"gold_gain":0,"player_choice":"Read","damage_taken":0,"max_hp_gain":0,"max_hp_loss":0,"event_name":"The Library","floor":20,"gold_loss":0,"cards_obtained":["Self Repair"]},{"damage_healed":0,"gold_gain":0,"player_choice":"Joined the Cult","damage_taken":6,"max_hp_gain":0,"max_hp_loss":0,"event_name":"Nest","floor":21,"gold_loss":0,"cards_obtained":["RitualDagger"]},{"damage_healed":0,"gold_gain":0,"player_choice":"0 cards matched","damage_taken":0,"max_hp_gain":0,"max_hp_loss":0,"event_name":"Match and Keep!","floor":36,"gold_loss":0,"cards_obtained":[]}],"is_beta":false,"boss_relics":[{"not_picked":["Snecko Eye","FrozenCore"],"picked":"Astrolabe"},{"not_picked":["Coffee Dripper","Runic Pyramid"],"picked":"Pandora\u0027s Box"}],"items_purged_floors":[19,41],"is_endless":false,"potions_floor_spawned":[4,13,14,18,24,31,35,39,45],"killed_by":"Time Eater","ascension_level":4}