{"gold_per_floor":[363,363,373,46,46,46,46,60,60,60,70,70,97,111,111,216,216,234,134,150,150,150,150,150,168,193,193,48,75,88,103,103,201,201,214,214,214,89,89],"floor_reached":39,"playtime":3547,"items_purged":["Parasite","Strike_G","Defend_G+1"],"score":397,"play_id":"63b29666-c5d9-4501-967c-d8880b8a5b90","local_time":"20180719143419","is_ascension_mode":false,"campfire_choices":[{"data":"Slice","floor":6,"key":"SMITH"},{"data":"Underhanded Strike","floor":10,"key":"SMITH"},{"data":"Slice","floor":12,"key":"SMITH"},{"data":"Well Laid Plans","floor":15,"key":"SMITH"},{"floor":23,"key":"REST"},{"floor":27,"key":"REST"},{"data":"Backstab","floor":32,"key":"SMITH"}],"neow_cost":"CURSE","seed_source_timestamp":1979618052484519,"circlet_count":0,"master_deck":["Defend_G","Defend_G","Defend_G+1","Defend_G","Strike_G","Strike_G","Survivor","Neutralize","Underhanded Strike+1","Slice+1","Infinite Blades","Slice+1","Infinite Blades","Well Laid Plans+1","A Thousand Cuts","Backstab+1","Corpse Explosion","Backstab+1","Envenom","Flying Knee","Finesse"],"relics":["Ring of the Snake","Shuriken","Pantograph","War Paint","Black Star","Regal Pillow","Bronze Scales","Centennial Puzzle","Oddly Smooth Stone","Runic Pyramid"],"potions_floor_usage":[29,29,33,33,33],"damage_taken":[{"damage":6,"enemies":"Cultist","floor":1,"turns":7},{"damage":0,"enemies":"Small Slimes","floor":3,"turns":3},{"damage":0,"enemies":"2 Louse","floor":8,"turns":2},{"damage":3,"enemies":"2 Fungi Beasts","floor":11,"turns":4},{"damage":22,"enemies":"Gremlin Nob","floor":13,"turns":5},{"damage":0,"enemies":"Exordium Wildlife","floor":14,"turns":5},{"damage":23,"enemies":"The Guardian","floor":16,"turns":8},{"damage":9,"enemies":"Chosen","floor":18,"turns":5},{"damage":25,"enemies":"Shell Parasite","floor":20,"turns":7},{"damage":10,"enemies":"Centurion and Healer","floor":25,"turns":6},{"damage":21,"enemies":"Book of Stabbing","floor":29,"turns":5},{"damage":9,"enemies":"Snake Plant","floor":30,"turns":4},{"damage":7,"enemies":"Cultist and Chosen","floor":31,"turns":4},{"damage":25,"enemies":"Champ","floor":33,"turns":10},{"damage":53,"enemies":"Flame Bruiser 1 Orb","floor":35,"turns":6},{"damage":17,"enemies":"Orb Walker","floor":39,"turns":2}],"seed_played":"7680709440970467052","potions_obtained":[{"floor":8,"key":"Block Potion"},{"floor":13,"key":"SmokeBomb"},{"floor":16,"key":"GhostInAJar"},{"floor":20,"key":"Regen Potion"},{"floor":29,"key":"GamblersBrew"},{"floor":30,"key":"Energy Potion"},{"floor":33,"key":"SteroidPotion"}],"is_trial":false,"path_per_floor":["M","?","M","$","?","R","$","M","T","R","M","R","E","M","R","B",null,"M","$","M","?","?","R","?","M","T","R","$","E","M","M","R","B",null,"M","?","?","$"],"character_chosen":"THE_SILENT","items_purchased":["Shuriken","Bronze Scales"],"campfire_rested":2,"item_purchase_floors":[4,28],"current_hp_per_floor":[64,57,57,57,57,57,57,57,57,57,54,54,32,32,32,34,67,58,58,33,33,17,37,37,27,27,62,62,55,46,39,39,39,67,14,14,14,14,0],"gold":89,"neow_bonus":"TWO_FIFTY_GOLD","is_prod":false,"is_daily":false,"chose_seed":false,"campfire_upgraded":5,"win_rate":0,"timestamp":1532028859,"path_taken":["M","?","M","$","?","R","$","M","T","R","?","R","E","M","R","BOSS","M","$","M","?","?","R","?","?","T","R","?","E","?","M","R","BOSS","M","?","?","$","M"],"build_version":"2018-07-12","purchased_purges":3,"victory":false,"max_hp_per_floor":[70,70,70,67,67,67,67,67,67,67,67,67,67,67,67,67,67,67,67,67,67,67,67,67,67,67,67,67,67,67,67,67,67,67,67,67,67,67,67],"card_choices":[{"not_picked":["Expertise","Dodge and Roll"],"picked":"Underhanded Strike","floor":1},{"not_picked":["Skewer","Sucker Punch"],"picked":"Slice","floor":3},{"not_picked":["Blade Dance","PiercingWail"],"picked":"Infinite Blades","floor":8},{"not_picked":["Deadly Poison","Sucker Punch"],"picked":"Slice","floor":11},{"not_picked":["Skewer","Underhanded Strike"],"picked":"Infinite Blades","floor":13},{"not_picked":["Endless Agony","Dodge and Roll"],"picked":"Well Laid Plans","floor":14},{"not_picked":["Burst","Phantasmal Killer"],"picked":"A Thousand Cuts","floor":16},{"not_picked":["Expertise+1","Skewer","Acrobatics"],"picked":"SKIP","floor":18},{"not_picked":["Acrobatics","Deflect"],"picked":"Backstab+1","floor":20},{"not_picked":["Bane","Backflip+1"],"picked":"Corpse Explosion","floor":25},{"not_picked":["Poisoned Stab","Deadly Poison","Quick Slash"],"picked":"SKIP","floor":29},{"not_picked":["PiercingWail","Crippling Poison","Deflect"],"picked":"SKIP","floor":30},{"not_picked":["Bane","Night Terror"],"picked":"Backstab","floor":31},{"not_picked":["Glass Knife","Bullet Time"],"picked":"Envenom","floor":33},{"not_picked":["Distraction+1","Dodge and Roll"],"picked":"Flying Knee","floor":35},{"not_picked":["Jack Of All Trades","Madness"],"picked":"Finesse","floor":36}],"player_experience":231119,"relics_obtained":[{"floor":9,"key":"Pantograph"},{"floor":13,"key":"War Paint"},{"floor":26,"key":"Regal Pillow"},{"floor":29,"key":"Centennial Puzzle"},{"floor":29,"key":"Oddly Smooth Stone"}],"event_choices":[{"event_name":"Golden Wing","player_choice":"Card Removal","floor":2,"damage_taken":0},{"event_name":"Living Wall","player_choice":"Forget","floor":5,"damage_taken":0},{"event_name":"Ghosts","player_choice":"Ignored","floor":21,"damage_taken":0},{"event_name":"Cursed Tome","player_choice":"Obtained Book","floor":22,"damage_taken":0},{"event_name":"Drug Dealer","player_choice":"Ignored","floor":24,"damage_taken":0},{"event_name":"SensoryStone","player_choice":"Memory 1","floor":36,"damage_taken":0},{"event_name":"Tomb of Lord Red Mask","player_choice":"Ignored","floor":37,"damage_taken":0}],"boss_relics":[{"not_picked":["Lizard Tail","Fusion Hammer"],"picked":"Black Star"},{"not_picked":["Calling Bell","Cursed Key"],"picked":"Runic Pyramid"}],"items_purged_floors":[4,19,38],"is_endless":false,"potions_floor_spawned":[8,13,16,20,29,30,33],"killed_by":"Orb Walker","ascension_level":0}