{"gold_per_floor":[110,120,120,130,130,163,177,204,204,204,214,214,234,254,254,355,355,366,117,128,128,128,157,72,88,88,88,98,98,111,140,140,239,239,256,4,22,35,0,34,34,65,65,75,94,94,109,123,123,123],"floor_reached":51,"playtime":8234,"items_purged":[],"score":1188,"play_id":"cec04d7a-364c-434d-8c12-dab7decea177","local_time":"20190504225957","is_ascension_mode":true,"campfire_choices":[{"floor":10.0,"key":"REST"},{"data":"Footwork","floor":12.0,"key":"SMITH"},{"data":"Blade Dance","floor":15.0,"key":"SMITH"},{"data":"A Thousand Cuts","floor":27.0,"key":"SMITH"},{"data":"Backflip","floor":29.0,"key":"SMITH"},{"floor":32.0,"key":"REST"},{"data":"Footwork","floor":41.0,"key":"SMITH"},{"data":"Footwork","floor":46.0,"key":"SMITH"},{"data":"Cloak And Dagger","floor":49.0,"key":"SMITH"}],"neow_cost":"NONE","seed_source_timestamp":0,"circlet_count":0,"master_deck":["AscendersBane","Defend_G","Defend_G","Defend_G","Defend_G","Defend_G","Strike_G","Strike_G","Strike_G","Strike_G","Survivor","Neutralize","Cloak And Dagger","Cloak And Dagger+1","Footwork+1","Tools of the Trade","Backflip+1","Calculated Gamble","Footwork+1","Blade Dance+1","Expertise","A Thousand Cuts+1","Footwork+1","Backstab","Sucker Punch","Flying Knee","Leg Sweep+1","Acrobatics+1","Sucker Punch","Distraction+1","Storm of Steel+1","Outmaneuver+1","Distraction+1","Dagger Spray","Riddle With Holes+1","Footwork+1","Cloak And Dagger+1","Parasite","Blade Dance+1","Accuracy+1","Sucker Punch"],"special_seed":0,"relics":["Ring of the Serpent","Happy Flower","Centennial Puzzle","Letter Opener","Odd Mushroom","Meat on the Bone","MutagenicStrength","Bird Faced Urn","Bag of Marbles","Toxic Egg 2","Dream Catcher","WristBlade","Ornamental Fan","Red Mask","Tough Bandages","Ice Cream","Blood Vial"],"potions_floor_usage":[50],"damage_taken":[{"damage":4.0,"enemies":"Small Slimes","floor":1.0,"turns":5.0},{"damage":1.0,"enemies":"Jaw Worm","floor":2.0,"turns":5.0},{"damage":0.0,"enemies":"2 Louse","floor":4.0,"turns":4.0},{"damage":6.0,"enemies":"3 Sentries","floor":6.0,"turns":20.0},{"damage":2.0,"enemies":"Exordium Wildlife","floor":7.0,"turns":7.0},{"damage":31.0,"enemies":"Gremlin Nob","floor":8.0,"turns":5.0},{"damage":1.0,"enemies":"Blue Slaver","floor":11.0,"turns":5.0},{"damage":0.0,"enemies":"The Mushroom Lair","floor":13.0,"turns":5.0},{"damage":0.0,"enemies":"2 Fungi Beasts","floor":14.0,"turns":5.0},{"damage":6.0,"enemies":"The Guardian","floor":16.0,"turns":20.0},{"damage":4.0,"enemies":"Chosen","floor":18.0,"turns":7.0},{"damage":4.0,"enemies":"Shell Parasite","floor":20.0,"turns":9.0},{"damage":24.0,"enemies":"Slavers","floor":23.0,"turns":8.0},{"damage":3.0,"enemies":"Cultist and Chosen","floor":25.0,"turns":6.0},{"damage":0.0,"enemies":"Snake Plant","floor":28.0,"turns":6.0},{"damage":0.0,"enemies":"Shelled Parasite and Fungi","floor":30.0,"turns":9.0},{"damage":25.0,"enemies":"Gremlin Leader","floor":31.0,"turns":8.0},{"damage":42.0,"enemies":"Automaton","floor":33.0,"turns":18.0},{"damage":11.0,"enemies":"Orb Walker","floor":35.0,"turns":2.0},{"damage":0.0,"enemies":"3 Shapes","floor":37.0,"turns":3.0},{"damage":9.0,"enemies":"3 Darklings","floor":38.0,"turns":5.0},{"damage":14.0,"enemies":"Nemesis","floor":40.0,"turns":7.0},{"damage":2.0,"enemies":"Reptomancer","floor":42.0,"turns":7.0},{"damage":5.0,"enemies":"Maw","floor":44.0,"turns":8.0},{"damage":2.0,"enemies":"Writhing Mass","floor":45.0,"turns":9.0},{"damage":0.0,"enemies":"Jaw Worm Horde","floor":47.0,"turns":6.0},{"damage":0.0,"enemies":"Maw","floor":48.0,"turns":7.0},{"damage":48,"enemies":"Awakened One","floor":50,"turns":21}],"seed_played":"-5069900982763224725","potions_obtained":[{"floor":2.0,"key":"GhostInAJar"},{"floor":6.0,"key":"SteroidPotion"},{"floor":11.0,"key":"SkillPotion"},{"floor":16.0,"key":"Block Potion"},{"floor":20.0,"key":"SkillPotion"},{"floor":25.0,"key":"SkillPotion"},{"floor":30.0,"key":"SteroidPotion"},{"floor":35.0,"key":"Strength Potion"},{"floor":37.0,"key":"EssenceOfSteel"},{"floor":44.0,"key":"Weak Potion"}],"is_trial":false,"path_per_floor":["M","M","?","M","?","E","M","E","T","R","M","R","?","M","R","B",null,"M","$","M","?","?","E","?","M","T","R","M","R","M","E","R","B",null,"M","$","M","M","?","E","R","E","T","M","M","R","M","M","R","B",null],"character_chosen":"THE_SILENT","items_purchased":["Meat on the Bone","Ornamental Fan"],"campfire_rested":2,"item_purchase_floors":[19,36],"current_hp_per_floor":[66,65,58,58,63,57,55,24,24,48,47,47,47,47,47,41,72,68,68,64,64,64,52,52,57,57,57,65,65,75,57,81,44,73,68,68,72,71,71,67,67,73,73,77,82,82,82,82,82,48],"gold":123,"neow_bonus":"TEN_PERCENT_HP_BONUS","is_prod":false,"is_daily":false,"chose_seed":false,"campfire_upgraded":7,"win_rate":0,"timestamp":1557028797,"path_taken":["M","M","?","M","?","E","M","E","T","R","?","R","?","M","R","BOSS","M","$","M","?","?","E","?","M","T","R","M","R","M","E","R","BOSS","M","$","M","M","?","E","R","E","T","M","M","R","M","M","R","BOSS"],"build_version":"2019-01-23","purchased_purges":0,"victory":true,"max_hp_per_floor":[77,77,77,77,82,82,82,82,82,82,82,82,82,82,82,82,82,82,82,82,82,82,82,82,82,82,82,82,82,82,82,82,82,82,82,82,82,82,82,82,82,82,82,82,82,82,82,82,82,82],"card_choices":[{"not_picked":["Backflip","Flying Knee"],"picked":"Cloak And Dagger","floor":1.0},{"not_picked":["Poisoned Stab","Backstab"],"picked":"Cloak And Dagger","floor":2.0},{"not_picked":["Cloak And Dagger","Heel Hook"],"picked":"Footwork","floor":4.0},{"not_picked":["Masterful Stab","Tactician"],"picked":"Tools of the Trade","floor":6.0},{"not_picked":["Dagger Throw","Setup"],"picked":"Backflip","floor":7.0},{"not_picked":["Deadly Poison","Flechettes"],"picked":"Calculated Gamble","floor":8.0},{"not_picked":["Backflip","Sucker Punch"],"picked":"Footwork","floor":11.0},{"not_picked":["Predator","Riddle With Holes"],"picked":"Blade Dance","floor":13.0},{"not_picked":["Prepared","Dagger Throw"],"picked":"Expertise","floor":14.0},{"not_picked":["Adrenaline","Phantasmal Killer"],"picked":"A Thousand Cuts","floor":16.0},{"not_picked":["Outmaneuver","Caltrops"],"picked":"Footwork+1","floor":18.0},{"not_picked":["Dagger Throw","Distraction"],"picked":"Backstab","floor":20.0},{"not_picked":["Deadly Poison","Underhanded Strike+1"],"picked":"Sucker Punch","floor":23.0},{"not_picked":["Dagger Throw","Slice"],"picked":"Flying Knee","floor":25.0},{"not_picked":["Outmaneuver+1","Calculated Gamble+1"],"picked":"Leg Sweep+1","floor":28.0},{"not_picked":["Underhanded Strike+1","Crippling Poison+1"],"picked":"Acrobatics+1","floor":30.0},{"not_picked":["Poisoned Stab","Slice"],"picked":"Sucker Punch","floor":31.0},{"not_picked":["Poisoned Stab","Bane"],"picked":"Distraction+1","floor":32.0},{"not_picked":["Die Die Die","Phantasmal Killer+1"],"picked":"Storm of Steel+1","floor":33.0},{"not_picked":["Skewer","Flechettes"],"picked":"Outmaneuver+1","floor":35.0},{"not_picked":["Underhanded Strike","Predator"],"picked":"Distraction+1","floor":37.0},{"not_picked":["Deadly Poison+1","PiercingWail+1"],"picked":"Dagger Spray","floor":38.0},{"not_picked":["Setup+1","Wraith Form v2"],"picked":"Riddle With Holes+1","floor":40.0},{"not_picked":["Dagger Throw","Deflect+1"],"picked":"Footwork","floor":42.0},{"not_picked":["Terror+1","Flechettes"],"picked":"Cloak And Dagger+1","floor":44.0},{"not_picked":["Dodge and Roll+1","Dagger Spray"],"picked":"Blade Dance+1","floor":45.0},{"not_picked":["Bane","Storm of Steel+1"],"picked":"Accuracy+1","floor":47.0},{"not_picked":["Deflect+1","Deadly Poison+1"],"picked":"Sucker Punch","floor":48.0}],"player_experience":1363065,"relics_obtained":[{"floor":6.0,"key":"Happy Flower"},{"floor":8.0,"key":"Centennial Puzzle"},{"floor":9.0,"key":"Letter Opener"},{"floor":13.0,"key":"Odd Mushroom"},{"floor":23.0,"key":"Bird Faced Urn"},{"floor":26.0,"key":"Toxic Egg 2"},{"floor":31.0,"key":"Dream Catcher"},{"floor":40.0,"key":"Tough Bandages"},{"floor":42.0,"key":"Ice Cream"},{"floor":43.0,"key":"Blood Vial"}],"event_choices":[{"cards_removed":["Strike_G"],"damage_healed":0.0,"max_hp_gain":0.0,"max_hp_loss":0.0,"gold_gain":0.0,"event_name":"Golden Wing","player_choice":"Card Removal","floor":3.0,"gold_loss":0.0,"damage_taken":7.0},{"damage_healed":0.0,"max_hp_gain":5.0,"max_hp_loss":0.0,"gold_gain":0.0,"event_name":"Big Fish","player_choice":"Donut","floor":5.0,"gold_loss":0.0,"damage_taken":0.0},{"damage_healed":0.0,"max_hp_gain":0.0,"max_hp_loss":0.0,"gold_gain":0.0,"event_name":"Mushrooms","player_choice":"Fought Mushrooms","floor":13.0,"gold_loss":0.0,"damage_taken":0.0},{"damage_healed":0.0,"max_hp_gain":0.0,"max_hp_loss":0.0,"gold_gain":0.0,"event_name":"Beggar","player_choice":"Ignored","floor":21.0,"gold_loss":0.0,"damage_taken":0.0},{"damage_healed":0.0,"max_hp_gain":0.0,"max_hp_loss":0.0,"gold_gain":0.0,"event_name":"Drug Dealer","player_choice":"Inject Mutagens","floor":22.0,"gold_loss":0.0,"damage_taken":0.0,"relics_obtained":["MutagenicStrength"]},{"damage_healed":0.0,"max_hp_gain":0.0,"max_hp_loss":0.0,"gold_gain":0.0,"event_name":"Addict","player_choice":"Obtained Relic","floor":24.0,"gold_loss":85.0,"damage_taken":0.0,"relics_obtained":["Bag of Marbles"]},{"damage_healed":0.0,"max_hp_gain":0.0,"max_hp_loss":0.0,"gold_gain":0.0,"event_name":"Tomb of Lord Red Mask","player_choice":"Paid","floor":39.0,"gold_loss":35.0,"damage_taken":0.0,"relics_obtained":["Red Mask"]}],"is_beta":false,"boss_relics":[{"not_picked":["Calling Bell","HoveringKite"],"picked":"Ring of the Serpent"},{"not_picked":["Cursed Key","Snecko Eye"],"picked":"WristBlade"}],"items_purged_floors":[],"is_endless":false,"potions_floor_spawned":[2,6,11,16,20,25,30,35,37,44,45],"ascension_level":12}