{"gold_per_floor":[10,10,29,29,29,60,60,75,120,120,138,159,159,49,49,174,174,193,193,214,69,84,84,123,136,136,136,156,191,191,191,191,322,322,341,400,413,42,60,60,60,60,133,0,14,14,14,14,14,14,14,14,14,53,53],"floor_reached":55,"playtime":4358,"items_purged":["Defend_B","Defend_B"],"score":678,"play_id":"d1688c4d-3768-4884-9673-4f575dca4ae5","local_time":"20190702154056","is_ascension_mode":false,"campfire_choices":[{"data":"Ball Lightning","floor":7,"key":"SMITH"},{"floor":13,"key":"RECALL"},{"floor":15,"key":"REST"},{"data":"Storm","floor":23,"key":"SMITH"},{"data":"Defragment","floor":27,"key":"SMITH"},{"data":"Ball Lightning","floor":30,"key":"SMITH"},{"floor":32,"key":"REST"},{"floor":40,"key":"REST"},{"data":"Thunder Strike","floor":42,"key":"SMITH"},{"floor":49,"key":"REST"},{"data":"Capacitor","floor":52,"key":"SMITH"}],"neow_cost":"NO_GOLD","seed_source_timestamp":2157445977258163,"circlet_count":0,"master_deck":["Defend_B","Zap","Dualcast","Ball Lightning+1","Reinforced Body","Ball Lightning+1","Auto Shields+1","Storm+1","Leap+1","Defragment+1","Doom and Gloom","Biased Cognition","Glacier+1","Darkness+1","Static Discharge+1","Undo+1","Heatsinks","Darkness+1","Glacier+1","Undo+1","Capacitor+1","Storm+1","Thunder Strike+1","White Noise+1","Conserve Battery+1","Ball Lightning+1","Buffer+1","Heatsinks+1","Conserve Battery+1","The Bomb+1","Conserve Battery+1"],"relics":["Cracked Core","Pocketwatch","Golden Idol","Centennial Puzzle","Toxic Egg 2","Astrolabe","Juzu Bracelet","Potion Belt","Bottled Flame","Philosopher\u0027s Stone","Ice Cream","ClockworkSouvenir","Pear","Red Mask","Ginger"],"potions_floor_usage":[6,29,33,33,50,55],"damage_taken":[{"damage":1,"enemies":"Jaw Worm","floor":1,"turns":4},{"damage":2,"enemies":"Small Slimes","floor":3,"turns":3},{"damage":21,"enemies":"Gremlin Nob","floor":6,"turns":4},{"damage":0,"enemies":"Cultist","floor":8,"turns":2},{"damage":4,"enemies":"Gremlin Gang","floor":11,"turns":3},{"damage":8,"enemies":"3 Louse","floor":12,"turns":4},{"damage":6,"enemies":"Hexaghost","floor":16,"turns":9},{"damage":10,"enemies":"Chosen","floor":18,"turns":3},{"damage":0,"enemies":"Shell Parasite","floor":20,"turns":5},{"damage":0,"enemies":"Snecko","floor":22,"turns":3},{"damage":0,"enemies":"Book of Stabbing","floor":24,"turns":7},{"damage":0,"enemies":"Centurion and Healer","floor":25,"turns":6},{"damage":0,"enemies":"Chosen and Byrds","floor":28,"turns":4},{"damage":44,"enemies":"Slavers","floor":29,"turns":6},{"damage":52,"enemies":"Collector","floor":33,"turns":10},{"damage":6,"enemies":"Orb Walker","floor":35,"turns":3},{"damage":30,"enemies":"2 Orb Walkers","floor":36,"turns":4},{"damage":16,"enemies":"3 Shapes","floor":37,"turns":3},{"damage":0,"enemies":"Spire Growth","floor":39,"turns":4},{"damage":8,"enemies":"3 Darklings","floor":45,"turns":3},{"damage":54,"enemies":"Time Eater","floor":50,"turns":8},{"damage":63,"enemies":"Shield and Spear","floor":54,"turns":6},{"damage":23,"enemies":"The Heart","floor":55,"turns":5}],"seed_played":"-5306118940553436067","potions_obtained":[{"floor":3,"key":"Ancient Potion"},{"floor":12,"key":"Explosive Potion"},{"floor":25,"key":"Weak Potion"},{"floor":28,"key":"Regen Potion"},{"floor":33,"key":"Swift Potion"},{"floor":35,"key":"Fire Potion"},{"floor":54,"key":"Swift Potion"}],"is_trial":false,"path_per_floor":["M","?","M","?","?","E","R","M","T","?","M","M","R","$","R","B",null,"M","?","M","$","M","R","E","M","T","R","M","E","R","?","R","B",null,"M","?","M","$","M","R","?","R","T","?","M","?","?","$","R","B",null,"R","$","E","B"],"character_chosen":"DEFECT","items_purchased":["Defragment","Doom and Gloom","Heatsinks","Buffer","ClockworkSouvenir"],"campfire_rested":4,"item_purchase_floors":[14,14,21,38,38],"current_hp_per_floor":[74,74,72,65,65,44,44,44,44,37,33,25,25,25,47,41,75,65,65,65,65,65,65,65,65,65,65,65,21,21,21,43,6,75,69,39,23,23,23,45,45,45,55,55,47,47,47,47,72,18,85,85,85,22,0],"gold":53,"neow_bonus":"ONE_RARE_RELIC","is_prod":false,"is_daily":false,"chose_seed":false,"campfire_upgraded":6,"win_rate":0,"timestamp":1562103656,"path_taken":["M","?","M","?","?","E","R","M","T","?","?","M","R","$","R","BOSS","M","?","M","$","?","R","E","M","T","R","M","E","R","?","R","BOSS","M","?","M","$","M","R","?","R","T","?","M","?","?","?","R","BOSS","R","$","E","BOSS"],"build_version":"2019-07-01","purchased_purges":2,"victory":false,"max_hp_per_floor":[75,75,75,75,75,75,75,75,75,75,75,75,75,75,75,75,75,75,75,75,75,75,75,75,75,75,75,75,75,75,75,75,75,75,75,75,75,75,75,75,75,75,85,85,85,85,85,85,85,85,85,85,85,85,85],"card_choices":[{"not_picked":["Hologram","Steam"],"picked":"Ball Lightning","floor":1},{"not_picked":["Redo","Stack"],"picked":"Reinforced Body","floor":3},{"not_picked":["Redo","Hologram"],"picked":"Ball Lightning","floor":6},{"not_picked":["BootSequence+1","Streamline"],"picked":"Auto Shields+1","floor":8},{"not_picked":["Steam Power+1","Go for the Eyes"],"picked":"Storm","floor":11},{"not_picked":["Sweeping Beam","All For One"],"picked":"Leap+1","floor":12},{"not_picked":["Seek+1","All For One"],"picked":"Biased Cognition","floor":16},{"not_picked":["Beam Cell","Melter+1"],"picked":"Static Discharge+1","floor":18},{"not_picked":["Compile Driver+1","Gash"],"picked":"Undo+1","floor":20},{"not_picked":["Beam Cell","Turbo+1"],"picked":"Darkness+1","floor":22},{"not_picked":["Go for the Eyes","Chill+1"],"picked":"Glacier+1","floor":24},{"not_picked":["Hello World+1","Stack+1"],"picked":"Undo+1","floor":25},{"not_picked":["Redo+1","Hologram+1"],"picked":"Capacitor","floor":28},{"not_picked":["BootSequence+1","Gash"],"picked":"Storm+1","floor":29},{"not_picked":["Reboot+1","Machine Learning"],"picked":"Thunder Strike","floor":33},{"not_picked":["Conserve Battery+1","Redo+1"],"picked":"White Noise+1","floor":35},{"not_picked":["Coolheaded+1","Ball Lightning+1"],"picked":"Conserve Battery+1","floor":36},{"not_picked":["Leap+1","Barrage+1"],"picked":"Ball Lightning+1","floor":37},{"not_picked":["Sunder","Ball Lightning"],"picked":"Heatsinks+1","floor":39},{"not_picked":["Ball Lightning+1","Cold Snap"],"picked":"Conserve Battery+1","floor":45},{"not_picked":["Madness+1","Swift Strike"],"picked":"The Bomb+1","floor":46},{"not_picked":["Ball Lightning+1","Undo+1"],"picked":"Conserve Battery+1","floor":54}],"player_experience":91384,"relics_obtained":[{"floor":6,"key":"Toxic Egg 2"},{"floor":24,"key":"Juzu Bracelet"},{"floor":26,"key":"Potion Belt"},{"floor":29,"key":"Bottled Flame"},{"floor":36,"key":"Ice Cream"},{"floor":43,"key":"Pear"},{"floor":54,"key":"Ginger"}],"event_choices":[{"damage_healed":0,"gold_gain":0,"player_choice":"Take Wound","damage_taken":0,"relics_obtained":["Golden Idol"],"max_hp_gain":0,"max_hp_loss":0,"event_name":"Golden Idol","floor":2,"gold_loss":0,"cards_obtained":["Injury"]},{"damage_healed":0,"gold_gain":0,"player_choice":"Success","damage_taken":7,"relics_obtained":["Centennial Puzzle"],"max_hp_gain":0,"max_hp_loss":0,"event_name":"Scrap Ooze","floor":4,"gold_loss":0},{"cards_removed":["Injury"],"damage_healed":0,"gold_gain":0,"player_choice":"Forget","damage_taken":0,"max_hp_gain":0,"max_hp_loss":0,"event_name":"Living Wall","floor":5,"gold_loss":0},{"cards_removed":["Strike_B"],"damage_healed":0,"gold_gain":0,"player_choice":"Card Removal","damage_taken":7,"max_hp_gain":0,"max_hp_loss":0,"event_name":"Golden Wing","floor":10,"gold_loss":0},{"cards_removed":["Strike_B"],"damage_healed":0,"gold_gain":0,"player_choice":"Purged","damage_taken":0,"max_hp_gain":0,"max_hp_loss":0,"event_name":"Purifier","floor":19,"gold_loss":0},{"damage_healed":0,"gold_gain":0,"player_choice":"Ignored","damage_taken":0,"max_hp_gain":0,"max_hp_loss":0,"event_name":"Vampires","floor":31,"gold_loss":0},{"damage_healed":0,"gold_gain":0,"player_choice":"Fight","damage_taken":0,"max_hp_gain":0,"max_hp_loss":0,"event_name":"Mysterious Sphere","floor":36,"gold_loss":0},{"damage_healed":0,"gold_gain":0,"player_choice":"Forge","damage_taken":0,"max_hp_gain":0,"max_hp_loss":0,"event_name":"Accursed Blacksmith","floor":41,"gold_loss":0,"cards_upgraded":["Buffer"]},{"damage_healed":0,"gold_gain":0,"player_choice":"Paid","damage_taken":0,"relics_obtained":["Red Mask"],"max_hp_gain":0,"max_hp_loss":0,"event_name":"Tomb of Lord Red Mask","floor":44,"gold_loss":133},{"damage_healed":0,"gold_gain":0,"player_choice":"Memory 1","damage_taken":0,"max_hp_gain":0,"max_hp_loss":0,"event_name":"SensoryStone","floor":46,"gold_loss":0},{"cards_removed":["Scrape"],"damage_healed":0,"gold_gain":0,"player_choice":"Removed Attack","damage_taken":0,"max_hp_gain":0,"max_hp_loss":0,"event_name":"Falling","floor":47,"gold_loss":0}],"is_beta":false,"boss_relics":[{"not_picked":["Snecko Eye","Tiny House"],"picked":"Astrolabe"},{"not_picked":["Runic Pyramid","Inserter"],"picked":"Philosopher\u0027s Stone"}],"items_purged_floors":[21,38],"is_endless":false,"potions_floor_spawned":[3,12,25,28,33,35,54],"killed_by":"The Heart","ascension_level":0}