{"gold_per_floor":[113,128,153,153,165,165,184,184,184,201,201,221,73,83,83,181,181,198,198,224,224,238,238,21,21,21,21,21,21,33,62,74,86],"floor_reached":33,"playtime":3240,"items_purged":[],"score":389,"play_id":"ed4c1191-c565-4940-ab92-dd1cdc61e45a","local_time":"20190322133149","is_ascension_mode":true,"campfire_choices":[{"floor":6,"key":"DIG"},{"floor":11,"key":"DIG"},{"floor":15,"key":"REST"},{"floor":23,"key":"DIG"},{"floor":25,"key":"DIG"},{"floor":29,"key":"DIG"},{"floor":32,"key":"DIG"}],"neow_cost":"NONE","seed_source_timestamp":174465752188339,"circlet_count":0,"master_deck":["AscendersBane","Defend_B+1","Defend_B+1","Defend_B","Defend_B","Zap","Dualcast","Conserve Battery","Streamline+1","Doom and Gloom+1","Leap","Ball Lightning","Ball Lightning","Barrage","Electrodynamics","Chaos","Barrage","Beam Cell+1","Ball Lightning","Shame","Bite","Bite","Bite","Bite","Bite","Conserve Battery+1"],"relics":["Cracked Core","War Paint","Shovel","Question Card","Incense Burner","Bag of Marbles","Mercury Hourglass","PreservedInsect","Lizard Tail","Red Mask","Letter Opener","Runic Capacitor","Whetstone","Lantern","Meat on the Bone","MawBank","Bag of Preparation"],"potions_floor_usage":[10,18,33,33],"damage_taken":[{"damage":6,"enemies":"Cultist","floor":1,"turns":3},{"damage":1,"enemies":"Jaw Worm","floor":2,"turns":4},{"damage":0,"enemies":"Small Slimes","floor":5,"turns":3},{"damage":0,"enemies":"Blue Slaver","floor":7,"turns":3},{"damage":0,"enemies":"3 Louse","floor":10,"turns":1},{"damage":0,"enemies":"Red Slaver","floor":12,"turns":3},{"damage":0,"enemies":"Exordium Thugs","floor":14,"turns":3},{"damage":38,"enemies":"Hexaghost","floor":16,"turns":9},{"damage":0,"enemies":"Chosen","floor":18,"turns":3},{"damage":53,"enemies":"Masked Bandits","floor":20,"turns":4},{"damage":28,"enemies":"Spheric Guardian","floor":22,"turns":4},{"damage":0,"enemies":"3 Cultists","floor":31,"turns":4},{"damage":65,"enemies":"Collector","floor":33,"turns":6}],"seed_played":"137228837516871740","potions_obtained":[{"floor":5,"key":"SkillPotion"},{"floor":14,"key":"Strength Potion"},{"floor":16,"key":"Energy Potion"},{"floor":18,"key":"SpeedPotion"}],"is_trial":false,"path_per_floor":["M","M","T","T","M","R","M","?","T","M","R","M","$","M","R","B",null,"M","?","?","?","M","R","$","R","T","?","?","R","$","M","R","B"],"character_chosen":"DEFECT","items_purchased":["PreservedInsect","Runic Capacitor","Ball Lightning"],"campfire_rested":1,"item_purchase_floors":[13,24,24],"current_hp_per_floor":[69,68,68,68,68,68,68,43,43,43,43,43,43,43,67,29,69,69,69,16,16,30,30,30,30,30,30,30,30,30,34,34,0],"gold":86,"neow_bonus":"TEN_PERCENT_HP_BONUS","is_prod":false,"is_daily":false,"chose_seed":false,"campfire_upgraded":0,"win_rate":0,"timestamp":1553279509,"path_taken":["M","M","?","?","M","R","M","?","T","M","R","M","$","M","R","BOSS","M","?","?","?","?","R","?","R","T","?","?","R","$","M","R","BOSS"],"build_version":"2019-01-23","purchased_purges":0,"victory":false,"max_hp_per_floor":[82,82,82,82,82,82,82,82,82,82,82,82,82,82,82,82,82,82,82,82,82,82,82,82,82,82,82,57,57,57,57,57,57],"card_choices":[{"not_picked":["Turbo","Hello World"],"picked":"Conserve Battery","floor":1},{"not_picked":["Fusion","FTL"],"picked":"Streamline","floor":2},{"not_picked":["Coolheaded","Steam"],"picked":"Doom and Gloom","floor":5},{"not_picked":["Gash","Hyperbeam","Streamline"],"picked":"Leap","floor":7},{"not_picked":["Stack","Steam","Hologram"],"picked":"Ball Lightning","floor":10},{"not_picked":["Redo","Rip and Tear","Rebound"],"picked":"Ball Lightning","floor":12},{"not_picked":["Gash","Rebound","Blizzard"],"picked":"Barrage","floor":14},{"not_picked":["Reboot","Biased Cognition","Buffer"],"picked":"Electrodynamics","floor":16},{"not_picked":["Hologram","Self Repair","Rebound"],"picked":"Chaos","floor":18},{"not_picked":["Steam","Coolheaded","Go for the Eyes+1"],"picked":"Barrage","floor":20},{"not_picked":["Storm+1","Turbo","Leap"],"picked":"Beam Cell+1","floor":22},{"not_picked":["Go for the Eyes","Turbo","Consume"],"picked":"Conserve Battery+1","floor":31}],"player_experience":1241658,"relics_obtained":[{"floor":3,"key":"War Paint"},{"floor":4,"key":"Shovel"},{"floor":6,"key":"Question Card"},{"floor":9,"key":"Bag of Marbles"},{"floor":11,"key":"Mercury Hourglass"},{"floor":20,"key":"Red Mask"},{"floor":23,"key":"Letter Opener"},{"floor":25,"key":"Whetstone"},{"floor":26,"key":"Lantern"},{"floor":29,"key":"MawBank"},{"floor":32,"key":"Bag of Preparation"}],"event_choices":[{"damage_healed":0,"gold_gain":0,"player_choice":"Success","damage_taken":25,"relics_obtained":["Incense Burner"],"max_hp_gain":0,"max_hp_loss":0,"event_name":"Scrap Ooze","floor":8,"gold_loss":0},{"damage_healed":0,"gold_gain":0,"player_choice":"Ignored","damage_taken":0,"max_hp_gain":0,"max_hp_loss":0,"event_name":"Ghosts","floor":19,"gold_loss":0},{"damage_healed":0,"gold_gain":0,"player_choice":"Fought Bandits","damage_taken":0,"max_hp_gain":0,"max_hp_loss":0,"event_name":"Masked Bandits","floor":20,"gold_loss":0},{"damage_healed":0,"gold_gain":0,"player_choice":"Forge","damage_taken":0,"max_hp_gain":0,"max_hp_loss":0,"event_name":"Accursed Blacksmith","floor":21,"gold_loss":0,"cards_upgraded":["Streamline"]},{"damage_healed":0,"gold_gain":0,"player_choice":"Stole Relic","damage_taken":0,"relics_obtained":["Meat on the Bone"],"max_hp_gain":0,"max_hp_loss":0,"event_name":"Addict","floor":27,"gold_loss":0,"cards_obtained":["Shame"]},{"damage_healed":0,"gold_gain":0,"player_choice":"Became a vampire","damage_taken":0,"max_hp_gain":0,"max_hp_loss":25,"event_name":"Vampires","floor":28,"gold_loss":0,"cards_obtained":["Bite","Bite","Bite","Bite","Bite"]}],"is_beta":false,"boss_relics":[{"not_picked":["Runic Dome","Coffee Dripper"],"picked":"Lizard Tail"}],"items_purged_floors":[],"is_endless":false,"potions_floor_spawned":[5,14,16,18,20,31],"killed_by":"Collector","ascension_level":11}