{"gold_per_floor":[363,379,379,454,33,33,62,62,138,158,158,189,189,189,189,189],"floor_reached":16,"playtime":3086,"items_purged":[],"score":127,"play_id":"bf140878-9d78-454d-8f53-3238c922f181","local_time":"20181020171312","is_ascension_mode":true,"campfire_choices":[{"floor":6,"key":"REST"},{"floor":8,"key":"REST"},{"floor":13,"key":"REST"},{"floor":15,"key":"REST"}],"neow_cost":"CURSE","seed_source_timestamp":0,"circlet_count":0,"master_deck":["Strike_R","Strike_R","Strike_R","Strike_R","Defend_R","Defend_R","Defend_R","Defend_R","Bash","Injury","Flex","Armaments","Ghostly Armor","Flex","Dropkick","Brutality","Anger"],"special_seed":0,"relics":["Burning Blood","Champion Belt","Shovel","Juzu Bracelet","Tiny Chest","Oddly Smooth Stone","Toxic Egg 2"],"potions_floor_usage":[12,16,16],"damage_taken":[{"damage":15,"enemies":"Small Slimes","floor":1,"turns":4},{"damage":11,"enemies":"2 Louse","floor":2,"turns":2},{"damage":65,"enemies":"3 Sentries","floor":7,"turns":14},{"damage":2,"enemies":"Cultist","floor":10,"turns":4},{"damage":21,"enemies":"Gremlin Nob","floor":12,"turns":4},{"damage":79,"enemies":"Hexaghost","floor":16,"turns":9}],"seed_played":"-4660733761454472750","potions_obtained":[{"floor":7,"key":"Fire Potion"},{"floor":10,"key":"PowerPotion"},{"floor":12,"key":"Strength Potion"}],"is_trial":false,"path_per_floor":["M","M","?","?","$","R","E","R","T","M","?","E","R","T","R"],"character_chosen":"IRONCLAD","items_purchased":["Shovel","Ghostly Armor","Flex"],"campfire_rested":4,"item_purchase_floors":[5,5,5],"current_hp_per_floor":[71,66,63,52,52,76,17,41,41,45,45,30,54,54,78,0],"gold":189,"neow_bonus":"TWO_FIFTY_GOLD","is_prod":false,"is_daily":false,"chose_seed":false,"campfire_upgraded":0,"win_rate":0,"timestamp":1540080792,"path_taken":["M","M","?","?","$","R","E","R","T","M","?","E","R","?","R","BOSS"],"build_version":"2018-10-18","purchased_purges":0,"victory":false,"max_hp_per_floor":[80,80,80,80,80,80,80,80,80,80,80,80,80,80,80,80],"card_choices":[{"not_picked":["Fire Breathing","Thunderclap"],"picked":"Flex","floor":1},{"not_picked":["Metallicize","Sword Boomerang"],"picked":"Armaments","floor":2},{"not_picked":["Whirlwind","Havoc","Dark Embrace"],"picked":"SKIP","floor":7},{"not_picked":["Hemokinesis","Second Wind"],"picked":"Dropkick","floor":10},{"not_picked":["Body Slam","Combust"],"picked":"Anger","floor":12}],"player_experience":443745,"relics_obtained":[{"floor":7,"key":"Juzu Bracelet"},{"floor":9,"key":"Tiny Chest"},{"floor":12,"key":"Oddly Smooth Stone"},{"floor":14,"key":"Toxic Egg 2"}],"event_choices":[{"damage_healed":0,"gold_gain":0,"player_choice":"Success","damage_taken":3,"relics_obtained":["Champion Belt"],"max_hp_gain":0,"max_hp_loss":0,"event_name":"Scrap Ooze","floor":3,"gold_loss":0},{"damage_healed":0,"gold_gain":75,"player_choice":"Gather Gold","damage_taken":11,"max_hp_gain":0,"max_hp_loss":0,"event_name":"World of Goop","floor":4,"gold_loss":0},{"damage_healed":0,"gold_gain":0,"cards_transformed":["Strike_R"],"player_choice":"Transformed","damage_taken":0,"max_hp_gain":0,"max_hp_loss":0,"event_name":"Transmorgrifier","floor":11,"gold_loss":0,"cards_obtained":["Brutality"]}],"is_beta":false,"boss_relics":[],"items_purged_floors":[],"is_endless":false,"potions_floor_spawned":[7,10,12],"killed_by":"Hexaghost","ascension_level":4}