{"gold_per_floor":[110,35,110,123,123,123,141,141,220,220,220,240,253,267,267,387,387,408,408,328,418,432,432,456,495,495,530,544,565,270,270,270,389,389,409,429,147,160,179,179,198,198,198,198,0,0,0,21,21,21,21,21,21,59,59],"floor_reached":55,"playtime":8299,"items_purged":["Strike_G","Strike_G","Strike_G","Strike_G+1"],"score":681,"play_id":"82ba9c36-2655-46c1-9585-588b7d87b535","local_time":"20190412111755","is_ascension_mode":true,"campfire_choices":[{"data":"Neutralize","floor":6.0,"key":"SMITH"},{"data":"Underhanded Strike","floor":8.0,"key":"SMITH"},{"data":"Prepared","floor":10.0,"key":"SMITH"},{"data":"Backflip","floor":15.0,"key":"SMITH"},{"data":"Glass Knife","floor":23.0,"key":"SMITH"},{"data":"Malaise","floor":32.0,"key":"SMITH"},{"data":"Night Terror","floor":40.0,"key":"SMITH"},{"data":"Caltrops","floor":42.0,"key":"SMITH"},{"floor":44.0,"key":"RECALL"},{"data":"Survivor","floor":46.0,"key":"SMITH"},{"data":"Terror","floor":49.0,"key":"SMITH"},{"data":"Escape Plan","floor":52.0,"key":"SMITH"}],"neow_cost":"NONE","seed_source_timestamp":0,"circlet_count":0,"master_deck":["Defend_G+1","Defend_G+1","Defend_G+1","Defend_G+1","Survivor+1","Neutralize+1","Prepared+1","Escape Plan+1","Backstab","Underhanded Strike+1","Infinite Blades","Malaise+1","Backflip+1","Glass Knife+1","Expertise+1","Reflex+1","Terror+1","Night Terror+1","Reflex+1","Acrobatics+1","Caltrops+1","PiercingWail+1","Noxious Fumes"],"special_seed":0,"relics":["Lizard Tail","The Courier","Golden Idol","Sozu","Bottled Lightning","Pen Nib","Pantograph","Coffee Dripper","ClockworkSouvenir","Blue Candle","Red Mask","Sundial"],"potions_floor_usage":[],"damage_taken":[{"damage":0.0,"enemies":"Small Slimes","floor":1.0,"turns":3.0},{"damage":4.0,"enemies":"Cultist","floor":4.0,"turns":5.0},{"damage":0.0,"enemies":"2 Louse","floor":7.0,"turns":2.0},{"damage":0.0,"enemies":"Looter","floor":12.0,"turns":3.0},{"damage":5.0,"enemies":"3 Louse","floor":13.0,"turns":2.0},{"damage":6.0,"enemies":"Gremlin Gang","floor":14.0,"turns":4.0},{"damage":27.0,"enemies":"Slime Boss","floor":16.0,"turns":18.0},{"damage":0.0,"enemies":"3 Byrds","floor":18.0,"turns":5.0},{"damage":2.0,"enemies":"Shell Parasite","floor":22.0,"turns":5.0},{"damage":2.0,"enemies":"Centurion and Healer","floor":24.0,"turns":6.0},{"damage":11.0,"enemies":"Slavers","floor":25.0,"turns":7.0},{"damage":3.0,"enemies":"Book of Stabbing","floor":27.0,"turns":8.0},{"damage":0.0,"enemies":"Snecko","floor":28.0,"turns":4.0},{"damage":0.0,"enemies":"Shelled Parasite and Fungi","floor":29.0,"turns":6.0},{"damage":47.0,"enemies":"Champ","floor":33.0,"turns":14.0},{"damage":0.0,"enemies":"Orb Walker","floor":35.0,"turns":3.0},{"damage":0.0,"enemies":"3 Darklings","floor":36.0,"turns":4.0},{"damage":0.0,"enemies":"Jaw Worm Horde","floor":38.0,"turns":4.0},{"damage":0.0,"enemies":"Spire Growth","floor":39.0,"turns":4.0},{"damage":0.0,"enemies":"3 Darklings","floor":41.0,"turns":3.0},{"damage":0.0,"enemies":"Sphere and 2 Shapes","floor":48.0,"turns":4.0},{"damage":60.0,"enemies":"Donu and Deca","floor":50.0,"turns":12.0},{"damage":51.0,"enemies":"Shield and Spear","floor":54.0,"turns":8.0},{"damage":95,"enemies":"The Heart","floor":55,"turns":8}],"seed_played":"4580539023612841012","potions_obtained":[{"floor":4.0,"key":"GhostInAJar"},{"floor":12.0,"key":"Swift Potion"}],"is_trial":false,"path_per_floor":["M","$","?","M","?","R","M","R","T","R","?","M","M","M","R","B",null,"M","?","$","?","M","R","M","E","T","E","M","M","$","?","R","B",null,"M","M","$","M","M","R","M","R","T","R","?","R","?","M","R","B",null,"R","$","E","B"],"character_chosen":"THE_SILENT","items_purchased":["Pantograph","ClockworkSouvenir"],"campfire_rested":0,"item_purchase_floors":[30,37],"current_hp_per_floor":[70,70,63,59,59,59,59,59,59,59,42,42,37,31,31,4,70,70,70,70,56,54,54,52,41,41,38,38,38,38,38,38,16,70,70,70,70,70,70,70,70,70,70,70,70,70,70,70,70,10,70,70,70,19,0],"gold":59,"neow_bonus":"BOSS_RELIC","is_prod":false,"is_daily":false,"chose_seed":false,"campfire_upgraded":11,"win_rate":0,"timestamp":1555060675,"path_taken":["M","$","?","?","?","R","M","R","T","R","?","M","M","M","R","BOSS","M","?","$","?","?","R","M","E","T","E","M","M","$","?","R","BOSS","M","M","$","M","M","R","M","R","T","R","?","R","?","M","R","BOSS","R","$","E","BOSS"],"build_version":"2019-01-23","purchased_purges":4,"victory":false,"max_hp_per_floor":[70,70,70,70,70,70,70,70,70,70,70,70,70,70,70,70,70,70,70,70,70,70,70,70,70,70,70,70,70,70,70,70,70,70,70,70,70,70,70,70,70,70,70,70,70,70,70,70,70,70,70,70,70,70,70],"card_choices":[{"not_picked":["Deflect","Expertise"],"picked":"Prepared","floor":1.0},{"not_picked":["Poisoned Stab","Flying Knee"],"picked":"Escape Plan","floor":4.0},{"not_picked":["PiercingWail","Skewer"],"picked":"Underhanded Strike","floor":7.0},{"not_picked":["Dagger Throw","Underhanded Strike"],"picked":"Infinite Blades","floor":12.0},{"not_picked":["Bane","Catalyst"],"picked":"Malaise","floor":13.0},{"not_picked":["Poisoned Stab","Skewer"],"picked":"Backflip","floor":14.0},{"not_picked":["Grand Finale","Malaise"],"picked":"Glass Knife","floor":16.0},{"not_picked":["Sucker Punch","Slice"],"picked":"Expertise+1","floor":18.0},{"not_picked":["Expertise","Flying Knee"],"picked":"Reflex+1","floor":22.0},{"not_picked":["Outmaneuver","Choke+1","Riddle With Holes"],"picked":"SKIP","floor":24.0},{"not_picked":["Blade Dance","Bullet Time","Quick Slash"],"picked":"SKIP","floor":25.0},{"not_picked":["Slice+1","Skewer","Underhanded Strike"],"picked":"SKIP","floor":27.0},{"not_picked":["Quick Slash","Blade Dance","Dodge and Roll"],"picked":"SKIP","floor":28.0},{"not_picked":["Dodge and Roll+1","Quick Slash"],"picked":"Terror","floor":29.0},{"not_picked":["Malaise","Phantasmal Killer"],"picked":"Night Terror","floor":33.0},{"not_picked":["Dodge and Roll+1","Flying Knee","Expertise+1"],"picked":"SKIP","floor":35.0},{"not_picked":["Slice","Flying Knee","Prepared"],"picked":"SKIP","floor":36.0},{"not_picked":["Poisoned Stab+1","Sucker Punch+1"],"picked":"Reflex+1","floor":38.0},{"not_picked":["Slice+1","Deflect+1"],"picked":"Acrobatics+1","floor":39.0},{"not_picked":["Well Laid Plans+1","PiercingWail"],"picked":"Caltrops","floor":41.0},{"not_picked":["Bane+1","Backflip"],"picked":"PiercingWail+1","floor":48.0},{"not_picked":["Slice","Sucker Punch+1"],"picked":"Noxious Fumes","floor":54.0}],"player_experience":279233,"relics_obtained":[{"floor":9.0,"key":"The Courier"},{"floor":25.0,"key":"Bottled Lightning"},{"floor":27.0,"key":"Pen Nib"},{"floor":43.0,"key":"Blue Candle"},{"floor":54.0,"key":"Sundial"}],"event_choices":[{"damage_healed":0.0,"max_hp_gain":0.0,"max_hp_loss":0.0,"gold_gain":75.0,"event_name":"FaceTrader","player_choice":"Touch","floor":3.0,"gold_loss":0.0,"damage_taken":7.0},{"damage_healed":0.0,"max_hp_gain":0.0,"max_hp_loss":0.0,"gold_gain":0.0,"cards_transformed":["Defend_G"],"event_name":"Living Wall","player_choice":"Change","floor":5.0,"gold_loss":0.0,"damage_taken":0.0,"cards_obtained":["Backstab"]},{"damage_healed":0.0,"max_hp_gain":0.0,"max_hp_loss":0.0,"gold_gain":0.0,"event_name":"Golden Idol","player_choice":"Take Damage","floor":11.0,"gold_loss":0.0,"damage_taken":17.0,"relics_obtained":["Golden Idol"]},{"damage_healed":0.0,"max_hp_gain":0.0,"max_hp_loss":0.0,"gold_gain":0.0,"event_name":"Ghosts","player_choice":"Ignored","floor":19.0,"gold_loss":0.0,"damage_taken":0.0},{"damage_healed":0.0,"max_hp_gain":0.0,"max_hp_loss":0.0,"gold_gain":90.0,"event_name":"Knowing Skull","player_choice":"GOLD ","floor":21.0,"potions_obtained":[],"gold_loss":0.0,"damage_taken":14.0,"cards_obtained":[]},{"damage_healed":0.0,"max_hp_gain":0.0,"max_hp_loss":0.0,"gold_gain":90.0,"event_name":"Knowing Skull","player_choice":"GOLD ","floor":21.0,"potions_obtained":[],"gold_loss":0.0,"damage_taken":14.0,"cards_obtained":[]},{"damage_healed":0.0,"max_hp_gain":0.0,"max_hp_loss":0.0,"gold_gain":0.0,"event_name":"Back to Basics","player_choice":"Simplicity","floor":31.0,"gold_loss":0.0,"damage_taken":0.0,"cards_upgraded":["Defend_G","Defend_G","Defend_G","Defend_G","Strike_G","Strike_G"]},{"damage_healed":0.0,"max_hp_gain":0.0,"max_hp_loss":0.0,"gold_gain":0.0,"event_name":"Tomb of Lord Red Mask","player_choice":"Paid","floor":45.0,"gold_loss":198.0,"damage_taken":0.0,"relics_obtained":["Red Mask"]},{"cards_removed":["Strike_G"],"damage_healed":0.0,"max_hp_gain":0.0,"max_hp_loss":0.0,"gold_gain":0.0,"event_name":"Falling","player_choice":"Removed Attack","floor":47.0,"gold_loss":0.0,"damage_taken":0.0}],"is_beta":false,"boss_relics":[{"not_picked":["Busted Crown","Tiny House"],"picked":"Sozu"},{"not_picked":["HoveringKite","Black Star"],"picked":"Coffee Dripper"}],"items_purged_floors":[2,20,30,37],"is_endless":false,"potions_floor_spawned":[4,12,22,25,27,28,35,41],"killed_by":"The Heart","ascension_level":1}