{"gold_per_floor":[113,125,125,75,93,93,119,132,206,206,235,39,39,56,56,161,161,161],"floor_reached":18,"playtime":1217,"items_purged":["Strike_B"],"score":187,"play_id":"b1087384-9d12-4223-941b-c4a85dc618bf","local_time":"20180803102201","is_ascension_mode":true,"campfire_choices":[{"data":"Sunder","floor":6,"key":"SMITH"},{"floor":13,"key":"REST"},{"floor":15,"key":"DIG"}],"neow_cost":"NONE","seed_source_timestamp":3262978155130519,"circlet_count":0,"master_deck":["Strike_B","Strike_B+1","Defend_B","Defend_B+1","Defend_B","Defend_B","Zap","Dualcast","Meteor Strike","Sunder+1","Self Repair","Skim","Compile Driver","Seek","Ball Lightning","Echo Form","Coolheaded","Electrodynamics","Normality","Decay","Normality"],"relics":["Cracked Core","Shovel","Shuriken","Regal Pillow","Question Card","Calling Bell","Lantern","Toxic Egg 2","Gambling Chip"],"potions_floor_usage":[7,16,18],"damage_taken":[{"damage":0,"enemies":"2 Louse","floor":1,"turns":2},{"damage":13,"enemies":"Small Slimes","floor":2,"turns":4},{"damage":2,"enemies":"Jaw Worm","floor":5,"turns":3},{"damage":24,"enemies":"Lagavulin","floor":7,"turns":8},{"damage":9,"enemies":"Blue Slaver","floor":8,"turns":4},{"damage":22,"enemies":"3 Sentries","floor":11,"turns":5},{"damage":9,"enemies":"3 Louse","floor":14,"turns":3},{"damage":30,"enemies":"The Guardian","floor":16,"turns":13},{"damage":22,"enemies":"3 Byrds","floor":18,"turns":3}],"seed_played":"-8667508358461149467","potions_obtained":[{"floor":5,"key":"Regen Potion"},{"floor":7,"key":"Weak Potion"},{"floor":11,"key":"Poison Potion"},{"floor":14,"key":"EssenceOfSteel"},{"floor":16,"key":"SkillPotion"}],"is_trial":false,"path_per_floor":["M","M","$","?","M","R","E","M","T","?","E","$","R","M","R","B",null],"character_chosen":"DEFECT","items_purchased":["Ball Lightning","Echo Form"],"campfire_rested":1,"item_purchase_floors":[12,12],"current_hp_per_floor":[75,62,62,62,60,60,58,56,56,41,26,26,63,54,54,24,75,53],"gold":161,"neow_bonus":"ONE_RANDOM_RARE_CARD","is_prod":false,"is_daily":false,"chose_seed":false,"campfire_upgraded":1,"win_rate":0,"timestamp":1533309721,"path_taken":["M","M","$","?","M","R","E","M","T","?","E","?","R","M","R","BOSS","M"],"build_version":"2018-08-02","purchased_purges":1,"victory":false,"max_hp_per_floor":[75,75,75,75,75,75,75,75,75,75,75,75,75,75,75,75,75,75],"card_choices":[{"not_picked":["Stack","White Noise","Redo"],"picked":"SKIP","floor":1},{"not_picked":["Fusion","Rebound"],"picked":"Sunder","floor":2},{"not_picked":["Gash","Steam"],"picked":"Self Repair","floor":5},{"not_picked":["Coolheaded","Steam"],"picked":"Skim","floor":7},{"not_picked":["Rebound","Capacitor"],"picked":"Compile Driver","floor":8},{"not_picked":["Hologram","Scrape"],"picked":"Seek","floor":11},{"not_picked":["Redo","Beam Cell"],"picked":"Coolheaded","floor":14},{"not_picked":["Rainbow","Core Surge","Hyperbeam"],"picked":"Electrodynamics","floor":16}],"player_experience":426073,"relics_obtained":[{"floor":7,"key":"Shovel"},{"floor":9,"key":"Shuriken"},{"floor":11,"key":"Regal Pillow"},{"floor":15,"key":"Question Card"},{"floor":17,"key":"Lantern"},{"floor":17,"key":"Toxic Egg 2"},{"floor":17,"key":"Gambling Chip"}],"event_choices":[{"event_name":"The Cleric","player_choice":"Card Removal","floor":4,"damage_taken":0},{"event_name":"Shining Light","player_choice":"Entered Light","floor":10,"damage_taken":0}],"is_beta":false,"boss_relics":[{"not_picked":["FrozenCore","Ectoplasm"],"picked":"Calling Bell"}],"items_purged_floors":[12],"is_endless":false,"potions_floor_spawned":[5,7,11,14,16],"killed_by":"3 Byrds","ascension_level":2}