{"gold_per_floor":[113,113,128,303,228,263,263,263,314,338,338,352,352,372,372,372],"floor_reached":16,"playtime":699,"items_purged":["Doubt"],"score":100,"play_id":"7ffedd49-6fe7-4682-b685-084e992a68cc","local_time":"20180710143242","is_ascension_mode":false,"campfire_choices":[{"data":"Immolate","floor":7,"key":"SMITH"},{"floor":15,"key":"REST"}],"neow_cost":"FIFTY_PERCENT_DAMAGE","seed_source_timestamp":1204691801789600,"circlet_count":0,"master_deck":["Strike_R","Strike_R","Strike_R","Defend_R","Defend_R","Defend_R","Defend_R","Bash","Immolate+1","Cleave","Infernal Blade","Battle Trance","Second Wind","Headbutt"],"relics":["Burning Blood","Golden Idol","Ancient Tea Set","Regal Pillow","Bronze Scales"],"potions_floor_usage":[6,10,16],"damage_taken":[{"damage":5,"enemies":"Jaw Worm","floor":1,"turns":4},{"damage":0,"enemies":"Small Slimes","floor":3,"turns":3},{"damage":31,"enemies":"Gremlin Nob","floor":6,"turns":5},{"damage":0,"enemies":"2 Louse","floor":10,"turns":1},{"damage":5,"enemies":"Looter","floor":12,"turns":3},{"damage":14,"enemies":"Blue Slaver","floor":14,"turns":4},{"damage":44,"enemies":"The Guardian","floor":16,"turns":7}],"seed_played":"8980414990036836659","potions_obtained":[{"floor":3,"key":"BloodPotion"},{"floor":6,"key":"Explosive Potion"},{"floor":10,"key":"SneckoOil"}],"is_trial":false,"path_per_floor":["M","?","M","?","$","E","R","?","T","M","?","M","?","M","R"],"character_chosen":"IRONCLAD","items_purchased":[],"campfire_rested":1,"item_purchase_floors":[],"current_hp_per_floor":[41,41,47,47,47,29,29,4,4,10,10,11,11,7,44,0],"gold":372,"neow_bonus":"THREE_RARE_CARDS","is_prod":false,"is_daily":false,"chose_seed":false,"campfire_upgraded":1,"win_rate":0,"timestamp":1531251162,"path_taken":["M","?","M","?","$","E","R","?","T","M","?","M","?","?","R","BOSS"],"build_version":"2018-07-05","purchased_purges":1,"victory":false,"max_hp_per_floor":[80,74,74,74,74,74,74,74,74,74,74,74,74,74,74,74],"card_choices":[{"not_picked":["Limit Break","Offering"],"picked":"Immolate","floor":0},{"not_picked":["Iron Wave","Whirlwind"],"picked":"Cleave","floor":1},{"not_picked":["Flame Barrier","True Grit","Thunderclap"],"picked":"SKIP","floor":3},{"not_picked":["Havoc","Disarm"],"picked":"Infernal Blade","floor":6},{"not_picked":["Demon Form","Havoc"],"picked":"Battle Trance","floor":10},{"not_picked":["Clash","Twin Strike"],"picked":"Second Wind","floor":12},{"not_picked":["Rage","Body Slam"],"picked":"Headbutt","floor":14}],"player_experience":138288,"relics_obtained":[{"floor":6,"key":"Ancient Tea Set"},{"floor":9,"key":"Bronze Scales"}],"event_choices":[{"event_name":"Golden Idol","player_choice":"Lose Max HP","floor":2,"damage_taken":0},{"event_name":"Liars Game","player_choice":"agreed","floor":4,"damage_taken":0},{"event_name":"Scrap Ooze","player_choice":"success","floor":8,"damage_taken":25},{"event_name":"Living Wall","player_choice":"Forget","floor":11,"damage_taken":0},{"event_name":"Bonfire Elementals","player_choice":"BASIC","floor":13,"damage_taken":0}],"boss_relics":[],"items_purged_floors":[5],"is_endless":false,"potions_floor_spawned":[3,6,10],"killed_by":"The Guardian","ascension_level":0}