{"gold_per_floor":[118,43,43,43,55,89,89,121,147,183,183,183,238,291,291,291],"floor_reached":16,"playtime":1123,"items_purged":["Bash"],"score":102,"play_id":"1cd5c188-3ef8-4839-98ae-b00f3eafbfaf","local_time":"20190614233428","is_ascension_mode":false,"campfire_choices":[{"floor":11,"key":"REST"},{"floor":15,"key":"REST"}],"neow_cost":"NONE","seed_source_timestamp":10469255099816,"circlet_count":0,"master_deck":["Strike_R","Strike_R","Strike_R","Strike_R+1","Defend_R","Defend_R","Defend_R+1","Defend_R","Pommel Strike+1","Evolve","Flame Barrier+1","HandOfGreed","Perfected Strike"],"relics":["Burning Blood","Whetstone","Bag of Preparation"],"potions_floor_usage":[],"damage_taken":[{"damage":4,"enemies":"Jaw Worm","floor":1,"turns":5},{"damage":0,"enemies":"Small Slimes","floor":5,"turns":3},{"damage":55,"enemies":"Gremlin Nob","floor":6,"turns":6},{"damage":0,"enemies":"2 Louse","floor":8,"turns":2},{"damage":10,"enemies":"Looter","floor":10,"turns":2},{"damage":6,"enemies":"Exordium Wildlife","floor":13,"turns":3},{"damage":13,"enemies":"Gremlin Gang","floor":14,"turns":5},{"damage":64,"enemies":"Hexaghost","floor":16,"turns":14}],"seed_played":"5549496914261391896","potions_obtained":[{"floor":5,"key":"SpeedPotion"},{"floor":6,"key":"Explosive Potion"},{"floor":8,"key":"Block Potion"}],"is_trial":false,"path_per_floor":["M","$","?","?","M","E","?","M","T","M","R","?","M","M","R","B"],"character_chosen":"IRONCLAD","items_purchased":[],"campfire_rested":2,"item_purchase_floors":[],"current_hp_per_floor":[80,80,73,78,84,35,35,41,41,37,62,45,45,38,63,0],"gold":291,"neow_bonus":"RANDOM_COLORLESS","is_prod":false,"is_daily":false,"chose_seed":false,"campfire_upgraded":0,"win_rate":0.0,"timestamp":1560548068,"path_taken":["M","$","?","?","M","E","?","M","T","M","R","?","?","?","R","BOSS"],"build_version":"2019-01-23","purchased_purges":1,"victory":false,"max_hp_per_floor":[80,80,80,85,85,85,85,85,85,85,85,85,85,85,85,85],"card_choices":[{"not_picked":["Searing Blow","Feel No Pain"],"picked":"Pommel Strike","floor":1},{"not_picked":["Rupture","Reckless Charge"],"picked":"Evolve","floor":5},{"not_picked":["Sword Boomerang","Headbutt"],"picked":"Flame Barrier","floor":6},{"not_picked":["Battle Trance","Second Wind"],"picked":"Perfected Strike","floor":8},{"not_picked":["Body Slam","True Grit","Sword Boomerang"],"picked":"SKIP","floor":10},{"not_picked":["Rupture","Hemokinesis","True Grit"],"picked":"SKIP","floor":13},{"not_picked":["Carnage","True Grit","Shockwave"],"picked":"SKIP","floor":14}],"player_experience":49426,"relics_obtained":[{"floor":6,"key":"Whetstone"},{"floor":9,"key":"Bag of Preparation"}],"event_choices":[{"cards_removed":["Strike_R"],"damage_healed":0,"gold_gain":0,"player_choice":"Card Removal","damage_taken":7,"max_hp_gain":0,"max_hp_loss":0,"event_name":"Golden Wing","floor":3,"gold_loss":0},{"damage_healed":0,"gold_gain":0,"player_choice":"Donut","damage_taken":0,"max_hp_gain":5,"max_hp_loss":0,"event_name":"Big Fish","floor":4,"gold_loss":0},{"damage_healed":0,"gold_gain":0,"cards_transformed":["Purity"],"player_choice":"Change","damage_taken":0,"max_hp_gain":0,"max_hp_loss":0,"event_name":"Living Wall","floor":7,"gold_loss":0,"cards_obtained":["HandOfGreed"]},{"damage_healed":0,"gold_gain":0,"player_choice":"Entered Light","damage_taken":17,"max_hp_gain":0,"max_hp_loss":0,"event_name":"Shining Light","floor":12,"gold_loss":0,"cards_upgraded":["Flame Barrier","Defend_R"]}],"is_beta":false,"boss_relics":[],"items_purged_floors":[2],"is_endless":false,"potions_floor_spawned":[5,6,8,14],"killed_by":"Hexaghost","ascension_level":0}