{"gold_per_floor":[117,133,6,19,19,39,69,244,244,244,94,107,155,11,11,106,106,126,41,41,41,41,41],"floor_reached":23,"playtime":1217,"items_purged":["Writhe"],"score":177,"play_id":"c2c8b8d1-17e0-4707-b016-bf824a991d60","local_time":"20180717120811","is_ascension_mode":false,"campfire_choices":[{"data":"Noxious Fumes","floor":10,"key":"SMITH"},{"floor":15,"key":"REST"}],"neow_cost":"CURSE","seed_source_timestamp":181680022844393,"circlet_count":0,"master_deck":["Defend_G","Defend_G","Defend_G","Defend_G","Defend_G","Strike_G","Strike_G","Strike_G","Strike_G","Survivor","Neutralize+1","Backflip","Sucker Punch","Poisoned Stab","Flying Knee","Noxious Fumes+1","Deadly Poison","Die Die Die","Bouncing Flask+1","Noxious Fumes"],"relics":["Ring of the Snake","Ginger","Meat on the Bone","Orichalcum","Anchor","Blood Vial","Empty Cage","Shuriken"],"potions_floor_usage":[16],"damage_taken":[{"damage":4,"enemies":"Small Slimes","floor":1,"turns":5},{"damage":0,"enemies":"Cultist","floor":2,"turns":5},{"damage":0,"enemies":"Jaw Worm","floor":4,"turns":4},{"damage":3,"enemies":"3 Louse","floor":6,"turns":4},{"damage":6,"enemies":"Exordium Wildlife","floor":12,"turns":3},{"damage":18,"enemies":"The Guardian","floor":16,"turns":10},{"damage":0,"enemies":"Chosen","floor":18,"turns":4},{"damage":42,"enemies":"Slavers","floor":23,"turns":4}],"seed_played":"-3440851335914414847","potions_obtained":[{"floor":2,"key":"Block Potion"}],"is_trial":false,"path_per_floor":["M","M","$","M","?","M","?","?","T","R","$","M","T","$","R","B",null,"M","?","?","$","?"],"character_chosen":"THE_SILENT","items_purchased":["Poisoned Stab","Orichalcum","Blood Vial"],"campfire_rested":1,"item_purchase_floors":[3,11,14],"current_hp_per_floor":[66,66,66,66,66,63,63,63,63,63,63,57,57,57,70,52,70,70,70,70,70,57,17],"gold":41,"neow_bonus":"ONE_RARE_RELIC","is_prod":false,"is_daily":false,"chose_seed":false,"campfire_upgraded":1,"win_rate":0,"timestamp":1531854491,"path_taken":["M","M","$","M","?","M","?","?","T","R","$","M","?","?","R","BOSS","M","?","?","?","?","E"],"build_version":"2018-07-12","purchased_purges":1,"victory":false,"max_hp_per_floor":[70,70,70,70,70,70,70,70,70,70,70,70,70,70,70,70,70,70,70,70,70,75,75],"card_choices":[{"not_picked":["Flying Knee","Prepared"],"picked":"Backflip","floor":1},{"not_picked":["PiercingWail","Bouncing Flask"],"picked":"Sucker Punch","floor":2},{"not_picked":["Backflip","Masterful Stab"],"picked":"Flying Knee","floor":4},{"not_picked":["Terror","Distraction"],"picked":"Noxious Fumes","floor":6},{"not_picked":["Poisoned Stab","Footwork"],"picked":"Deadly Poison","floor":12},{"not_picked":["Envenom","Storm of Steel"],"picked":"Die Die Die","floor":16},{"not_picked":["Poisoned Stab+1","Dagger Throw"],"picked":"Bouncing Flask+1","floor":18}],"player_experience":76383,"relics_obtained":[{"floor":9,"key":"Meat on the Bone"},{"floor":13,"key":"Anchor"}],"event_choices":[{"event_name":"Accursed Blacksmith","player_choice":"Forge","floor":5,"damage_taken":0},{"event_name":"Dead Adventurer","player_choice":"Searched \u00271\u0027 times","floor":7,"damage_taken":0},{"event_name":"Liars Game","player_choice":"agreed","floor":8,"damage_taken":0},{"event_name":"Addict","player_choice":"Obtained Relic","floor":19,"damage_taken":0},{"event_name":"The Library","player_choice":"Read","floor":20,"damage_taken":0},{"event_name":"Forgotten Altar","player_choice":"Shed Blood","floor":22,"damage_taken":0}],"boss_relics":[{"not_picked":["Coffee Dripper","Eternal Feather"],"picked":"Empty Cage"}],"items_purged_floors":[3],"is_endless":false,"potions_floor_spawned":[2],"killed_by":"Slavers","ascension_level":0}