{"gold_per_floor":[115,135,135,145,145,157,183,211,223,235,264,276,213,223,223,325,325,335,260,280,180,200,234,234,248,248,265,103,103,103,0,0,96,96,113,0,0,0,17,17,17,62,62,77,108,108,108,121,121,121],"floor_reached":51,"playtime":4773,"items_purged":["Defend_R","Defend_R"],"score":687,"play_id":"84a10510-e9d4-4ece-8a70-0d687951931e","local_time":"20190324101734","is_ascension_mode":false,"campfire_choices":[{"data":"Whirlwind","floor":6.0,"key":"SMITH"},{"data":"Flex","floor":10.0,"key":"SMITH"},{"floor":12.0,"key":"REST"},{"data":"Armaments","floor":15.0,"key":"SMITH"},{"floor":24.0,"key":"REST"},{"floor":30.0,"key":"REST"},{"floor":32.0,"key":"REST"},{"data":"Limit Break","floor":40.0,"key":"SMITH"},{"floor":46.0,"key":"REST"},{"floor":49.0,"key":"REST"}],"neow_cost":"NONE","seed_source_timestamp":0,"circlet_count":0,"master_deck":["Strike_R","Strike_R","Defend_R","Defend_R","Whirlwind+1","Flex+1","Armaments+1","Limit Break+1","Spot Weakness+1","Metamorphosis","Flex+1","Inflame+1"],"special_seed":0,"relics":["Runic Pyramid","MawBank","Regal Pillow","Empty Cage","PreservedInsect","Cursed Key","Red Mask","Pear","Du-Vu Doll","The Courier"],"potions_floor_usage":[],"damage_taken":[{"damage":1.0,"enemies":"Jaw Worm","floor":1.0,"turns":5.0},{"damage":0.0,"enemies":"Small Slimes","floor":2.0,"turns":3.0},{"damage":2.0,"enemies":"2 Louse","floor":4.0,"turns":3.0},{"damage":7.0,"enemies":"Looter","floor":7.0,"turns":4.0},{"damage":8.0,"enemies":"Blue Slaver","floor":8.0,"turns":5.0},{"damage":10.0,"enemies":"Large Slime","floor":11.0,"turns":4.0},{"damage":6.0,"enemies":"Red Slaver","floor":14.0,"turns":3.0},{"damage":26.0,"enemies":"Slime Boss","floor":16.0,"turns":8.0},{"damage":22.0,"enemies":"2 Thieves","floor":18.0,"turns":3.0},{"damage":0.0,"enemies":"3 Byrds","floor":20.0,"turns":3.0},{"damage":5.0,"enemies":"3 Cultists","floor":22.0,"turns":3.0},{"damage":46.0,"enemies":"Book of Stabbing","floor":23.0,"turns":5.0},{"damage":8.0,"enemies":"Snake Plant","floor":25.0,"turns":3.0},{"damage":30.0,"enemies":"Snecko","floor":27.0,"turns":4.0},{"damage":36.0,"enemies":"Champ","floor":33.0,"turns":4.0},{"damage":5.0,"enemies":"3 Darklings","floor":35.0,"turns":2.0},{"damage":1.0,"enemies":"3 Shapes","floor":39.0,"turns":2.0},{"damage":36.0,"enemies":"2 Orb Walkers","floor":42.0,"turns":3.0},{"damage":17.0,"enemies":"Jaw Worm Horde","floor":44.0,"turns":2.0},{"damage":0.0,"enemies":"Giant Head","floor":45.0,"turns":4.0},{"damage":22.0,"enemies":"Maw","floor":48.0,"turns":4.0},{"damage":54,"enemies":"Donu and Deca","floor":50,"turns":5}],"seed_played":"1343106259199109585","potions_obtained":[{"floor":1.0,"key":"Regen Potion"},{"floor":4.0,"key":"Fire Potion"},{"floor":8.0,"key":"Swift Potion"},{"floor":20.0,"key":"AttackPotion"},{"floor":22.0,"key":"Explosive Potion"},{"floor":25.0,"key":"FearPotion"},{"floor":33.0,"key":"AttackPotion"},{"floor":42.0,"key":"Swift Potion"},{"floor":44.0,"key":"Explosive Potion"}],"is_trial":false,"path_per_floor":["M","M","?","M","?","R","M","M","T","R","M","R","$","M","R","B",null,"M","?","M","$","M","E","R","M","T","M","$","?","R","?","R","B",null,"M","?","?","?","M","R","$","?","T","M","E","R","T","M","R","B",null],"character_chosen":"IRONCLAD","items_purchased":["Metamorphosis"],"campfire_rested":6,"item_purchase_floors":[28],"current_hp_per_floor":[79,79,72,70,63,63,56,48,48,48,38,77,77,71,71,60,80,58,58,58,58,53,7,46,38,38,8,8,8,47,47,80,44,80,75,75,75,85,84,84,84,48,48,31,31,71,71,49,86,32],"gold":121,"neow_bonus":"BOSS_RELIC","is_prod":false,"is_daily":false,"chose_seed":false,"campfire_upgraded":4,"win_rate":0,"timestamp":1553419054,"path_taken":["M","M","?","M","?","R","M","M","T","R","M","R","?","M","R","BOSS","M","?","M","$","M","E","R","M","T","M","$","?","R","?","R","BOSS","M","?","?","?","?","R","?","?","T","M","E","R","?","M","R","BOSS"],"build_version":"2019-01-23","purchased_purges":2,"victory":true,"max_hp_per_floor":[80,80,80,80,80,80,80,80,80,80,80,80,80,80,80,80,80,80,80,80,80,80,80,80,80,80,80,80,80,80,80,80,80,80,80,80,76,86,86,86,86,86,86,86,86,86,86,86,86,86],"card_choices":[{"not_picked":["Evolve","True Grit","Heavy Blade"],"picked":"SKIP","floor":1.0},{"not_picked":["Sever Soul","Pommel Strike","Rampage"],"picked":"SKIP","floor":2.0},{"not_picked":["Dropkick","Cleave"],"picked":"Whirlwind","floor":4.0},{"not_picked":["Second Wind","Thunderclap"],"picked":"Flex","floor":7.0},{"not_picked":["Bloodletting","Sentinel","Heavy Blade"],"picked":"SKIP","floor":8.0},{"not_picked":["Perfected Strike","Thunderclap"],"picked":"Armaments","floor":11.0},{"not_picked":["Havoc","Ghostly Armor","Burning Pact"],"picked":"SKIP","floor":14.0},{"not_picked":["Fiend Fire","Offering"],"picked":"Limit Break","floor":16.0},{"not_picked":["Havoc","Twin Strike","Second Wind"],"picked":"SKIP","floor":18.0},{"not_picked":["Sword Boomerang+1","Heavy Blade","Havoc"],"picked":"SKIP","floor":20.0},{"not_picked":["Iron Wave","Corruption","Wild Strike"],"picked":"SKIP","floor":22.0},{"not_picked":["Battle Trance","Sword Boomerang"],"picked":"Spot Weakness+1","floor":23.0},{"not_picked":["Sword Boomerang","Reckless Charge","Body Slam"],"picked":"SKIP","floor":25.0},{"not_picked":["True Grit+1","Thunderclap","Iron Wave"],"picked":"SKIP","floor":27.0},{"not_picked":["Pommel Strike","Burning Pact","Carnage+1"],"picked":"SKIP","floor":35.0},{"not_picked":["Headbutt+1","Searing Blow+1","True Grit"],"picked":"SKIP","floor":39.0},{"not_picked":["Heavy Blade","Spot Weakness+1"],"picked":"Flex+1","floor":42.0},{"not_picked":["Combust+1","Feed","Havoc"],"picked":"SKIP","floor":44.0},{"not_picked":["Wild Strike","True Grit"],"picked":"Inflame+1","floor":45.0},{"not_picked":["Sword Boomerang+1","Evolve","Rampage"],"picked":"SKIP","floor":48.0}],"player_experience":182254,"relics_obtained":[{"floor":9.0,"key":"Regal Pillow"},{"floor":26.0,"key":"PreservedInsect"},{"floor":38.0,"key":"Pear"},{"floor":42.0,"key":"Du-Vu Doll"},{"floor":45.0,"key":"The Courier"}],"event_choices":[{"cards_removed":["Bash"],"damage_healed":0.0,"max_hp_gain":0.0,"max_hp_loss":0.0,"gold_gain":0.0,"event_name":"Golden Wing","player_choice":"Card Removal","floor":3.0,"gold_loss":0.0,"damage_taken":7.0},{"damage_healed":0.0,"max_hp_gain":0.0,"max_hp_loss":0.0,"gold_gain":0.0,"event_name":"Scrap Ooze","player_choice":"Success","floor":5.0,"gold_loss":0.0,"damage_taken":7.0,"relics_obtained":["MawBank"]},{"cards_removed":["Strike_R"],"damage_healed":0.0,"max_hp_gain":0.0,"max_hp_loss":0.0,"gold_gain":0.0,"event_name":"Beggar","player_choice":"Gave Gold","floor":19.0,"gold_loss":75.0,"damage_taken":0.0},{"damage_healed":0.0,"max_hp_gain":0.0,"max_hp_loss":0.0,"gold_gain":0.0,"event_name":"The Mausoleum","player_choice":"Ignored","floor":29.0,"gold_loss":0.0,"damage_taken":0.0},{"damage_healed":0.0,"max_hp_gain":0.0,"max_hp_loss":0.0,"gold_gain":0.0,"event_name":"Masked Bandits","player_choice":"Paid Fearfully","floor":31.0,"gold_loss":103.0,"damage_taken":0.0},{"damage_healed":0.0,"max_hp_gain":0.0,"max_hp_loss":0.0,"gold_gain":0.0,"event_name":"Tomb of Lord Red Mask","player_choice":"Paid","floor":36.0,"gold_loss":113.0,"damage_taken":0.0,"relics_obtained":["Red Mask"]},{"damage_healed":0.0,"max_hp_gain":0.0,"max_hp_loss":4.0,"gold_gain":0.0,"event_name":"Winding Halls","player_choice":"Max HP","floor":37.0,"gold_loss":0.0,"damage_taken":0.0},{"damage_healed":0.0,"max_hp_gain":0.0,"max_hp_loss":0.0,"gold_gain":0.0,"event_name":"Wheel of Change","player_choice":"Relic","floor":38.0,"gold_loss":0.0,"damage_taken":0.0},{"damage_healed":0.0,"max_hp_gain":0.0,"max_hp_loss":0.0,"gold_gain":0.0,"event_name":"Mysterious Sphere","player_choice":"Fight","floor":42.0,"gold_loss":0.0,"damage_taken":0.0}],"is_beta":false,"boss_relics":[{"not_picked":["Runic Cube","Calling Bell"],"picked":"Empty Cage"},{"not_picked":["Philosopher\u0027s Stone","Eternal Feather"],"picked":"Cursed Key"}],"items_purged_floors":[13,21],"is_endless":false,"potions_floor_spawned":[1,4,8,20,22,25,33,42,44],"ascension_level":0}