{"gold_per_floor":[209,229,95,108,121,121,153,153,153,179,179,179,179,203,203,299,299,313,313,313,338,17,17,41,41,89,89,214,247,247],"floor_reached":30,"playtime":1746,"items_purged":["Shame"],"score":477,"play_id":"a36214fb-719c-4d20-ad86-e15dcbec3def","local_time":"20181017081334","is_ascension_mode":true,"campfire_choices":[{"data":"Rampage","floor":6.0,"key":"SMITH"},{"data":"Carnage","floor":8.0,"key":"SMITH"},{"floor":15.0,"key":"REST"},{"data":"Immolate","floor":23.0,"key":"SMITH"},{"data":"Perfected Strike","floor":25.0,"key":"SMITH"}],"neow_cost":"NONE","seed_source_timestamp":0,"circlet_count":0,"master_deck":["Strike_R","Strike_R","Strike_R","Strike_R","Strike_R","Defend_R","Defend_R","Defend_R","Defend_R","Bash","AscendersBane","Pummel","Rampage+1","Shrug It Off","Shrug It Off","Pommel Strike","Flex","Immolate+1","Ghostly Armor","Demon Form","Anger+1","Pummel","Flame Barrier","Perfected Strike+1","Heavy Blade","Fiend Fire","Pommel Strike"],"special_seed":0,"relics":["Burning Blood","Vajra","Dead Branch","The Courier","Question Card","Bottled Flame","Golden Idol","Sozu","Ancient Tea Set","Nloth\u0027s Gift","Lee\u0027s Waffle","Regal Pillow","Thread and Needle","Gremlin Horn","Shuriken"],"potions_floor_usage":[],"damage_taken":[{"damage":2.0,"enemies":"Cultist","floor":1.0,"turns":4.0},{"damage":2.0,"enemies":"2 Louse","floor":2.0,"turns":3.0},{"damage":9.0,"enemies":"Jaw Worm","floor":4.0,"turns":3.0},{"damage":1.0,"enemies":"2 Fungi Beasts","floor":5.0,"turns":4.0},{"damage":27.0,"enemies":"Gremlin Nob","floor":7.0,"turns":5.0},{"damage":30.0,"enemies":"Lagavulin","floor":10.0,"turns":5.0},{"damage":0.0,"enemies":"Red Slaver","floor":13.0,"turns":1.0},{"damage":6.0,"enemies":"Blue Slaver","floor":14.0,"turns":3.0},{"damage":40.0,"enemies":"The Guardian","floor":16.0,"turns":12.0},{"damage":25.0,"enemies":"Shell Parasite","floor":18.0,"turns":5.0},{"damage":3.0,"enemies":"Spheric Guardian","floor":21.0,"turns":3.0},{"damage":6.0,"enemies":"Snecko","floor":24.0,"turns":3.0},{"damage":0.0,"enemies":"Colosseum Slavers","floor":28.0,"turns":2.0},{"damage":43.0,"enemies":"Colosseum Nobs","floor":28.0,"turns":4.0},{"damage":32.0,"enemies":"Book of Stabbing","floor":29.0,"turns":5.0},{"damage":0,"enemies":"Centurion and Healer","floor":30,"turns":1}],"seed_played":"2562133794362968958","potions_obtained":[{"floor":1.0,"key":"SmokeBomb"},{"floor":2.0,"key":"Poison Potion"},{"floor":14.0,"key":"EssenceOfSteel"},{"floor":16.0,"key":"Energy Potion"}],"is_trial":false,"path_per_floor":["M","M","$","M","M","R","E","R","T","E","T","?","M","M","R","B",null,"M","?","?","M","$","R","M","R","T","?","?","E"],"character_chosen":"IRONCLAD","items_purchased":["Rampage","Shrug It Off","Lee\u0027s Waffle","Flame Barrier","Perfected Strike"],"campfire_rested":1,"item_purchase_floors":[3,3,22,22,22],"current_hp_per_floor":[72,75,75,72,75,75,54,54,54,30,30,30,36,36,56,22,57,38,38,38,41,75,75,75,75,75,75,38,12,12],"gold":247,"neow_bonus":"HUNDRED_GOLD","is_prod":false,"is_daily":false,"chose_seed":false,"campfire_upgraded":4,"win_rate":0,"timestamp":1539782014,"path_taken":["M","M","$","M","M","R","E","R","T","E","?","?","M","?","R","BOSS","M","?","?","?","$","R","M","R","T","?","?","E","M"],"build_version":"2018-10-11","purchased_purges":1,"victory":false,"max_hp_per_floor":[75,75,75,75,75,75,75,75,75,75,75,68,68,68,68,68,68,68,68,68,68,75,75,75,75,75,75,75,75,75],"card_choices":[{"not_picked":["Evolve","Metallicize"],"picked":"Pummel","floor":1.0},{"not_picked":["Clash","Intimidate"],"picked":"Carnage","floor":2.0},{"not_picked":["Armaments","Searing Blow"],"picked":"Shrug It Off","floor":4.0},{"not_picked":["Clash","Clothesline"],"picked":"Pommel Strike","floor":5.0},{"not_picked":["Rage","Second Wind"],"picked":"Flex","floor":7.0},{"not_picked":["Body Slam","True Grit"],"picked":"Immolate","floor":10.0},{"not_picked":["Pommel Strike","Clash","Reckless Charge"],"picked":"Ghostly Armor","floor":14.0},{"not_picked":["Fiend Fire","Juggernaut","Exhume"],"picked":"Demon Form","floor":16.0},{"not_picked":["Sword Boomerang","Fire Breathing","Clash"],"picked":"Anger+1","floor":18.0},{"not_picked":["Entrench","Havoc","Brutality"],"picked":"Pummel","floor":21.0},{"not_picked":["True Grit","Clash","Hemokinesis"],"picked":"Heavy Blade","floor":24.0},{"not_picked":["Iron Wave","Bloodletting","Thunderclap"],"picked":"Fiend Fire","floor":28.0},{"not_picked":["Wild Strike","Sword Boomerang","Flame Barrier+1"],"picked":"Pommel Strike","floor":29.0}],"player_experience":778424,"relics_obtained":[{"floor":7.0,"key":"Matryoshka"},{"floor":9.0,"key":"Vajra"},{"floor":9.0,"key":"Dead Branch"},{"floor":10.0,"key":"The Courier"},{"floor":11.0,"key":"Question Card"},{"floor":11.0,"key":"Bottled Flame"},{"floor":26.0,"key":"Regal Pillow"},{"floor":28.0,"key":"Thread and Needle"},{"floor":28.0,"key":"Gremlin Horn"},{"floor":29.0,"key":"Shuriken"}],"event_choices":[{"event_name":"Golden Idol","player_choice":"Lose Max HP","floor":12.0,"damage_taken":0.0},{"event_name":"Addict","player_choice":"Stole Relic","floor":19.0,"damage_taken":0.0},{"event_name":"N\u0027loth","player_choice":"Traded a Matryoshka","floor":20.0,"damage_taken":0.0},{"event_name":"Bonfire Elementals","player_choice":"UNCOMMON","floor":27.0,"damage_taken":0.0},{"event_name":"Colosseum","player_choice":"Fight","floor":28.0,"damage_taken":0.0},{"event_name":"Colosseum","player_choice":"Fought Nobs","floor":28.0,"damage_taken":0.0}],"is_beta":false,"boss_relics":[{"not_picked":["Coffee Dripper","Empty Cage"],"picked":"Sozu"}],"items_purged_floors":[22],"is_endless":false,"potions_floor_spawned":[1,2,14,16,24,28],"killed_by":"Centurion and Healer","ascension_level":17}