{"gold_per_floor":[117,141,153,165,197,209,254,266,301,343,355,387,433,457,469,581,593,621,833,858,560,571,571,294,294,294,319,319,333,333,350,350,350],"floor_reached":33,"playtime":2945,"items_purged":[],"score":333,"play_id":"ba202bbd-e72a-4f54-9350-116abb18e008","local_time":"20190315082631","is_ascension_mode":false,"campfire_choices":[{"data":"Zap","floor":6.0,"key":"SMITH"},{"floor":8.0,"key":"REST"},{"data":"Dualcast","floor":11.0,"key":"SMITH"},{"data":"Tempest","floor":15.0,"key":"SMITH"},{"data":"Capacitor","floor":23.0,"key":"SMITH"},{"data":"Thunder Strike","floor":25.0,"key":"SMITH"},{"data":"Creative AI","floor":28.0,"key":"SMITH"},{"floor":32.0,"key":"REST"}],"neow_cost":"NONE","seed_source_timestamp":0,"circlet_count":0,"master_deck":["Strike_B","Strike_B","Strike_B","Strike_B","Defend_B","Defend_B","Defend_B","Defend_B","Zap+1","Dualcast+1","Conserve Battery","Conserve Battery","Conserve Battery","Cold Snap","Self Repair","Self Repair","Creative AI+1","Tempest+1","Thunder Strike+1","Consume+1","Capacitor+1","Conserve Battery","Tempest+1","Lockon+1","Auto Shields","Turbo","Consume"],"special_seed":0,"relics":["Cracked Core","MawBank","Gremlin Horn","Dream Catcher","Omamori","Anchor","Pear","Black Star","Bag of Marbles","DollysMirror","Mercury Hourglass","Smiling Mask","Art of War"],"potions_floor_usage":[],"damage_taken":[{"damage":0.0,"enemies":"Cultist","floor":1.0,"turns":3.0},{"damage":1.0,"enemies":"Jaw Worm","floor":5.0,"turns":3.0},{"damage":34.0,"enemies":"Gremlin Nob","floor":7.0,"turns":4.0},{"damage":11.0,"enemies":"Lagavulin","floor":10.0,"turns":10.0},{"damage":0.0,"enemies":"2 Louse","floor":12.0,"turns":3.0},{"damage":7.0,"enemies":"3 Sentries","floor":13.0,"turns":7.0},{"damage":0.0,"enemies":"Large Slime","floor":14.0,"turns":5.0},{"damage":49.0,"enemies":"Hexaghost","floor":16.0,"turns":14.0},{"damage":0.0,"enemies":"Chosen","floor":18.0,"turns":4.0},{"damage":21.0,"enemies":"Shell Parasite","floor":20.0,"turns":7.0},{"damage":14.0,"enemies":"Centurion and Healer","floor":22.0,"turns":6.0},{"damage":55.0,"enemies":"Slavers","floor":27.0,"turns":4.0},{"damage":0.0,"enemies":"Shelled Parasite and Fungi","floor":29.0,"turns":2.0},{"damage":0.0,"enemies":"Cultist and Chosen","floor":31.0,"turns":4.0},{"damage":0,"enemies":"Collector","floor":33,"turns":1}],"seed_played":"7609138821471995728","potions_obtained":[{"floor":5.0,"key":"SpeedPotion"},{"floor":10.0,"key":"Swift Potion"},{"floor":12.0,"key":"Swift Potion"},{"floor":13.0,"key":"Ancient Potion"},{"floor":16.0,"key":"Poison Potion"},{"floor":22.0,"key":"FocusPotion"},{"floor":29.0,"key":"LiquidBronze"}],"is_trial":false,"path_per_floor":["M","T","T","?","M","R","E","R","T","E","R","M","E","M","R","B",null,"M","?","M","$","M","R","$","R","T","E","R","M","?","M","R","B"],"character_chosen":"DEFECT","items_purchased":["Capacitor","Bag of Marbles","Conserve Battery","Swift Potion","DollysMirror","FocusPotion"],"campfire_rested":2,"item_purchase_floors":[21,21,21,21,24,24],"current_hp_per_floor":[82,82,82,82,81,81,47,71,71,60,60,67,84,91,91,56,92,92,92,85,85,85,85,85,85,85,44,44,44,44,58,85,85],"gold":350,"neow_bonus":"TEN_PERCENT_HP_BONUS","is_prod":false,"is_daily":false,"chose_seed":false,"campfire_upgraded":6,"win_rate":0,"timestamp":1552656391,"path_taken":["M","?","?","?","M","R","E","R","T","E","R","M","E","M","R","BOSS","M","?","M","$","M","R","?","R","T","E","R","M","?","M","R","BOSS"],"build_version":"2019-01-23","purchased_purges":0,"victory":false,"max_hp_per_floor":[82,82,82,82,82,82,82,82,82,82,82,82,92,92,92,92,92,92,92,92,92,92,92,92,92,92,92,92,92,92,92,92,92],"card_choices":[{"not_picked":["Stack","Barrage"],"picked":"Conserve Battery","floor":1.0},{"not_picked":["Melter","Reprogram"],"picked":"Conserve Battery","floor":5.0},{"not_picked":["Compile Driver","Biased Cognition"],"picked":"Conserve Battery","floor":7.0},{"not_picked":["Compile Driver","Capacitor"],"picked":"Cold Snap","floor":8.0},{"not_picked":["Blizzard","Double Energy"],"picked":"Self Repair","floor":10.0},{"not_picked":["White Noise","Redo"],"picked":"Self Repair","floor":12.0},{"not_picked":["Rebound","Go for the Eyes"],"picked":"Creative AI","floor":13.0},{"not_picked":["Chill","Streamline"],"picked":"Tempest","floor":14.0},{"not_picked":["Core Surge","Buffer"],"picked":"Thunder Strike","floor":16.0},{"not_picked":["Melter","Streamline+1","Turbo"],"picked":"SKIP","floor":18.0},{"not_picked":["Heatsinks","Melter"],"picked":"Consume+1","floor":20.0},{"not_picked":["White Noise","Coolheaded","Aggregate"],"picked":"SKIP","floor":22.0},{"not_picked":["Steam Power","Hello World"],"picked":"Lockon+1","floor":27.0},{"not_picked":["Barrage+1","Melter+1"],"picked":"Auto Shields","floor":29.0},{"not_picked":["Recycle","Streamline"],"picked":"Turbo","floor":31.0},{"not_picked":["Coolheaded","Sweeping Beam"],"picked":"Consume","floor":32.0}],"player_experience":1179497,"relics_obtained":[{"floor":2.0,"key":"MawBank"},{"floor":3.0,"key":"Gremlin Horn"},{"floor":7.0,"key":"Dream Catcher"},{"floor":9.0,"key":"Omamori"},{"floor":10.0,"key":"Anchor"},{"floor":13.0,"key":"Pear"},{"floor":26.0,"key":"Mercury Hourglass"},{"floor":27.0,"key":"Smiling Mask"},{"floor":27.0,"key":"Art of War"}],"event_choices":[{"damage_healed":0.0,"max_hp_gain":0.0,"max_hp_loss":0.0,"gold_gain":0.0,"event_name":"The Woman in Blue","player_choice":"Bought 0 Potions","floor":4.0,"gold_loss":0.0,"damage_taken":0.0},{"damage_healed":0.0,"max_hp_gain":0.0,"max_hp_loss":0.0,"gold_gain":200.0,"event_name":"Wheel of Change","player_choice":"Gold","floor":19.0,"gold_loss":0.0,"damage_taken":0.0},{"damage_healed":0.0,"max_hp_gain":0.0,"max_hp_loss":0.0,"gold_gain":0.0,"event_name":"Ghosts","player_choice":"Ignored","floor":30.0,"gold_loss":0.0,"damage_taken":0.0}],"is_beta":false,"boss_relics":[{"not_picked":["Astrolabe","Runic Dome"],"picked":"Black Star"}],"items_purged_floors":[],"is_endless":false,"potions_floor_spawned":[5,10,12,13,16,22,27,29],"killed_by":"Collector","ascension_level":0}