{"gold_per_floor":[367,367,185,195,206,241,10,10,33,46,64,64,79,94,94,189,189,204,216,226,62,62,62,77,77,77,77,89,89,14,31,31,31],"floor_reached":33,"playtime":3480,"items_purged":["Writhe"],"score":276,"play_id":"46911d23-d080-465a-80d6-56ff76e7775b","local_time":"20190629010128","is_ascension_mode":false,"campfire_choices":[{"floor":8,"key":"REST"},{"floor":15,"key":"REST"},{"floor":23,"key":"REST"},{"data":"1","floor":27,"key":"LIFT"},{"data":"2","floor":29,"key":"LIFT"},{"floor":32,"key":"REST"}],"neow_cost":"TEN_PERCENT_HP_LOSS","seed_source_timestamp":1846356566162128,"circlet_count":0,"master_deck":["Strike_B","Strike_B","Strike_B","Defend_B","Defend_B","Defend_B","Defend_B","Zap","Dualcast","Cold Snap","Loop","Blizzard","Hologram","FTL","Sweeping Beam","Loop","Chill","Steam","FTL","Blizzard","Melter","Sweeping Beam","Leap","Conserve Battery","Multi-Cast","FTL+1","Glacier","FTL","Capacitor","Flash of Steel","Loop+1","Shame","Sweeping Beam","Conserve Battery"],"relics":["Cracked Core","Blood Vial","Darkstone Periapt","Happy Flower","Nuclear Battery","Unceasing Top","Anchor","Girya"],"potions_floor_usage":[33,33,33],"damage_taken":[{"damage":1,"enemies":"Jaw Worm","floor":1,"turns":4},{"damage":9,"enemies":"2 Louse","floor":4,"turns":2},{"damage":0,"enemies":"Small Slimes","floor":5,"turns":5},{"damage":36,"enemies":"3 Sentries","floor":6,"turns":8},{"damage":2,"enemies":"Looter","floor":10,"turns":3},{"damage":3,"enemies":"Red Slaver","floor":11,"turns":3},{"damage":4,"enemies":"Blue Slaver","floor":13,"turns":3},{"damage":0,"enemies":"3 Louse","floor":14,"turns":3},{"damage":26,"enemies":"Slime Boss","floor":16,"turns":13},{"damage":12,"enemies":"Chosen","floor":18,"turns":7},{"damage":27,"enemies":"2 Thieves","floor":19,"turns":4},{"damage":24,"enemies":"Snake Plant","floor":20,"turns":4},{"damage":22,"enemies":"Snecko","floor":24,"turns":7},{"damage":12,"enemies":"Shelled Parasite and Fungi","floor":28,"turns":8},{"damage":12,"enemies":"Snake Plant","floor":31,"turns":4},{"damage":49,"enemies":"Champ","floor":33,"turns":9}],"seed_played":"4639039171046253052","potions_obtained":[{"floor":6,"key":"SpeedPotion"},{"floor":13,"key":"Poison Potion"},{"floor":14,"key":"SteroidPotion"},{"floor":18,"key":"SkillPotion"},{"floor":28,"key":"Regen Potion"},{"floor":31,"key":"Strength Potion"}],"is_trial":false,"path_per_floor":["M","?","$","M","M","E","$","R","T","M","M","?","M","M","R","B",null,"M","M","M","$","?","R","M","?","T","R","M","R","$","M","R","B"],"character_chosen":"DEFECT","items_purchased":["Loop","Blizzard","Hologram","Chill","Steam","FTL","Blizzard","Capacitor","Flash of Steel"],"campfire_rested":4,"item_purchase_floors":[3,3,3,7,7,7,7,21,21],"current_hp_per_floor":[67,55,55,48,50,16,16,36,36,36,35,28,26,28,48,24,68,56,31,9,9,15,37,17,23,23,23,13,13,13,3,27,0],"gold":31,"neow_bonus":"TWO_FIFTY_GOLD","is_prod":false,"is_daily":false,"chose_seed":false,"campfire_upgraded":0,"win_rate":0.0,"timestamp":1561791688,"path_taken":["M","?","$","M","M","E","$","R","T","M","M","?","M","M","R","BOSS","M","M","M","$","?","R","M","?","T","R","M","R","$","M","R","BOSS"],"build_version":"2019-01-23","purchased_purges":1,"victory":false,"max_hp_per_floor":[68,68,68,68,68,68,68,68,68,68,68,68,68,68,68,68,68,68,68,68,68,74,74,74,80,80,80,80,80,80,80,80,80],"card_choices":[{"not_picked":["Compile Driver","Beam Cell"],"picked":"Cold Snap","floor":1},{"not_picked":["Fusion","Stack"],"picked":"FTL","floor":4},{"not_picked":["Hologram","Stack"],"picked":"Sweeping Beam","floor":5},{"not_picked":["Tempest","Compile Driver"],"picked":"Loop","floor":6},{"not_picked":["Gash","Storm"],"picked":"Melter","floor":10},{"not_picked":["Hologram","Beam Cell"],"picked":"Sweeping Beam","floor":11},{"not_picked":["Sweeping Beam","Rip and Tear"],"picked":"Leap","floor":13},{"not_picked":["Chill","Steam Power"],"picked":"Conserve Battery","floor":14},{"not_picked":["Meteor Strike","Amplify"],"picked":"Multi-Cast","floor":16},{"not_picked":["Conserve Battery+1","Barrage"],"picked":"FTL+1","floor":18},{"not_picked":["Chaos","Scrape+1"],"picked":"Glacier","floor":19},{"not_picked":["Conserve Battery","Rebound"],"picked":"FTL","floor":20},{"not_picked":["Streamline","Sweeping Beam"],"picked":"Loop+1","floor":24},{"not_picked":["Static Discharge","Stack"],"picked":"Sweeping Beam","floor":28},{"not_picked":["Sweeping Beam","Steam Power"],"picked":"Conserve Battery","floor":31}],"player_experience":33671,"relics_obtained":[{"floor":6,"key":"Darkstone Periapt"},{"floor":9,"key":"Happy Flower"},{"floor":26,"key":"Girya"}],"event_choices":[{"damage_healed":0,"gold_gain":0,"player_choice":"Success","damage_taken":12,"relics_obtained":["Blood Vial"],"max_hp_gain":0,"max_hp_loss":0,"event_name":"Scrap Ooze","floor":2,"gold_loss":0},{"cards_removed":["Strike_B"],"damage_healed":0,"gold_gain":0,"player_choice":"Card Removal","damage_taken":7,"max_hp_gain":0,"max_hp_loss":0,"event_name":"Golden Wing","floor":12,"gold_loss":0},{"damage_healed":0,"gold_gain":0,"player_choice":"Opened","damage_taken":0,"relics_obtained":["Unceasing Top"],"max_hp_gain":0,"max_hp_loss":0,"event_name":"The Mausoleum","floor":22,"gold_loss":0,"cards_obtained":["Writhe"]},{"damage_healed":0,"gold_gain":0,"player_choice":"Stole Relic","damage_taken":0,"relics_obtained":["Anchor"],"max_hp_gain":0,"max_hp_loss":0,"event_name":"Addict","floor":25,"gold_loss":0,"cards_obtained":["Shame"]}],"is_beta":false,"boss_relics":[{"not_picked":["Busted Crown","White Beast Statue"],"picked":"Nuclear Battery"}],"items_purged_floors":[30],"is_endless":false,"potions_floor_spawned":[6,13,14,18,20,28,31],"killed_by":"Champ","ascension_level":0}