{"gold_per_floor":[114,133,143,193,213,213,229,257,329,329,362,362,386,386,386,461,461,481,267,192,227,239,239],"floor_reached":23,"playtime":1134,"items_purged":["Strike_B"],"score":398,"play_id":"399aaee4-617f-410a-ae50-8c5675f364f2","local_time":"20190703004056","is_ascension_mode":true,"campfire_choices":[{"data":"Static Discharge","floor":6,"key":"SMITH"},{"data":"Zap","floor":10,"key":"SMITH"},{"data":"Darkness","floor":15,"key":"SMITH"}],"neow_cost":"NONE","seed_source_timestamp":42862755470748,"circlet_count":0,"master_deck":["AscendersBane","Strike_B","Strike_B","Defend_B","Defend_B","Defend_B","Defend_B","Zap+1","Dualcast","Hologram","Compile Driver","Static Discharge+1","Cold Snap","Echo Form","Darkness+1","White Noise","Biased Cognition","Coolheaded","Defragment","Conserve Battery+1"],"relics":["Coffee Dripper","Juzu Bracelet","Turnip","Odd Mushroom","Inserter","Red Mask"],"potions_floor_usage":[8,13,16,21,23],"damage_taken":[{"damage":2,"enemies":"Jaw Worm","floor":1,"turns":4},{"damage":6,"enemies":"Cultist","floor":2,"turns":4},{"damage":0,"enemies":"2 Louse","floor":3,"turns":3},{"damage":9,"enemies":"Large Slime","floor":5,"turns":6},{"damage":2,"enemies":"Looter","floor":7,"turns":2},{"damage":24,"enemies":"Gremlin Nob","floor":8,"turns":4},{"damage":6,"enemies":"Lagavulin","floor":11,"turns":5},{"damage":4,"enemies":"The Mushroom Lair","floor":13,"turns":4},{"damage":8,"enemies":"Hexaghost","floor":16,"turns":8},{"damage":8,"enemies":"3 Byrds","floor":18,"turns":1},{"damage":4,"enemies":"Masked Bandits","floor":21,"turns":5},{"damage":0,"enemies":"Shell Parasite","floor":22,"turns":7},{"damage":55,"enemies":"Slavers","floor":23,"turns":3}],"seed_played":"6522234975113381820","potions_obtained":[{"floor":5,"key":"Explosive Potion"},{"floor":8,"key":"Poison Potion"},{"floor":11,"key":"Block Potion"},{"floor":13,"key":"Ancient Potion"},{"floor":16,"key":"FocusPotion"},{"floor":22,"key":"Swift Potion"}],"is_trial":false,"path_per_floor":["M","M","M","?","M","R","M","E","T","R","E","?","?","?","R","B",null,"M","$","?","?","M","E"],"character_chosen":"DEFECT","items_purchased":["Coolheaded","Defragment"],"campfire_rested":0,"item_purchase_floors":[19,19],"current_hp_per_floor":[62,56,56,56,47,47,45,21,21,21,15,15,11,11,11,3,54,46,46,46,42,42,0],"gold":239,"neow_bonus":"BOSS_RELIC","is_prod":false,"is_daily":false,"chose_seed":false,"campfire_upgraded":3,"win_rate":0,"timestamp":1562107256,"path_taken":["M","M","M","?","M","R","M","E","T","R","E","?","?","?","R","BOSS","M","$","?","?","M","E"],"build_version":"2019-07-01","purchased_purges":1,"victory":false,"max_hp_per_floor":[71,71,71,71,71,71,71,71,71,71,71,71,71,71,71,71,71,71,71,71,71,71,71],"card_choices":[{"not_picked":["Turbo","Double Energy"],"picked":"Hologram","floor":1},{"not_picked":["Scrape","Stack"],"picked":"Compile Driver","floor":2},{"not_picked":["Melter","Hologram"],"picked":"Static Discharge","floor":3},{"not_picked":["Skim","Compile Driver"],"picked":"Cold Snap","floor":5},{"not_picked":["Compile Driver","Reinforced Body"],"picked":"Echo Form","floor":7},{"not_picked":["Redo","Fusion","Conserve Battery"],"picked":"SKIP","floor":8},{"not_picked":["Barrage","Turbo"],"picked":"Darkness","floor":11},{"not_picked":["Beam Cell","Steam"],"picked":"White Noise","floor":13},{"not_picked":["Amplify","Buffer"],"picked":"Biased Cognition","floor":16},{"not_picked":["Heatsinks","Redo","Go for the Eyes"],"picked":"SKIP","floor":18},{"not_picked":["Compile Driver+1","Reinforced Body"],"picked":"Conserve Battery+1","floor":21},{"not_picked":["Hello World","Static Discharge","Turbo"],"picked":"SKIP","floor":22}],"player_experience":1458005,"relics_obtained":[{"floor":8,"key":"Juzu Bracelet"},{"floor":11,"key":"Turnip"},{"floor":13,"key":"Odd Mushroom"},{"floor":21,"key":"Red Mask"}],"event_choices":[{"damage_healed":0,"gold_gain":50,"player_choice":"Pray","damage_taken":0,"max_hp_gain":0,"max_hp_loss":0,"event_name":"Golden Shrine","floor":4,"gold_loss":0},{"damage_healed":0,"gold_gain":0,"player_choice":"Ignored","damage_taken":0,"max_hp_gain":0,"max_hp_loss":0,"event_name":"Shining Light","floor":12,"gold_loss":0},{"damage_healed":0,"gold_gain":0,"player_choice":"Fought Mushrooms","damage_taken":0,"max_hp_gain":0,"max_hp_loss":0,"event_name":"Mushrooms","floor":13,"gold_loss":0},{"damage_healed":0,"gold_gain":0,"player_choice":"Ignored","damage_taken":0,"max_hp_gain":0,"max_hp_loss":0,"event_name":"Liars Game","floor":14,"gold_loss":0},{"cards_removed":["Strike_B"],"damage_healed":0,"gold_gain":0,"player_choice":"Gave Gold","damage_taken":0,"max_hp_gain":0,"max_hp_loss":0,"event_name":"Beggar","floor":20,"gold_loss":75},{"damage_healed":0,"gold_gain":0,"player_choice":"Fought Bandits","damage_taken":0,"max_hp_gain":0,"max_hp_loss":0,"event_name":"Masked Bandits","floor":21,"gold_loss":0}],"is_beta":false,"boss_relics":[{"not_picked":["Fusion Hammer","Astrolabe"],"picked":"Inserter"}],"items_purged_floors":[19],"is_endless":false,"potions_floor_spawned":[5,8,11,13,16,22],"killed_by":"Slavers","ascension_level":20}