{"gold_per_floor":[113,113,213,223,240,269,269,1,26,45,65,65,140,164,164,266,266,283,302,302,322,322,322],"floor_reached":23,"playtime":2204,"items_purged":[],"score":189,"play_id":"6396ac26-4d76-4451-b83e-1275e127e713","local_time":"20190226133042","is_ascension_mode":false,"campfire_choices":[{"data":"Rampage","floor":7,"key":"SMITH"},{"data":"Perfected Strike","floor":12,"key":"SMITH"},{"data":"Perfected Strike","floor":15,"key":"SMITH"}],"neow_cost":"NONE","seed_source_timestamp":1746486571996334,"circlet_count":0,"master_deck":["Strike_R","Strike_R","Strike_R","Strike_R","Strike_R","Defend_R","Defend_R","Defend_R","Defend_R","Bash","Rampage+1","Perfected Strike+1","Perfected Strike+1","Cleave","Rampage+1","Inflame","Iron Wave","Cleave","Fiend Fire","Battle Trance","Pommel Strike","Shrug It Off","Wild Strike","Flame Barrier","Sentinel+1","Whirlwind","RitualDagger","Feed"],"relics":["Burning Blood","Strawberry","ClockworkSouvenir","Odd Mushroom","Smiling Mask","Orrery","MutagenicStrength"],"potions_floor_usage":[6,16,16,16,23],"damage_taken":[{"damage":5,"enemies":"2 Louse","floor":1,"turns":3},{"damage":0,"enemies":"Cultist","floor":4,"turns":2},{"damage":6,"enemies":"Jaw Worm","floor":5,"turns":3},{"damage":14,"enemies":"Gremlin Nob","floor":6,"turns":3},{"damage":6,"enemies":"Exordium Wildlife","floor":10,"turns":3},{"damage":9,"enemies":"The Mushroom Lair","floor":11,"turns":4},{"damage":48,"enemies":"Hexaghost","floor":16,"turns":6},{"damage":10,"enemies":"Chosen","floor":18,"turns":3},{"damage":25,"enemies":"2 Thieves","floor":19,"turns":4},{"damage":37,"enemies":"Sentry and Sphere","floor":21,"turns":5},{"damage":33,"enemies":"Slavers","floor":23,"turns":3}],"seed_played":"-7625025849781526730","potions_obtained":[{"floor":5,"key":"AttackPotion"},{"floor":6,"key":"Poison Potion"},{"floor":10,"key":"Strength Potion"},{"floor":11,"key":"SteroidPotion"},{"floor":19,"key":"Ancient Potion"}],"is_trial":false,"path_per_floor":["M","?","?","M","M","E","R","$","T","M","?","R","?","T","R","B",null,"M","M","?","M","?","E"],"character_chosen":"IRONCLAD","items_purchased":["ClockworkSouvenir","Inflame"],"campfire_rested":0,"item_purchase_floors":[8,8],"current_hp_per_floor":[80,80,80,80,80,79,79,79,79,79,76,76,65,65,65,23,87,83,64,58,27,27,0],"gold":322,"neow_bonus":"THREE_CARDS","is_prod":false,"is_daily":false,"chose_seed":false,"campfire_upgraded":3,"win_rate":0,"timestamp":1551209442,"path_taken":["M","?","?","M","?","E","R","?","T","M","?","R","?","?","R","BOSS","M","?","?","M","?","E"],"build_version":"2019-01-23","purchased_purges":0,"victory":false,"max_hp_per_floor":[80,80,80,80,80,87,87,87,87,87,87,87,87,87,87,87,87,87,87,87,87,87,90],"card_choices":[{"not_picked":["Heavy Blade","Thunderclap"],"picked":"Rampage","floor":0},{"not_picked":["Entrench","Combust"],"picked":"Perfected Strike","floor":1},{"not_picked":["Bloodletting","Blood for Blood"],"picked":"Perfected Strike","floor":4},{"not_picked":["Hemokinesis","Blood for Blood"],"picked":"Cleave","floor":5},{"not_picked":["Sword Boomerang","Barricade"],"picked":"Rampage","floor":6},{"not_picked":["Reckless Charge","Corruption"],"picked":"Iron Wave","floor":10},{"not_picked":["Iron Wave","Thunderclap"],"picked":"Cleave","floor":11},{"not_picked":["Bludgeon","Juggernaut"],"picked":"Fiend Fire","floor":16},{"not_picked":["Rage","Armaments"],"picked":"Battle Trance","floor":17},{"not_picked":["Disarm","Sword Boomerang"],"picked":"Pommel Strike","floor":17},{"not_picked":["Iron Wave","Anger"],"picked":"Shrug It Off","floor":17},{"not_picked":["Carnage","Sword Boomerang"],"picked":"Wild Strike","floor":17},{"not_picked":["Clash","Cleave"],"picked":"Flame Barrier","floor":17},{"not_picked":["Sword Boomerang","Clothesline"],"picked":"Sentinel+1","floor":18},{"not_picked":["Hemokinesis","Rupture+1"],"picked":"Whirlwind","floor":19},{"not_picked":["Uppercut","Second Wind+1"],"picked":"Feed","floor":21}],"player_experience":1114906,"relics_obtained":[{"floor":6,"key":"Strawberry"},{"floor":11,"key":"Odd Mushroom"},{"floor":14,"key":"Smiling Mask"}],"event_choices":[{"damage_healed":0,"gold_gain":0,"player_choice":"Grow","damage_taken":0,"max_hp_gain":0,"max_hp_loss":0,"event_name":"Living Wall","floor":2,"gold_loss":0,"cards_upgraded":["Rampage"]},{"damage_healed":0,"gold_gain":100,"player_choice":"Pray","damage_taken":0,"max_hp_gain":0,"max_hp_loss":0,"event_name":"Golden Shrine","floor":3,"gold_loss":0},{"damage_healed":0,"gold_gain":0,"player_choice":"Fought Mushrooms","damage_taken":0,"max_hp_gain":0,"max_hp_loss":0,"event_name":"Mushrooms","floor":11,"gold_loss":0},{"damage_healed":0,"gold_gain":75,"player_choice":"Gather Gold","damage_taken":11,"max_hp_gain":0,"max_hp_loss":0,"event_name":"World of Goop","floor":13,"gold_loss":0},{"damage_healed":0,"gold_gain":0,"player_choice":"Joined the Cult","damage_taken":6,"max_hp_gain":0,"max_hp_loss":0,"event_name":"Nest","floor":20,"gold_loss":0,"cards_obtained":["RitualDagger"]},{"damage_healed":0,"gold_gain":0,"player_choice":"Inject Mutagens","damage_taken":0,"relics_obtained":["MutagenicStrength"],"max_hp_gain":0,"max_hp_loss":0,"event_name":"Drug Dealer","floor":22,"gold_loss":0}],"is_beta":false,"boss_relics":[{"not_picked":["Black Star","Runic Pyramid"],"picked":"Orrery"}],"items_purged_floors":[],"is_endless":false,"potions_floor_spawned":[5,6,10,11,19],"killed_by":"Slavers","ascension_level":0}