{"gold_per_floor":[109,119,119,119,143,187,187,226,226,226,239,258,258,333,333,333],"floor_reached":16,"playtime":1200,"items_purged":[],"score":149,"play_id":"4d9fe757-8fdb-4247-b5df-66e6f2a056f8","local_time":"20180829131048","is_ascension_mode":true,"campfire_choices":[{"floor":7,"key":"REST"},{"floor":10,"key":"REST"},{"data":"Dagger Spray","floor":13,"key":"SMITH"},{"floor":15,"key":"REST"}],"neow_cost":"NONE","seed_source_timestamp":1376077052379179,"circlet_count":0,"master_deck":["Defend_G","Defend_G","Defend_G","Defend_G","Defend_G","Strike_G","Strike_G","Strike_G","Strike_G","Strike_G","Survivor","Neutralize","Flying Knee","Poisoned Stab+1","Cloak And Dagger","Dagger Spray+1","Flying Knee","Sucker Punch","Acrobatics"],"relics":["Ring of the Snake","Golden Idol","Gremlin Horn","Boot","Smiling Mask"],"potions_floor_usage":[6,16],"damage_taken":[{"damage":10,"enemies":"Cultist","floor":1,"turns":6},{"damage":4,"enemies":"2 Louse","floor":2,"turns":3},{"damage":0,"enemies":"Jaw Worm","floor":5,"turns":3},{"damage":17,"enemies":"Lagavulin","floor":6,"turns":6},{"damage":22,"enemies":"3 Sentries","floor":8,"turns":11},{"damage":2,"enemies":"2 Fungi Beasts","floor":11,"turns":3},{"damage":3,"enemies":"Blue Slaver","floor":12,"turns":3},{"damage":41,"enemies":"Hexaghost","floor":16,"turns":9}],"seed_played":"4720788172682870907","potions_obtained":[{"floor":2,"key":"Fire Potion"},{"floor":11,"key":"Explosive Potion"},{"floor":12,"key":"Swift Potion"}],"is_trial":false,"path_per_floor":["M","M","?","?","M","E","R","E","T","R","M","M","R","?","R"],"character_chosen":"THE_SILENT","items_purchased":[],"campfire_rested":3,"item_purchase_floors":[],"current_hp_per_floor":[60,56,56,56,56,39,60,38,38,59,57,54,54,43,64,23],"gold":333,"neow_bonus":"TEN_PERCENT_HP_BONUS","is_prod":false,"is_daily":false,"chose_seed":false,"campfire_upgraded":1,"win_rate":0,"timestamp":1535566248,"path_taken":["M","?","?","?","M","E","R","E","T","R","M","?","R","?","R","BOSS"],"build_version":"2018-08-23v2","purchased_purges":0,"victory":false,"max_hp_per_floor":[77,77,77,71,71,71,71,71,71,71,71,71,71,71,71,71],"card_choices":[{"not_picked":["Dodge and Roll","Deflect"],"picked":"Flying Knee","floor":1},{"not_picked":["Reflex","Underhanded Strike"],"picked":"Poisoned Stab","floor":2},{"not_picked":["Deadly Poison","Backstab"],"picked":"Cloak And Dagger","floor":5},{"not_picked":["Well Laid Plans","Malaise"],"picked":"Dagger Spray","floor":6},{"not_picked":["Expertise","Concentrate"],"picked":"Flying Knee","floor":8},{"not_picked":["Concentrate","Deadly Poison"],"picked":"Sucker Punch","floor":11},{"not_picked":["Tactician","Venomology"],"picked":"Acrobatics","floor":12}],"player_experience":558437,"relics_obtained":[{"floor":6,"key":"Gremlin Horn"},{"floor":8,"key":"Boot"},{"floor":9,"key":"Smiling Mask"}],"event_choices":[{"event_name":"Upgrade Shrine","player_choice":"Upgraded","floor":3,"damage_taken":0},{"event_name":"Golden Idol","player_choice":"Lose Max HP","floor":4,"damage_taken":0},{"event_name":"World of Goop","player_choice":"Gather Gold","floor":14,"damage_taken":0}],"is_beta":false,"boss_relics":[],"items_purged_floors":[],"is_endless":false,"potions_floor_spawned":[2,11,12],"killed_by":"Hexaghost","ascension_level":7}