{"gold_per_floor":[14,25,25,37,62,89,106,31,112,67,67,85,102,120,120,219,219,238,249,249,297,197,197,225,257,257,257,271,291,309,323,323,427,427,447,447,447,464,518,518,359,375,421,434,445,445,460,460],"floor_reached":48,"playtime":3478,"items_purged":["Defend_R","Strike_R","Strike_R"],"score":658,"play_id":"145f6db0-285d-4a93-8e34-2d64dcb174b6","local_time":"20180712145238","is_ascension_mode":false,"campfire_choices":[{"floor":15,"key":"REST"},{"data":"Searing Blow+1","floor":23,"key":"SMITH"},{"floor":27,"key":"REST"},{"floor":32,"key":"REST"},{"floor":40,"key":"REST"}],"neow_cost":"NO_GOLD","seed_source_timestamp":1375904203144917,"circlet_count":0,"master_deck":["Strike_R","Strike_R","Defend_R","Defend_R","Defend_R","Bash","Demon Form","Twin Strike","Metallicize","Iron Wave","Heavy Blade","Searing Blow+2","Pommel Strike","Cleave+1","Whirlwind","Flex+1","Feed","Cleave+1","Writhe","Heavy Blade","Twin Strike+1","Inflame","Shrug It Off+1","Flash of Steel","Mind Blast"],"relics":["Burning Blood","Lantern","Mango","Gremlin Horn","Busted Crown","Blood Vial","Magic Flower","Red Mask","Dodecahedron","Sozu","Prayer Wheel","Champion Belt","Vajra"],"potions_floor_usage":[16,16,16,16,25,25,30,33,33],"damage_taken":[{"damage":1,"enemies":"Cultist","floor":1,"turns":4},{"damage":0,"enemies":"Small Slimes","floor":2,"turns":4},{"damage":7,"enemies":"Jaw Worm","floor":4,"turns":4},{"damage":28,"enemies":"Gremlin Nob","floor":6,"turns":5},{"damage":16,"enemies":"Blue Slaver","floor":7,"turns":5},{"damage":5,"enemies":"Looter","floor":12,"turns":4},{"damage":5,"enemies":"Lots of Slimes","floor":13,"turns":4},{"damage":14,"enemies":"3 Louse","floor":14,"turns":3},{"damage":42,"enemies":"The Guardian","floor":16,"turns":9},{"damage":17,"enemies":"Spheric Guardian","floor":18,"turns":5},{"damage":15,"enemies":"2 Thieves","floor":19,"turns":4},{"damage":51,"enemies":"Slavers","floor":24,"turns":5},{"damage":22,"floor":25,"turns":5},{"damage":5,"enemies":"3 Cultists","floor":28,"turns":5},{"damage":19,"enemies":"Snecko","floor":29,"turns":5},{"damage":11,"enemies":"Centurion and Healer","floor":30,"turns":6},{"damage":15,"enemies":"Snake Plant","floor":31,"turns":3},{"damage":72,"enemies":"Champ","floor":33,"turns":9},{"damage":27,"enemies":"3 Shapes","floor":35,"turns":1},{"damage":22,"floor":36,"turns":5},{"damage":26,"enemies":"3 Darklings","floor":38,"turns":5},{"damage":44,"floor":39,"turns":4},{"damage":26,"enemies":"4 Shapes","floor":42,"turns":4},{"damage":43,"enemies":"Sphere and 2 Shapes","floor":44,"turns":4},{"damage":35,"enemies":"Maw","floor":45,"turns":6},{"damage":9,"enemies":"3 Darklings","floor":47,"turns":5},{"damage":12,"enemies":"Sphere and 2 Shapes","floor":48,"turns":1}],"seed_played":"2103128965321413228","potions_obtained":[{"floor":2,"key":"SteroidPotion"},{"floor":4,"key":"EntropicBrew"},{"floor":11,"key":"EssenceOfSteel"},{"floor":11,"key":"LiquidBronze"},{"floor":24,"key":"Strength Potion"},{"floor":25,"key":"Dexterity Potion"},{"floor":29,"key":"SkillPotion"},{"floor":33,"key":"Dexterity Potion"}],"is_trial":false,"path_per_floor":["M","M","?","M","T","E","M","$","T","$","?","M","M","M","R","B",null,"M","M","?","T","$","R","E","?","T","R","M","M","M","M","R","B",null,"M","?","?","M","?","R","$","M","T","M","M","?","M"],"character_chosen":"IRONCLAD","items_purchased":["Heavy Blade","Inflame"],"campfire_rested":4,"item_purchase_floors":[10,41],"current_hp_per_floor":[80,80,80,79,79,71,61,61,61,61,61,62,63,55,83,47,94,83,74,74,74,74,74,31,21,21,49,56,49,50,47,75,15,94,76,66,90,76,49,78,78,69,69,43,20,15,18,9],"gold":460,"neow_bonus":"THREE_RARE_CARDS","is_prod":false,"is_daily":false,"chose_seed":false,"campfire_upgraded":1,"win_rate":0,"timestamp":1531425158,"path_taken":["M","?","?","M","?","E","M","$","T","?","?","M","?","M","R","BOSS","M","M","?","?","$","R","E","?","T","R","M","?","M","?","R","BOSS","M","?","?","M","?","R","$","?","T","?","M","?","M","M"],"build_version":"2018-07-05","purchased_purges":3,"victory":false,"max_hp_per_floor":[80,80,80,80,80,94,94,94,94,94,94,94,94,94,94,94,94,94,94,94,94,94,94,94,94,94,94,94,94,94,94,94,94,94,94,94,94,94,97,97,97,100,100,103,103,103,103,103],"card_choices":[{"not_picked":["Juggernaut","Impervious"],"picked":"Demon Form","floor":0},{"not_picked":["Sentinel","Second Wind"],"picked":"Twin Strike","floor":1},{"not_picked":["Shockwave","Thunderclap","Sword Boomerang"],"picked":"SKIP","floor":2},{"not_picked":["Carnage","Armaments"],"picked":"Iron Wave","floor":4},{"not_picked":["Thunderclap","Anger","Impervious"],"picked":"SKIP","floor":6},{"not_picked":["Clothesline","Hemokinesis","Burning Pact"],"picked":"SKIP","floor":7},{"not_picked":["Anger","Burning Pact"],"picked":"Searing Blow","floor":12},{"not_picked":["Combust","Carnage"],"picked":"Pommel Strike","floor":13},{"not_picked":["Wild Strike","Anger","Rupture"],"picked":"SKIP","floor":14},{"not_picked":["Wild Strike"],"picked":"SKIP","floor":18},{"not_picked":["Perfected Strike"],"picked":"SKIP","floor":19},{"not_picked":["Warcry"],"picked":"SKIP","floor":24},{"not_picked":["Sword Boomerang+1"],"picked":"SKIP","floor":28},{"not_picked":[],"picked":"Cleave+1","floor":29},{"not_picked":[],"picked":"Whirlwind","floor":30},{"not_picked":[],"picked":"Flex+1","floor":31},{"not_picked":[],"picked":"Feed","floor":33},{"not_picked":[],"picked":"Cleave+1","floor":35},{"not_picked":[],"picked":"Heavy Blade","floor":38},{"not_picked":["Armaments+1"],"picked":"SKIP","floor":38},{"not_picked":[],"picked":"Twin Strike+1","floor":39},{"not_picked":["Sever Soul"],"picked":"SKIP","floor":42},{"not_picked":["Armaments+1"],"picked":"SKIP","floor":42},{"not_picked":["Sword Boomerang"],"picked":"SKIP","floor":44},{"not_picked":["Entrench"],"picked":"SKIP","floor":44},{"not_picked":[],"picked":"Shrug It Off+1","floor":45},{"not_picked":["Clash+1"],"picked":"SKIP","floor":45},{"not_picked":[],"picked":"Flash of Steel","floor":46},{"not_picked":[],"picked":"Mind Blast","floor":46},{"not_picked":["Intimidate+1"],"picked":"SKIP","floor":47},{"not_picked":["Double Tap"],"picked":"SKIP","floor":47}],"player_experience":163174,"relics_obtained":[{"floor":5,"key":"Lantern"},{"floor":6,"key":"Mango"},{"floor":9,"key":"Gremlin Horn"},{"floor":21,"key":"Blood Vial"},{"floor":24,"key":"Magic Flower"},{"floor":25,"key":"Red Mask"},{"floor":26,"key":"Dodecahedron"},{"floor":36,"key":"Prayer Wheel"},{"floor":39,"key":"Champion Belt"},{"floor":43,"key":"Vajra"}],"event_choices":[{"event_name":"Transmorgrifier","player_choice":"Transform","floor":3,"damage_taken":0},{"event_name":"The Lab","player_choice":"Got Potions","floor":11,"damage_taken":0},{"event_name":"Upgrade Shrine","player_choice":"Upgraded","floor":20,"damage_taken":0},{"event_name":"Masked Bandits","player_choice":"Fought over 225 gold","floor":25,"damage_taken":0},{"event_name":"MindBloom","player_choice":"Fight","floor":36,"damage_taken":0},{"event_name":"Winding Halls","player_choice":"Writhe","floor":37,"damage_taken":0},{"event_name":"Mysterious Sphere","player_choice":"Fight","floor":39,"damage_taken":0},{"event_name":"SensoryStone","player_choice":"Memory 2","floor":46,"damage_taken":0}],"boss_relics":[{"not_picked":["Runic Cube","Calling Bell"],"picked":"Busted Crown"},{"not_picked":["Runic Dome","Empty Cage"],"picked":"Sozu"}],"items_purged_floors":[8,22,41],"is_endless":false,"potions_floor_spawned":[2,4,14,24,25,29,33,36,38,39,42,44],"killed_by":"Sphere and 2 Shapes","ascension_level":0}