{"gold_per_floor":[113,130,150,150,325,325,353,353,353,52,52,70,70,84,84,182,182,201,186,261,276,69,96,96],"floor_reached":24,"playtime":2176,"items_purged":[],"score":216,"play_id":"eadd351e-c92c-4ed5-86d6-3876a6bd2108","local_time":"20190609171649","is_ascension_mode":false,"campfire_choices":[{"data":"Conserve Battery","floor":6.0,"key":"SMITH"},{"floor":8.0,"key":"REST"},{"floor":13.0,"key":"DIG"},{"floor":15.0,"key":"DIG"}],"neow_cost":"NONE","seed_source_timestamp":0,"circlet_count":0,"master_deck":["Strike_B","Strike_B","Strike_B","Strike_B","Defend_B+1","Defend_B","Defend_B","Defend_B","Zap","Dualcast","Conserve Battery+1","Coolheaded+1","Gash","Doubt","Skim","Coolheaded","Cold Snap","Buffer","Ball Lightning","Gash","Buffer"],"special_seed":0,"relics":["Cracked Core","Cables","Ornamental Fan","Shovel","Mercury Hourglass","Blue Candle","Inserter","Membership Card","Happy Flower"],"potions_floor_usage":[19,21],"damage_taken":[{"damage":0.0,"enemies":"Small Slimes","floor":1.0,"turns":3.0},{"damage":1.0,"enemies":"Jaw Worm","floor":2.0,"turns":3.0},{"damage":0.0,"enemies":"Cultist","floor":3.0,"turns":4.0},{"damage":23.0,"enemies":"Lagavulin","floor":7.0,"turns":9.0},{"damage":1.0,"enemies":"Blue Slaver","floor":12.0,"turns":4.0},{"damage":0.0,"enemies":"Exordium Thugs","floor":14.0,"turns":5.0},{"damage":31.0,"enemies":"The Guardian","floor":16.0,"turns":17.0},{"damage":2.0,"enemies":"Spheric Guardian","floor":18.0,"turns":7.0},{"damage":9,"enemies":"2 Thieves","floor":19,"turns":4},{"damage":5,"enemies":"Snecko","floor":21,"turns":6},{"damage":57,"enemies":"Slavers","floor":23,"turns":8}],"seed_played":"-754022280312687217","potions_obtained":[{"floor":3.0,"key":"Energy Potion"},{"floor":16.0,"key":"EssenceOfSteel"},{"floor":18,"key":"Weak Potion"}],"is_trial":false,"path_per_floor":["M","M","M","?","?","R","E","R","T","$","?","M","R","M","R","B",null,"M","M","?","M","$","E","$"],"character_chosen":"DEFECT","items_purchased":["Shovel","Membership Card"],"campfire_rested":1,"item_purchase_floors":[10,22],"current_hp_per_floor":[82,81,81,65,65,65,42,66,66,66,66,65,65,65,65,34,82,80,71,63,58,58,1,1],"gold":96,"neow_bonus":"TEN_PERCENT_HP_BONUS","is_prod":false,"is_daily":false,"chose_seed":false,"campfire_upgraded":1,"win_rate":0,"timestamp":1560118609,"path_taken":["M","M","M","?","?","R","E","R","T","$","?","M","R","M","R","BOSS","M","?","?","M","?","E","$"],"build_version":"2019-01-23","purchased_purges":0,"victory":false,"max_hp_per_floor":[82,82,82,82,82,82,82,82,82,82,82,82,82,82,82,82,82,82,82,82,82,82,82,82],"card_choices":[{"not_picked":["Stack","Heatsinks"],"picked":"Conserve Battery","floor":1.0},{"not_picked":["Leap","Rebound"],"picked":"Coolheaded","floor":2.0},{"not_picked":["Auto Shields","Barrage"],"picked":"Gash","floor":3.0},{"not_picked":["Electrodynamics","Go for the Eyes"],"picked":"Skim","floor":7.0},{"not_picked":["Redo","FTL"],"picked":"Coolheaded","floor":12.0},{"not_picked":["Force Field","Creative AI"],"picked":"Cold Snap","floor":14.0},{"not_picked":["Biased Cognition","Creative AI"],"picked":"Buffer","floor":16.0},{"not_picked":["Force Field","Compile Driver+1","Go for the Eyes"],"picked":"SKIP","floor":18},{"not_picked":["Conserve Battery","BootSequence+1"],"picked":"Ball Lightning","floor":19},{"not_picked":["Thunder Strike","Go for the Eyes+1"],"picked":"Gash","floor":21},{"not_picked":["White Noise","Conserve Battery"],"picked":"Buffer","floor":23}],"player_experience":1436078,"relics_obtained":[{"floor":7.0,"key":"Cables"},{"floor":9.0,"key":"Ornamental Fan"},{"floor":13.0,"key":"Mercury Hourglass"},{"floor":15.0,"key":"Blue Candle"},{"floor":23,"key":"Happy Flower"}],"event_choices":[{"damage_healed":0.0,"max_hp_gain":0.0,"max_hp_loss":0.0,"gold_gain":0.0,"event_name":"Shining Light","player_choice":"Entered Light","floor":4.0,"gold_loss":0.0,"damage_taken":16.0,"cards_upgraded":["Defend_B","Coolheaded"]},{"damage_healed":0.0,"max_hp_gain":0.0,"max_hp_loss":0.0,"gold_gain":175.0,"event_name":"Liars Game","player_choice":"AGREE","floor":5.0,"gold_loss":0.0,"damage_taken":0.0,"cards_obtained":["Doubt"]},{"damage_healed":0.0,"max_hp_gain":0.0,"max_hp_loss":0.0,"gold_gain":0.0,"event_name":"NoteForYourself","player_choice":"Ignored","floor":11.0,"gold_loss":0.0,"damage_taken":0.0},{"damage_healed":0,"gold_gain":75,"player_choice":"Touch","damage_taken":8,"max_hp_gain":0,"max_hp_loss":0,"event_name":"FaceTrader","floor":20,"gold_loss":0}],"is_beta":false,"boss_relics":[{"not_picked":["Ectoplasm","Coffee Dripper"],"picked":"Inserter"}],"items_purged_floors":[],"is_endless":false,"potions_floor_spawned":[3,16,18],"ascension_level":0}