{"gold_per_floor":[112,127,139,156,156,191,191,191,191,191,210,210,226,241,241,365,365,380,380,24,37,37,72,107,139,139,189,206,226,253,27,27,122,122,139,153,206,206,217,251,264,116,116,116,135,147,166,66,66,66],"floor_reached":51,"playtime":5491,"items_purged":["Shame","Strike_G"],"score":811,"play_id":"2bcb7432-961a-474f-96d5-49992ed359b3","local_time":"20190630133735","is_ascension_mode":false,"campfire_choices":[{"floor":7,"key":"REST"},{"data":"Doppelganger","floor":12,"key":"SMITH"},{"data":"Bane","floor":15,"key":"SMITH"},{"floor":32,"key":"REST"},{"floor":44,"key":"REST"},{"floor":49,"key":"REST"}],"neow_cost":"NONE","seed_source_timestamp":1976088333694575,"circlet_count":0,"master_deck":["Defend_G","Defend_G","Defend_G","Defend_G","Defend_G","Strike_G","Strike_G","Strike_G","Strike_G","Survivor","Neutralize","Doppelganger+1","Deadly Poison","Caltrops","Crippling Poison","Slice","Deflect+1","Bane+1","Corpse Explosion+1","Burst+1","Catalyst+1","Well Laid Plans+1","Backflip+1","Backstab","Acrobatics+1","Footwork+1","Endless Agony+1","Backstab+1","Envenom+1","Bane+1","Well Laid Plans+1","Prepared+1","Venomology+1","Corpse Explosion+1","Caltrops+1","Skewer+1","Dash+1","Backflip+1","Finisher+1","Deadly Poison+1","Backflip+1","Bane+1","Corpse Explosion+1","Dash+1","Dash+1"],"relics":["Ring of the Snake","Bloody Idol","Toxic Egg 2","Pocketwatch","Frozen Egg 2","Philosopher\u0027s Stone","Blood Vial","WingedGreaves","Letter Opener","Matryoshka","Bronze Scales","Regal Pillow","Molten Egg 2","Centennial Puzzle","Oddly Smooth Stone","Fusion Hammer","Ginger","Strawberry","Darkstone Periapt","Pear"],"potions_floor_usage":[6,11,16,21,24,24,28,33,37,39,40,40,40,41,45,50,50,50,50],"damage_taken":[{"damage":0,"enemies":"Cultist","floor":1,"turns":4},{"damage":5,"enemies":"Jaw Worm","floor":2,"turns":4},{"damage":0,"enemies":"Small Slimes","floor":3,"turns":3},{"damage":5,"enemies":"Red Slaver","floor":4,"turns":6},{"damage":53,"enemies":"Gremlin Nob","floor":6,"turns":6},{"damage":0,"enemies":"Large Slime","floor":11,"turns":6},{"damage":0,"enemies":"Blue Slaver","floor":13,"turns":4},{"damage":1,"enemies":"Lots of Slimes","floor":14,"turns":3},{"damage":17,"enemies":"The Guardian","floor":16,"turns":8},{"damage":13,"enemies":"2 Thieves","floor":18,"turns":3},{"damage":12,"enemies":"Shell Parasite","floor":21,"turns":3},{"damage":8,"enemies":"Gremlin Leader","floor":23,"turns":4},{"damage":0,"enemies":"Slavers","floor":24,"turns":1},{"damage":20,"enemies":"Gremlin Leader","floor":25,"turns":5},{"damage":0,"enemies":"Sentry and Sphere","floor":28,"turns":3},{"damage":14,"enemies":"3 Cultists","floor":29,"turns":4},{"damage":48,"enemies":"Book of Stabbing","floor":30,"turns":4},{"damage":17,"enemies":"Champ","floor":33,"turns":8},{"damage":16,"enemies":"Orb Walker","floor":35,"turns":2},{"damage":0,"enemies":"3 Shapes","floor":36,"turns":3},{"damage":11,"enemies":"2 Orb Walkers","floor":37,"turns":2},{"damage":30,"enemies":"Transient","floor":39,"turns":5},{"damage":8,"enemies":"Nemesis","floor":40,"turns":5},{"damage":34,"enemies":"4 Shapes","floor":41,"turns":2},{"damage":0,"enemies":"Sphere and 2 Shapes","floor":45,"turns":4},{"damage":11,"enemies":"Spire Growth","floor":46,"turns":3},{"damage":0,"enemies":"Jaw Worm Horde","floor":47,"turns":2},{"damage":55,"enemies":"Time Eater","floor":50,"turns":8}],"seed_played":"2110670168538656066","potions_obtained":[{"floor":1,"key":"SpeedPotion"},{"floor":6,"key":"Regen Potion"},{"floor":11,"key":"SpeedPotion"},{"floor":13,"key":"Explosive Potion"},{"floor":16,"key":"EssenceOfSteel"},{"floor":23,"key":"Energy Potion"},{"floor":24,"key":"Fire Potion"},{"floor":25,"key":"Ancient Potion"},{"floor":35,"key":"Swift Potion"},{"floor":36,"key":"EssenceOfSteel"},{"floor":40,"key":"Strength Potion"},{"floor":47,"key":"Swift Potion"}],"is_trial":false,"path_per_floor":["M","M","M","M","?","E","R","T","T","?","M","R","M","M","R","B",null,"M","?","$","M","?","E","E","E","T","?","M","M","E","$","R","B",null,"M","M","?","?","M","E","M","$","T","R","M","M","M","$","R","B",null],"character_chosen":"THE_SILENT","items_purchased":["Blood Vial","Well Laid Plans+1","Backflip+1","Backstab","Acrobatics+1","Venomology+1","Oddly Smooth Stone","Backflip+1","Bane+1"],"campfire_rested":4,"item_purchase_floors":[20,20,20,20,20,31,31,42,42],"current_hp_per_floor":[70,65,65,60,60,7,28,28,28,28,42,42,42,41,41,24,70,57,57,57,52,52,51,58,45,45,50,57,50,9,9,45,35,70,59,66,62,62,39,45,18,18,28,69,76,72,79,79,87,32],"gold":66,"neow_bonus":"ONE_RANDOM_RARE_CARD","is_prod":false,"is_daily":false,"chose_seed":false,"campfire_upgraded":2,"win_rate":0.0,"timestamp":1561923455,"path_taken":["M","?","M","M","?","E","R","?","T","?","?","R","M","M","R","BOSS","M","?","$","M","?","E","E","E","T","?","?","M","E","$","R","BOSS","M","M","?","?","?","E","M","?","T","R","M","M","M","$","R","BOSS"],"build_version":"2019-01-23","purchased_purges":2,"victory":true,"max_hp_per_floor":[70,70,70,70,70,70,70,70,70,70,70,70,70,70,70,70,70,70,70,70,70,70,70,70,70,70,70,70,70,70,70,70,70,70,70,70,70,70,70,77,77,77,87,87,87,87,87,87,87,87],"card_choices":[{"not_picked":["Distraction","Backflip"],"picked":"Deadly Poison","floor":1},{"not_picked":["Slice","Dagger Throw"],"picked":"Caltrops","floor":2},{"not_picked":["Finisher","Blade Dance"],"picked":"Outmaneuver","floor":3},{"not_picked":["Dagger Spray","Blur"],"picked":"Crippling Poison","floor":4},{"not_picked":["Masterful Stab","Leg Sweep"],"picked":"Slice","floor":6},{"not_picked":["Outmaneuver+1","Sucker Punch"],"picked":"Deflect+1","floor":11},{"not_picked":["Acrobatics+1","Bouncing Flask+1"],"picked":"Bane","floor":13},{"not_picked":["Bouncing Flask+1","Blade Dance+1"],"picked":"Corpse Explosion+1","floor":14},{"not_picked":["Phantasmal Killer+1","Wraith Form v2+1"],"picked":"Burst+1","floor":16},{"not_picked":["Poisoned Stab","Riddle With Holes"],"picked":"Catalyst+1","floor":18},{"not_picked":["Bane","Dodge and Roll+1"],"picked":"Footwork+1","floor":21},{"not_picked":["Underhanded Strike+1","Unload"],"picked":"Endless Agony+1","floor":23},{"not_picked":["Dagger Spray+1","All Out Attack"],"picked":"Backstab+1","floor":24},{"not_picked":["Footwork+1","A Thousand Cuts+1"],"picked":"Envenom+1","floor":25},{"not_picked":["Quick Slash+1","Flying Knee+1"],"picked":"Bane+1","floor":28},{"not_picked":["Quick Slash+1","Dagger Spray+1"],"picked":"Well Laid Plans+1","floor":29},{"not_picked":["Underhanded Strike+1","Acrobatics+1"],"picked":"Prepared+1","floor":30},{"not_picked":["Venomology+1","Unload+1"],"picked":"Corpse Explosion+1","floor":33},{"not_picked":["PiercingWail+1","Deadly Poison+1"],"picked":"Caltrops+1","floor":35},{"not_picked":["Underhanded Strike+1","Outmaneuver+1"],"picked":"Skewer+1","floor":36},{"not_picked":["Quick Slash+1","Infinite Blades+1"],"picked":"Dash+1","floor":37},{"not_picked":["Dagger Throw+1","All Out Attack+1"],"picked":"Backflip+1","floor":39},{"not_picked":["Flechettes+1","Tactician+1"],"picked":"Finisher+1","floor":40},{"not_picked":["Deflect+1","Blade Dance+1"],"picked":"Deadly Poison+1","floor":41},{"not_picked":["Flying Knee+1","Deadly Poison+1"],"picked":"Corpse Explosion+1","floor":45},{"not_picked":["Finisher+1","Dodge and Roll+1"],"picked":"Dash+1","floor":46},{"not_picked":["Backflip+1","Slice+1"],"picked":"Dash+1","floor":47}],"player_experience":53081,"relics_obtained":[{"floor":6,"key":"Toxic Egg 2"},{"floor":8,"key":"Pocketwatch"},{"floor":9,"key":"Frozen Egg 2"},{"floor":23,"key":"Letter Opener"},{"floor":24,"key":"Matryoshka"},{"floor":25,"key":"Bronze Scales"},{"floor":26,"key":"Regal Pillow"},{"floor":26,"key":"Molten Egg 2"},{"floor":30,"key":"Centennial Puzzle"},{"floor":37,"key":"Ginger"},{"floor":40,"key":"Strawberry"},{"floor":43,"key":"Darkstone Periapt"},{"floor":43,"key":"Pear"}],"event_choices":[{"damage_healed":0,"gold_gain":0,"player_choice":"Take Wound","damage_taken":0,"relics_obtained":["Golden Idol"],"max_hp_gain":0,"max_hp_loss":0,"event_name":"Golden Idol","floor":5,"gold_loss":0,"cards_obtained":["Injury"]},{"cards_removed":["Injury"],"damage_healed":0,"gold_gain":0,"player_choice":"Purged","damage_taken":0,"max_hp_gain":0,"max_hp_loss":0,"event_name":"Purifier","floor":10,"gold_loss":0},{"damage_healed":0,"gold_gain":0,"player_choice":"Gave Idol","damage_taken":0,"relics_obtained":["Bloody Idol"],"max_hp_gain":0,"max_hp_loss":0,"event_name":"Forgotten Altar","floor":19,"relics_lost":["Golden Idol"],"gold_loss":0},{"damage_healed":0,"gold_gain":0,"player_choice":"Stole Relic","damage_taken":0,"relics_obtained":["WingedGreaves"],"max_hp_gain":0,"max_hp_loss":0,"event_name":"Addict","floor":22,"gold_loss":0,"cards_obtained":["Shame"]},{"damage_healed":0,"gold_gain":100,"player_choice":"Bet on Murderer","damage_taken":0,"max_hp_gain":0,"max_hp_loss":0,"event_name":"The Joust","floor":27,"gold_loss":50},{"damage_healed":0,"gold_gain":0,"player_choice":"Fight","damage_taken":0,"max_hp_gain":0,"max_hp_loss":0,"event_name":"Mysterious Sphere","floor":37,"gold_loss":0},{"cards_removed":["Outmaneuver"],"damage_healed":0,"gold_gain":0,"player_choice":"Card Removal","damage_taken":0,"max_hp_gain":0,"max_hp_loss":0,"event_name":"Wheel of Change","floor":38,"gold_loss":0}],"is_beta":false,"boss_relics":[{"not_picked":["Coffee Dripper","Snecko Eye"],"picked":"Philosopher\u0027s Stone"},{"not_picked":["Orrery","Runic Dome"],"picked":"Fusion Hammer"}],"items_purged_floors":[42,48],"is_endless":false,"potions_floor_spawned":[1,6,11,13,16,23,24,25,35,36,40,47],"ascension_level":0}