{"gold_per_floor":[118,135,135,135,148,191,116,116,170,191,215,236,236,260,260,260],"floor_reached":16,"playtime":1017,"items_purged":["Strike_R"],"score":104,"play_id":"ba051a62-d49a-45d2-9df8-029da6979a0c","local_time":"20180717130231","is_ascension_mode":false,"campfire_choices":[{"floor":8,"key":"REST"},{"floor":13,"key":"REST"},{"data":"Flex","floor":15,"key":"SMITH"}],"neow_cost":"FIFTY_PERCENT_DAMAGE","seed_source_timestamp":1803816235319775,"circlet_count":0,"master_deck":["Strike_R","Strike_R","Strike_R","Strike_R","Defend_R","Defend_R","Defend_R","Defend_R","Bash","Heavy Blade","Pommel Strike","Headbutt","Power Through","Heavy Blade","Whirlwind","Flex+1"],"relics":["Burning Blood","Golden Idol","Happy Flower","Boot"],"potions_floor_usage":[16,16,16],"damage_taken":[{"damage":1,"enemies":"Cultist","floor":1,"turns":3},{"damage":0,"enemies":"Small Slimes","floor":2,"turns":4},{"damage":0,"enemies":"2 Louse","floor":5,"turns":3},{"damage":55,"enemies":"Lagavulin","floor":6,"turns":8},{"damage":4,"enemies":"Blue Slaver","floor":10,"turns":3},{"damage":8,"enemies":"Red Slaver","floor":11,"turns":4},{"damage":9,"enemies":"3 Louse","floor":12,"turns":3},{"damage":0,"enemies":"Lots of Slimes","floor":14,"turns":2},{"damage":83,"enemies":"Hexaghost","floor":16,"turns":11}],"seed_played":"-635372499961063176","potions_obtained":[{"floor":6,"key":"Regen Potion"},{"floor":10,"key":"EssenceOfSteel"},{"floor":12,"key":"SkillPotion"},{"floor":14,"key":"FearPotion"}],"is_trial":false,"path_per_floor":["M","M","?","?","M","E","$","R","T","M","M","M","R","M","R"],"character_chosen":"IRONCLAD","items_purchased":[],"campfire_rested":2,"item_purchase_floors":[],"current_hp_per_floor":[53,59,59,51,57,8,8,34,34,36,34,31,57,63,63,0],"gold":260,"neow_bonus":"TWENTY_PERCENT_HP_BONUS","is_prod":false,"is_daily":false,"chose_seed":false,"campfire_upgraded":1,"win_rate":0,"timestamp":1531850551,"path_taken":["M","?","?","?","M","E","$","R","T","M","M","M","R","M","R","BOSS"],"build_version":"2018-07-12","purchased_purges":1,"victory":false,"max_hp_per_floor":[96,96,89,89,89,89,89,89,89,89,89,89,89,89,89,89],"card_choices":[{"not_picked":["Anger","Armaments","Body Slam"],"picked":"SKIP","floor":1},{"not_picked":["Infernal Blade","Bloodletting"],"picked":"Heavy Blade","floor":2},{"not_picked":["Twin Strike","Hemokinesis"],"picked":"Pommel Strike","floor":5},{"not_picked":["Disarm","Body Slam"],"picked":"Headbutt","floor":6},{"not_picked":["Body Slam","Havoc"],"picked":"Power Through","floor":10},{"not_picked":["Berserk","Wild Strike"],"picked":"Heavy Blade","floor":11},{"not_picked":["Perfected Strike","Rage"],"picked":"Whirlwind","floor":12},{"not_picked":["Armaments","Rage"],"picked":"Flex","floor":14}],"player_experience":202009,"relics_obtained":[{"floor":6,"key":"Happy Flower"},{"floor":9,"key":"Boot"}],"event_choices":[{"event_name":"Golden Idol","player_choice":"Lose Max HP","floor":3,"damage_taken":0},{"event_name":"Wheel of Change","player_choice":"Damage","floor":4,"damage_taken":0}],"boss_relics":[],"items_purged_floors":[7],"is_endless":false,"potions_floor_spawned":[6,10,12,14],"killed_by":"Hexaghost","ascension_level":0}