{"gold_per_floor":[110,210,221,297,309,309,309,328,354,385,401,419,450,463,463,558,558,569,579,579,504,127,127,144,144,167,167,199,45,70,90,90,90],"floor_reached":33,"playtime":2588,"items_purged":[],"score":307,"play_id":"9bbc5229-0d34-4759-9553-8485dfcc9c77","local_time":"20190614231532","is_ascension_mode":false,"campfire_choices":[{"data":"Rage","floor":6,"key":"SMITH"},{"data":"Perfected Strike","floor":15,"key":"SMITH"},{"data":"1","floor":23,"key":"LIFT"},{"data":"2","floor":25,"key":"LIFT"},{"data":"3","floor":27,"key":"LIFT"},{"data":"Demon Form","floor":32,"key":"SMITH"}],"neow_cost":"NONE","seed_source_timestamp":7867577116162,"circlet_count":0,"master_deck":["Strike_R","Strike_R","Strike_R","Strike_R","Strike_R","Defend_R","Defend_R","Defend_R","Defend_R","True Grit","Shrug It Off","Rage+1","Perfected Strike+1","Flex","Wild Strike","Pommel Strike","Flex","Demon Form+1","Pommel Strike","Wild Strike","Wild Strike","True Grit","Twin Strike","Ghostly Armor"],"relics":["Burning Blood","Tiny Chest","Letter Opener","Bag of Preparation","Girya","Potion Belt","Busted Crown","MutagenicStrength","Lantern","Bag of Marbles","Bronze Scales","Red Mask","Anchor","Dream Catcher"],"potions_floor_usage":[13],"damage_taken":[{"damage":0,"enemies":"2 Louse","floor":1,"turns":4},{"damage":3,"enemies":"Cultist","floor":3,"turns":4},{"damage":6,"enemies":"Jaw Worm","floor":5,"turns":4},{"damage":4,"enemies":"Blue Slaver","floor":8,"turns":5},{"damage":22,"enemies":"Lagavulin","floor":10,"turns":9},{"damage":1,"enemies":"Large Slime","floor":11,"turns":7},{"damage":11,"enemies":"Exordium Wildlife","floor":12,"turns":6},{"damage":17,"enemies":"Gremlin Nob","floor":13,"turns":4},{"damage":4,"enemies":"Gremlin Gang","floor":14,"turns":4},{"damage":0,"enemies":"Slime Boss","floor":16,"turns":5},{"damage":18,"enemies":"2 Thieves","floor":18,"turns":4},{"damage":11,"enemies":"Shell Parasite","floor":19,"turns":5},{"damage":18,"enemies":"Centurion and Healer","floor":24,"turns":3},{"damage":0,"enemies":"Masked Bandits","floor":28,"turns":2},{"damage":7,"enemies":"Cultist and Chosen","floor":31,"turns":4},{"damage":77,"enemies":"Collector","floor":33,"turns":7}],"seed_played":"-8511784800196055573","potions_obtained":[{"floor":1,"key":"LiquidBronze"},{"floor":3,"key":"Ancient Potion"},{"floor":5,"key":"FearPotion"},{"floor":14,"key":"Weak Potion"},{"floor":16,"key":"AttackPotion"},{"floor":19,"key":"EssenceOfSteel"},{"floor":24,"key":"Fire Potion"},{"floor":31,"key":"Strength Potion"}],"is_trial":false,"path_per_floor":["M","?","M","T","M","R","?","M","T","E","M","M","E","M","R","B",null,"M","M","?","?","$","R","M","R","T","R","?","$","T","M","R","B"],"character_chosen":"IRONCLAD","items_purchased":["Lantern","Wild Strike","True Grit","Bag of Marbles","Anchor"],"campfire_rested":0,"item_purchase_floors":[22,22,22,22,29],"current_hp_per_floor":[88,88,88,88,88,88,88,88,88,72,77,72,61,63,63,69,88,76,71,71,71,71,71,59,59,59,59,65,65,65,64,64,0],"gold":90,"neow_bonus":"TEN_PERCENT_HP_BONUS","is_prod":false,"is_daily":false,"chose_seed":false,"campfire_upgraded":3,"win_rate":0.0,"timestamp":1560546932,"path_taken":["M","?","?","?","M","R","?","M","T","E","M","M","E","M","R","BOSS","M","?","?","?","?","R","M","R","T","R","?","$","?","M","R","BOSS"],"build_version":"2019-01-23","purchased_purges":0,"victory":false,"max_hp_per_floor":[88,88,88,88,88,88,88,88,88,88,88,88,88,88,88,88,88,88,88,88,88,88,88,88,88,88,88,88,88,88,88,88,88],"card_choices":[{"not_picked":["Uppercut","Clash"],"picked":"True Grit","floor":1},{"not_picked":["Hemokinesis","Whirlwind"],"picked":"Shrug It Off","floor":3},{"not_picked":["Rupture","Seeing Red"],"picked":"Rage","floor":5},{"not_picked":["Sword Boomerang","Iron Wave","Second Wind"],"picked":"SKIP","floor":8},{"not_picked":["Fiend Fire","Corruption"],"picked":"Perfected Strike","floor":10},{"not_picked":["Thunderclap","Cleave"],"picked":"Flex","floor":11},{"not_picked":["Warcry","Flex"],"picked":"Wild Strike","floor":12},{"not_picked":["Infernal Blade","Dark Embrace"],"picked":"Pommel Strike","floor":13},{"not_picked":["Thunderclap","Iron Wave"],"picked":"Flex","floor":14},{"not_picked":["Juggernaut","Bludgeon"],"picked":"Demon Form","floor":16},{"not_picked":[],"picked":"Pommel Strike","floor":18},{"not_picked":[],"picked":"Wild Strike","floor":19},{"not_picked":["Thunderclap+1"],"picked":"SKIP","floor":24},{"not_picked":[],"picked":"Twin Strike","floor":28},{"not_picked":[],"picked":"Ghostly Armor","floor":31}],"player_experience":46838,"relics_obtained":[{"floor":4,"key":"Tiny Chest"},{"floor":9,"key":"Bag of Preparation"},{"floor":10,"key":"Girya"},{"floor":13,"key":"Potion Belt"},{"floor":26,"key":"Bronze Scales"},{"floor":28,"key":"Red Mask"},{"floor":30,"key":"Dream Catcher"}],"event_choices":[{"damage_healed":0,"gold_gain":100,"player_choice":"Gold","damage_taken":0,"max_hp_gain":0,"max_hp_loss":0,"event_name":"Wheel of Change","floor":2,"gold_loss":0},{"damage_healed":0,"gold_gain":0,"player_choice":"Gave Potion","damage_taken":0,"relics_obtained":["Letter Opener"],"max_hp_gain":0,"max_hp_loss":0,"event_name":"WeMeetAgain","floor":7,"gold_loss":0},{"damage_healed":0,"gold_gain":0,"player_choice":"Inject Mutagens","damage_taken":0,"relics_obtained":["MutagenicStrength"],"max_hp_gain":0,"max_hp_loss":0,"event_name":"Drug Dealer","floor":20,"gold_loss":0},{"cards_removed":["Bash"],"damage_healed":0,"gold_gain":0,"player_choice":"Gave Gold","damage_taken":0,"max_hp_gain":0,"max_hp_loss":0,"event_name":"Beggar","floor":21,"gold_loss":75},{"damage_healed":0,"gold_gain":0,"player_choice":"Fought Bandits","damage_taken":0,"max_hp_gain":0,"max_hp_loss":0,"event_name":"Masked Bandits","floor":28,"gold_loss":0}],"is_beta":false,"boss_relics":[{"not_picked":["Runic Dome","Black Blood"],"picked":"Busted Crown"}],"items_purged_floors":[],"is_endless":false,"potions_floor_spawned":[1,3,5,14,16,19,24,31],"killed_by":"Collector","ascension_level":0}