{"gold_per_floor":[112,35,35,35,49,49,66,80,80,99,99,99,174,193,193,193],"floor_reached":16,"playtime":1459,"items_purged":[],"score":92,"play_id":"c81e2def-232d-4ed4-a897-f771cea80953","local_time":"20180726121522","is_ascension_mode":false,"campfire_choices":[{"data":"Deflect","floor":6,"key":"SMITH"},{"data":"Dagger Spray","floor":11,"key":"SMITH"},{"data":"Neutralize","floor":15,"key":"SMITH"}],"neow_cost":"","seed_source_timestamp":2578223520278102,"circlet_count":0,"master_deck":["Defend_G","Defend_G","Defend_G","Defend_G","Defend_G","Strike_G","Strike_G","Strike_G","Strike_G","Strike_G","Survivor","Neutralize+1","Deflect+1","Infinite Blades","Backflip","Well Laid Plans","Dagger Spray+1","Escape Plan"],"relics":["Ring of the Snake","Bottled Tornado","Golden Idol"],"potions_floor_usage":[],"damage_taken":[{"damage":1,"enemies":"Cultist","floor":1,"turns":4},{"damage":0,"enemies":"2 Louse","floor":5,"turns":3},{"damage":0,"enemies":"Small Slimes","floor":7,"turns":3},{"damage":1,"enemies":"2 Fungi Beasts","floor":8,"turns":4},{"damage":5,"enemies":"Blue Slaver","floor":10,"turns":5},{"damage":6,"enemies":"Large Slime","floor":14,"turns":5},{"damage":23,"enemies":"Hexaghost","floor":16,"turns":10}],"seed_played":"429401926550098982","potions_obtained":[{"floor":8,"key":"SpeedPotion"},{"floor":14,"key":"Swift Potion"}],"is_trial":false,"path_per_floor":["M","$","?","$","M","R","M","M","T","M","R","?","?","M","R"],"character_chosen":"THE_SILENT","items_purchased":["Infinite Blades"],"campfire_rested":0,"item_purchase_floors":[2],"current_hp_per_floor":[69,69,74,74,74,74,74,73,73,68,68,68,57,51,51,28],"gold":193,"neow_bonus":"","is_prod":false,"is_daily":false,"chose_seed":false,"campfire_upgraded":3,"win_rate":0,"timestamp":1532625322,"path_taken":["M","$","?","?","M","R","M","M","T","M","R","?","?","M","R","BOSS"],"build_version":"2018-07-19v2","purchased_purges":0,"victory":false,"max_hp_per_floor":[70,70,75,75,75,75,75,75,75,75,75,69,69,69,69,69],"card_choices":[{"not_picked":["Prepared","Flechettes"],"picked":"Deflect","floor":1},{"not_picked":["PiercingWail","Sucker Punch"],"picked":"Backflip","floor":5},{"not_picked":["Leg Sweep","Deadly Poison"],"picked":"Well Laid Plans","floor":7},{"not_picked":["Expertise","Sucker Punch"],"picked":"Dagger Spray","floor":8},{"not_picked":["Concentrate","Flying Knee","Heel Hook"],"picked":"SKIP","floor":10},{"not_picked":["Distraction","Poisoned Stab"],"picked":"Escape Plan","floor":14}],"player_experience":340652,"relics_obtained":[{"floor":9,"key":"Bottled Tornado"}],"event_choices":[{"event_name":"Big Fish","player_choice":"Donut","floor":3,"damage_taken":0},{"event_name":"Golden Idol","player_choice":"Lose Max HP","floor":12,"damage_taken":0},{"event_name":"World of Goop","player_choice":"Gather Gold","floor":13,"damage_taken":0}],"is_beta":false,"boss_relics":[],"items_purged_floors":[],"is_endless":false,"potions_floor_spawned":[8,14],"killed_by":"Hexaghost","ascension_level":0}