{"gold_per_floor":[131,157,169,181,207,219,257,269,353,376,388,411,423,466,478,565,577,608,639,651,713,140,140],"floor_reached":23,"playtime":950,"items_purged":["Strike_G"],"score":448,"play_id":"f6e53223-0c09-4d56-8546-8a7a9fb71f4a","local_time":"20190703220223","is_ascension_mode":true,"campfire_choices":[{"data":"Skewer","floor":6.0,"key":"SMITH"},{"data":"Unload","floor":11.0,"key":"SMITH"},{"floor":13.0,"key":"REST"},{"data":"Deadly Poison","floor":15.0,"key":"SMITH"}],"neow_cost":"NONE","seed_source_timestamp":26870821926111,"circlet_count":0,"master_deck":["AscendersBane","Strike_G","Strike_G+1","Strike_G+1","Defend_G","Defend_G","Defend_G","Defend_G","Defend_G","Survivor","Neutralize","Sucker Punch","Skewer+1","Leg Sweep","Unload+1","Deadly Poison+1","PiercingWail","Wraith Form v2","Footwork+1","Escape Plan","PiercingWail"],"special_seed":0,"relics":["Ring of the Snake","MawBank","Omamori","Juzu Bracelet","Velvet Choker","Ninja Scroll","Pantograph","Whetstone"],"potions_floor_usage":[19,23,23],"damage_taken":[{"damage":0.0,"enemies":"2 Louse","floor":1.0,"turns":4.0},{"damage":6.0,"enemies":"Small Slimes","floor":2.0,"turns":7.0},{"damage":6.0,"enemies":"Cultist","floor":5.0,"turns":5.0},{"damage":27.0,"enemies":"3 Sentries","floor":7.0,"turns":12.0},{"damage":0.0,"enemies":"2 Fungi Beasts","floor":10.0,"turns":4.0},{"damage":0.0,"enemies":"Blue Slaver","floor":12.0,"turns":3.0},{"damage":0.0,"enemies":"Gremlin Nob","floor":14.0,"turns":2.0},{"damage":18.0,"enemies":"The Guardian","floor":16.0,"turns":12.0},{"damage":8,"enemies":"2 Thieves","floor":18,"turns":4},{"damage":9,"enemies":"Chosen","floor":19,"turns":5},{"damage":43,"enemies":"Slavers","floor":23,"turns":8}],"seed_played":"-4892421540501602282","potions_obtained":[{"floor":1.0,"key":"EssenceOfSteel"},{"floor":7.0,"key":"Weak Potion"},{"floor":12.0,"key":"FearPotion"},{"floor":16.0,"key":"Block Potion"},{"floor":19,"key":"Ancient Potion"}],"is_trial":false,"path_per_floor":["M","M","$","?","M","R","E","?","T","M","R","M","R","E","R","B",null,"M","M","?","?","$","E"],"character_chosen":"THE_SILENT","items_purchased":["Pantograph","PiercingWail","Whetstone"],"campfire_rested":1,"item_purchase_floors":[22,22,22],"current_hp_per_floor":[59,53,53,58,52,52,25,25,25,25,25,25,46,46,46,28,60,52,43,43,43,43,0],"gold":140,"neow_bonus":"RANDOM_COMMON_RELIC","is_prod":false,"is_daily":false,"chose_seed":false,"campfire_upgraded":3,"win_rate":0,"timestamp":1562184143,"path_taken":["M","M","$","?","M","R","E","?","T","M","R","M","R","E","R","BOSS","M","M","?","?","$","E"],"build_version":"2019-07-01","purchased_purges":1,"victory":false,"max_hp_per_floor":[66,66,66,71,71,71,71,71,71,71,71,71,71,71,71,71,71,71,71,71,71,71,71],"card_choices":[{"not_picked":["Expertise","Acrobatics","Blade Dance"],"picked":"SKIP","floor":1.0},{"not_picked":["Dodge and Roll","Accuracy"],"picked":"Sucker Punch","floor":2.0},{"not_picked":["Backstab","Reflex"],"picked":"Skewer","floor":5.0},{"not_picked":["Choke","Dagger Throw"],"picked":"Leg Sweep","floor":7.0},{"not_picked":["Skewer","Blade Dance","Slice"],"picked":"SKIP","floor":10.0},{"not_picked":["Bane","Sucker Punch"],"picked":"Deadly Poison","floor":12.0},{"not_picked":["Backflip","Phantasmal Killer"],"picked":"PiercingWail","floor":14.0},{"not_picked":["Grand Finale","Storm of Steel"],"picked":"Wraith Form v2","floor":16.0},{"not_picked":["Underhanded Strike","Calculated Gamble"],"picked":"Footwork+1","floor":18},{"not_picked":["Dagger Throw+1","Outmaneuver"],"picked":"Escape Plan","floor":19}],"player_experience":1462931,"relics_obtained":[{"floor":7.0,"key":"Omamori"},{"floor":14.0,"key":"Juzu Bracelet"}],"event_choices":[{"damage_healed":0.0,"max_hp_gain":5.0,"max_hp_loss":0.0,"gold_gain":0.0,"event_name":"Big Fish","player_choice":"Donut","floor":4.0,"gold_loss":0.0,"damage_taken":0.0},{"damage_healed":0.0,"max_hp_gain":0.0,"max_hp_loss":0.0,"gold_gain":0.0,"cards_transformed":["Strike_G"],"event_name":"Transmorgrifier","player_choice":"Transformed","floor":8.0,"gold_loss":0.0,"damage_taken":0.0,"cards_obtained":["Unload"]},{"damage_healed":0,"gold_gain":0,"player_choice":"Stole Relic","damage_taken":0,"relics_obtained":["Ninja Scroll"],"max_hp_gain":0,"max_hp_loss":0,"event_name":"Addict","floor":20,"gold_loss":0,"cards_obtained":["Shame"]},{"damage_healed":0,"gold_gain":50,"player_choice":"Stole From Cult","damage_taken":0,"max_hp_gain":0,"max_hp_loss":0,"event_name":"Nest","floor":21,"gold_loss":0}],"is_beta":false,"boss_relics":[{"not_picked":["Empty Cage","White Beast Statue"],"picked":"Velvet Choker"}],"items_purged_floors":[22],"is_endless":false,"potions_floor_spawned":[1,7,12,16,19],"killed_by":"Slavers","ascension_level":20}