{"gold_per_floor":[110,123,123,134,154,185,185,185,231,231,246,10,10,22,22,127,127,137,137,152,67,86,86],"floor_reached":23,"playtime":1680,"items_purged":[],"score":193,"play_id":"18a783a0-d9df-49a7-bc85-5004423348d0","local_time":"20190702160931","is_ascension_mode":false,"campfire_choices":[{"data":"Genetic Algorithm","floor":7,"key":"SMITH"},{"data":"Zap","floor":10,"key":"SMITH"},{"floor":15,"key":"REST"}],"neow_cost":"NONE","seed_source_timestamp":2161841218178305,"circlet_count":0,"master_deck":["Strike_B+1","Strike_B","Strike_B+1","Defend_B+1","Defend_B","Defend_B+1","Defend_B+1","Zap+1","Dualcast","Gash","Hello World","Go for the Eyes","Streamline+1","Core Surge","Genetic Algorithm+1","Compile Driver","Swift Strike","Self Repair+1","All For One","White Noise","Fusion","Redo"],"relics":["Cracked Core","War Paint","Pocketwatch","Frozen Egg 2","Whetstone","Vajra","Black Star","Question Card"],"potions_floor_usage":[16,16],"damage_taken":[{"damage":1,"enemies":"Jaw Worm","floor":1,"turns":3},{"damage":0,"enemies":"Cultist","floor":2,"turns":3},{"damage":6,"enemies":"2 Louse","floor":4,"turns":2},{"damage":7,"enemies":"Looter","floor":5,"turns":3},{"damage":28,"enemies":"3 Sentries","floor":6,"turns":8},{"damage":6,"enemies":"Large Slime","floor":11,"turns":5},{"damage":0,"enemies":"3 Louse","floor":14,"turns":2},{"damage":15,"enemies":"The Guardian","floor":16,"turns":9},{"damage":22,"enemies":"2 Thieves","floor":18,"turns":4},{"damage":16,"enemies":"Spheric Guardian","floor":20,"turns":4},{"damage":28,"enemies":"3 Cultists","floor":22,"turns":6},{"damage":42,"enemies":"Book of Stabbing","floor":23,"turns":4}],"seed_played":"1693790545905863792","potions_obtained":[{"floor":1,"key":"PowerPotion"},{"floor":5,"key":"SteroidPotion"},{"floor":11,"key":"Fire Potion"},{"floor":14,"key":"EssenceOfSteel"},{"floor":20,"key":"Explosive Potion"}],"is_trial":false,"path_per_floor":["M","M","?","M","M","E","R","T","T","R","M","$","?","M","R","B",null,"M","?","M","?","M","E"],"character_chosen":"DEFECT","items_purchased":["Swift Strike","Vajra"],"campfire_rested":1,"item_purchase_floors":[12,12],"current_hp_per_floor":[74,74,74,68,61,33,33,33,33,33,27,27,12,12,34,29,75,63,63,57,57,39,0],"gold":86,"neow_bonus":"THREE_CARDS","is_prod":false,"is_daily":false,"chose_seed":false,"campfire_upgraded":2,"win_rate":0,"timestamp":1562105371,"path_taken":["M","M","?","?","M","E","R","?","T","R","M","$","?","M","R","BOSS","M","?","M","?","M","E"],"build_version":"2019-07-01","purchased_purges":0,"victory":false,"max_hp_per_floor":[75,75,75,75,75,75,75,75,75,75,75,75,75,75,75,75,75,75,75,75,75,75,75],"card_choices":[{"not_picked":["Rebound","Loop"],"picked":"Gash","floor":0},{"not_picked":["Leap","Glacier"],"picked":"Hello World","floor":1},{"not_picked":["Hologram","Defragment"],"picked":"Go for the Eyes","floor":2},{"not_picked":["Blizzard","Heatsinks"],"picked":"Streamline","floor":4},{"not_picked":["Streamline","Coolheaded"],"picked":"Core Surge","floor":5},{"not_picked":["Go for the Eyes","Chill"],"picked":"Genetic Algorithm","floor":6},{"not_picked":["Leap","Barrage"],"picked":"Compile Driver","floor":11},{"not_picked":["Undo","Coolheaded"],"picked":"Self Repair+1","floor":14},{"not_picked":["Rainbow","Reboot"],"picked":"All For One","floor":16},{"not_picked":["Ball Lightning","Glacier"],"picked":"White Noise","floor":18},{"not_picked":["Ball Lightning","Stack+1"],"picked":"Fusion","floor":20},{"not_picked":["Rebound","Leap","Fusion"],"picked":"Redo","floor":22}],"player_experience":95742,"relics_obtained":[{"floor":6,"key":"Pocketwatch"},{"floor":8,"key":"Frozen Egg 2"},{"floor":9,"key":"Whetstone"}],"event_choices":[{"damage_healed":0,"gold_gain":0,"player_choice":"Gave Potion","damage_taken":0,"relics_obtained":["War Paint"],"max_hp_gain":0,"max_hp_loss":0,"event_name":"WeMeetAgain","floor":3,"gold_loss":0},{"damage_healed":0,"gold_gain":0,"player_choice":"Entered Light","damage_taken":15,"max_hp_gain":0,"max_hp_loss":0,"event_name":"Shining Light","floor":13,"gold_loss":0,"cards_upgraded":["Streamline","Defend_B"]},{"cards_removed":["Strike_B"],"damage_healed":0,"gold_gain":0,"player_choice":"Elegance","damage_taken":0,"max_hp_gain":0,"max_hp_loss":0,"event_name":"Back to Basics","floor":19,"gold_loss":0},{"damage_healed":0,"gold_gain":0,"player_choice":"Obtained Relic","damage_taken":0,"relics_obtained":["Question Card"],"max_hp_gain":0,"max_hp_loss":0,"event_name":"Addict","floor":21,"gold_loss":85}],"is_beta":false,"boss_relics":[{"not_picked":["Runic Pyramid","Ectoplasm"],"picked":"Black Star"}],"items_purged_floors":[],"is_endless":false,"potions_floor_spawned":[1,5,11,14,20],"killed_by":"Book of Stabbing","ascension_level":0}