{"gold_per_floor":[116,191,50,50,16,51,51,63,86,86,99,99,124,31,31,128,128,139,139,150,130,141,141,141],"floor_reached":24,"playtime":1498,"items_purged":[],"score":388,"play_id":"71f07e00-43b9-42ac-9f6a-c6e373e3aa0a","local_time":"20180925130301","is_ascension_mode":true,"campfire_choices":[{"data":"Flash of Steel","floor":10.0,"key":"SMITH"},{"data":"Iron Wave","floor":12.0,"key":"SMITH"},{"data":"Panacea","floor":15.0,"key":"SMITH"},{"floor":23,"key":"REST"}],"neow_cost":"NONE","seed_source_timestamp":0,"circlet_count":0,"master_deck":["Defend_R","Defend_R","Defend_R","Defend_R+1","Bash+1","AscendersBane","Dropkick","Flash of Steel+1","Iron Wave","Flame Barrier","Pommel Strike","Thunderclap","Iron Wave+1","Panacea+1","Demon Form","Thunderclap","Bite","Bite","Bite","Bite","Bite","Armaments","Headbutt"],"special_seed":0,"relics":["Burning Blood","NeowsBlessing","Ancient Tea Set","Smiling Mask","Oddly Smooth Stone","Black Star"],"potions_floor_usage":[24],"damage_taken":[{"damage":0.0,"enemies":"Jaw Worm","floor":1.0,"turns":1.0},{"damage":0.0,"enemies":"Gremlin Nob","floor":6.0,"turns":1.0},{"damage":0.0,"enemies":"2 Louse","floor":8.0,"turns":1.0},{"damage":0.0,"enemies":"Cultist","floor":11.0,"turns":3.0},{"damage":8.0,"enemies":"3 Sentries","floor":13.0,"turns":6.0},{"damage":49.0,"enemies":"Hexaghost","floor":16.0,"turns":11.0},{"damage":24.0,"enemies":"Shell Parasite","floor":18.0,"turns":7.0},{"damage":28.0,"enemies":"2 Thieves","floor":20.0,"turns":4.0},{"damage":24,"enemies":"Shelled Parasite and Fungi","floor":22,"turns":10},{"damage":47,"enemies":"Masked Bandits","floor":24,"turns":4}],"seed_played":"-2680012403160786581","potions_obtained":[{"floor":1.0,"key":"AttackPotion"},{"floor":8.0,"key":"FairyPotion"},{"floor":21.0,"key":"Block Potion"}],"is_trial":false,"path_per_floor":["M","?","$","?","$","E","$","M","T","R","M","R","E","$","R","B",null,"M","?","M","?","M","R"],"character_chosen":"IRONCLAD","items_purchased":["Flash of Steel","Iron Wave","Flame Barrier","Panacea"],"campfire_rested":1,"item_purchase_floors":[3,3,5,14],"current_hp_per_floor":[78,67,67,51,51,57,57,63,63,63,69,69,67,67,67,24,66,48,48,34,34,22,38,0],"gold":141,"neow_bonus":"THREE_ENEMY_KILL","is_prod":false,"is_daily":false,"chose_seed":false,"campfire_upgraded":3,"win_rate":0,"timestamp":1537898581,"path_taken":["M","?","$","?","$","E","?","M","T","R","M","R","E","?","R","BOSS","M","?","M","?","M","R","?"],"build_version":"2018-09-20","purchased_purges":0,"victory":false,"max_hp_per_floor":[80,80,80,80,80,80,80,80,80,80,80,80,80,80,80,80,80,80,56,56,56,56,56,56],"card_choices":[{"not_picked":["Sword Boomerang","Intimidate"],"picked":"Dropkick","floor":1.0},{"not_picked":["Sever Soul","Rage"],"picked":"Pommel Strike","floor":6.0},{"not_picked":["Warcry","Armaments"],"picked":"Thunderclap","floor":8.0},{"not_picked":["Cleave","Bloodletting"],"picked":"Iron Wave","floor":11.0},{"not_picked":["Warcry","Intimidate","Havoc"],"picked":"SKIP","floor":13.0},{"not_picked":["Exhume","Reaper"],"picked":"Demon Form","floor":16.0},{"not_picked":["Clash","Fire Breathing"],"picked":"Thunderclap","floor":18.0},{"not_picked":["Clothesline","Feel No Pain"],"picked":"Armaments","floor":20.0},{"not_picked":["Second Wind","Anger"],"picked":"Headbutt","floor":22}],"player_experience":644536,"relics_obtained":[{"floor":6.0,"key":"Ancient Tea Set"},{"floor":9.0,"key":"Smiling Mask"},{"floor":13.0,"key":"Oddly Smooth Stone"}],"event_choices":[{"event_name":"World of Goop","player_choice":"Gather Gold","floor":2.0,"damage_taken":0.0},{"event_name":"Shining Light","player_choice":"Entered Light","floor":4.0,"damage_taken":0.0},{"event_name":"Vampires","player_choice":"Became a vampire","floor":19.0,"damage_taken":0.0},{"event_name":"The Woman in Blue","player_choice":"Bought 1 Potion","floor":21.0,"damage_taken":0.0},{"event_name":"Masked Bandits","player_choice":"Fought Bandits","floor":24,"damage_taken":0}],"is_beta":false,"boss_relics":[{"not_picked":["Snecko Eye","Runic Pyramid"],"picked":"Black Star"}],"items_purged_floors":[],"is_endless":false,"potions_floor_spawned":[1,8,22],"killed_by":"Masked Bandits","ascension_level":12}