{"gold_per_floor":[117,131,146,146,146,181,199,199,199,199,199,218,287,312,312,412,412,432,386,403,403,403,403],"floor_reached":23,"playtime":2121,"items_purged":[],"score":279,"play_id":"8a05830f-3735-4bd6-892c-94c932f90df9","local_time":"20180913082310","is_ascension_mode":true,"campfire_choices":[{"floor":10,"key":"REST"},{"data":"Twin Strike","floor":15,"key":"SMITH"}],"neow_cost":"NONE","seed_source_timestamp":74693352633590,"circlet_count":0,"master_deck":["Strike_R+1","Strike_R+1","Strike_R+1","Strike_R+1","Strike_R+1","Defend_R+1","Defend_R+1","Defend_R+1","Defend_R+1","Bash+1","Iron Wave","Twin Strike+1","Headbutt","Iron Wave","Shrug It Off","Thunderclap","Juggernaut","Dropkick+1","Pommel Strike","Pummel"],"relics":["Burning Blood","Art of War","Bag of Marbles","Dead Branch","Blue Candle","Ornamental Fan","Pantograph","Pocketwatch","Busted Crown","GremlinMask"],"potions_floor_usage":[14,18,23],"damage_taken":[{"damage":5,"enemies":"Cultist","floor":1,"turns":5},{"damage":2,"enemies":"Jaw Worm","floor":2,"turns":4},{"damage":6,"enemies":"2 Louse","floor":3,"turns":3},{"damage":24,"enemies":"Gremlin Nob","floor":6,"turns":4},{"damage":6,"enemies":"Looter","floor":7,"turns":2},{"damage":3,"enemies":"Lots of Slimes","floor":12,"turns":5},{"damage":10,"enemies":"Lagavulin","floor":14,"turns":4},{"damage":44,"enemies":"The Guardian","floor":16,"turns":12},{"damage":23,"enemies":"Shell Parasite","floor":18,"turns":5},{"damage":0,"enemies":"3 Byrds","floor":20,"turns":5},{"damage":45,"enemies":"Gremlin Leader","floor":23,"turns":5}],"seed_played":"-8274541173251150365","potions_obtained":[{"floor":6,"key":"AttackPotion"},{"floor":12,"key":"SneckoOil"},{"floor":16,"key":"BloodPotion"}],"is_trial":false,"path_per_floor":["M","M","M","?","?","E","M","?","T","R","?","M","T","E","R","B",null,"M","$","M","?","?"],"character_chosen":"IRONCLAD","items_purchased":["Pommel Strike"],"campfire_rested":1,"item_purchase_floors":[19],"current_hp_per_floor":[73,77,77,77,59,41,41,41,41,65,65,68,68,64,64,42,71,62,62,68,68,68,23],"gold":403,"neow_bonus":"RANDOM_COMMON_RELIC","is_prod":false,"is_daily":false,"chose_seed":false,"campfire_upgraded":1,"win_rate":0,"timestamp":1536844990,"path_taken":["M","M","M","?","?","E","M","?","T","R","?","?","?","E","R","BOSS","M","$","M","?","?","E"],"build_version":"2018-09-06","purchased_purges":0,"victory":false,"max_hp_per_floor":[80,80,80,80,80,80,80,80,80,80,80,80,80,80,80,80,80,80,80,80,80,80,80],"card_choices":[{"not_picked":["Wild Strike","Warcry"],"picked":"Iron Wave","floor":1},{"not_picked":["Heavy Blade","Sword Boomerang"],"picked":"Twin Strike","floor":2},{"not_picked":["Inflame","Brutality"],"picked":"Headbutt","floor":3},{"not_picked":["Clash","Wild Strike"],"picked":"Double Tap","floor":6},{"not_picked":["Seeing Red","Flex"],"picked":"Iron Wave","floor":7},{"not_picked":["Heavy Blade","Wild Strike"],"picked":"Shrug It Off","floor":12},{"not_picked":["Blood for Blood","Evolve"],"picked":"Thunderclap","floor":14},{"not_picked":["Impervious","Barricade"],"picked":"Juggernaut","floor":16},{"not_picked":[],"picked":"Dropkick+1","floor":18},{"not_picked":[],"picked":"Pummel","floor":20}],"player_experience":594780,"relics_obtained":[{"floor":6,"key":"Dead Branch"},{"floor":9,"key":"Ornamental Fan"},{"floor":13,"key":"Pantograph"},{"floor":14,"key":"Pocketwatch"}],"event_choices":[{"event_name":"Living Wall","player_choice":"Grow","floor":4,"damage_taken":0},{"event_name":"Scrap Ooze","player_choice":"success","floor":5,"damage_taken":18},{"event_name":"WeMeetAgain","player_choice":"Card","floor":8,"damage_taken":0},{"event_name":"Match and Keep!","player_choice":"0 cards matched","floor":11,"damage_taken":0},{"event_name":"FaceTrader","player_choice":"Trade","floor":21,"damage_taken":0},{"event_name":"Back to Basics","player_choice":"Simplicity","floor":22,"damage_taken":0}],"is_beta":false,"boss_relics":[{"not_picked":["Runic Cube","Orrery"],"picked":"Busted Crown"}],"items_purged_floors":[],"is_endless":false,"potions_floor_spawned":[6,12,16],"killed_by":"Gremlin Leader","ascension_level":8}