{"gold_per_floor":[115,64,83,36,36,111,286,313,313,313,329,348,378,397,397,493,493,504,171,158,158,158,192,192],"floor_reached":24,"playtime":1471,"items_purged":[],"score":249,"play_id":"06c23290-32b8-4b59-aedd-720675ad9be1","local_time":"20181116153157","is_ascension_mode":false,"campfire_choices":[{"data":"Dagger Spray","floor":10,"key":"SMITH"},{"data":"Deadly Poison","floor":15,"key":"SMITH"}],"neow_cost":"NONE","seed_source_timestamp":108255371094189,"circlet_count":0,"master_deck":["Defend_G","Defend_G","Defend_G","Defend_G","Defend_G","Strike_G","Strike_G","Strike_G","Strike_G","Survivor","Neutralize","Poisoned Stab","Slice","Dagger Spray","Dagger Spray+1","Well Laid Plans","Blade Dance","Dagger Spray","Blur","Deadly Poison+1","Glass Knife+1","Noxious Fumes","Backstab","Bane+1","Dash","Sucker Punch+1"],"relics":["Ring of the Snake","NeowsBlessing","Torii","Question Card","Smiling Mask","Empty Cage","Pantograph","Sundial"],"potions_floor_usage":[13,16,18],"damage_taken":[{"damage":0,"enemies":"2 Louse","floor":1,"turns":1},{"damage":0,"enemies":"Jaw Worm","floor":3,"turns":1},{"damage":0,"enemies":"3 Sentries","floor":8,"turns":1},{"damage":0,"enemies":"Cultist","floor":11,"turns":3},{"damage":1,"enemies":"2 Fungi Beasts","floor":12,"turns":4},{"damage":26,"enemies":"Lagavulin","floor":13,"turns":7},{"damage":0,"enemies":"Blue Slaver","floor":14,"turns":4},{"damage":30,"enemies":"Slime Boss","floor":16,"turns":9},{"damage":0,"enemies":"3 Byrds","floor":18,"turns":2},{"damage":11,"enemies":"2 Thieves","floor":20,"turns":4},{"damage":42,"enemies":"Slavers","floor":23,"turns":4}],"seed_played":"659389439050241266","potions_obtained":[{"floor":8,"key":"Fire Potion"},{"floor":14,"key":"Poison Potion"},{"floor":16,"key":"SkillPotion"},{"floor":20,"key":"FairyPotion"}],"is_trial":false,"path_per_floor":["M","$","M","$","?","?","?","E","T","R","M","M","E","M","R","B",null,"M","$","M","?","?","E","$"],"character_chosen":"THE_SILENT","items_purchased":["Slice","Dagger Spray","Backstab","Pantograph"],"campfire_rested":0,"item_purchase_floors":[2,4,19,19],"current_hp_per_floor":[70,70,70,70,75,64,64,64,64,64,64,63,37,37,37,7,75,75,75,64,64,64,22,22],"gold":192,"neow_bonus":"THREE_ENEMY_KILL","is_prod":false,"is_daily":false,"chose_seed":false,"campfire_upgraded":2,"win_rate":0,"timestamp":1542403917,"path_taken":["M","$","M","$","?","?","?","E","T","R","M","M","E","M","R","BOSS","M","$","M","?","?","E","$"],"build_version":"2018-11-15","purchased_purges":0,"victory":false,"max_hp_per_floor":[70,70,70,70,75,75,75,75,75,75,75,75,75,75,75,75,75,75,75,75,75,75,75,75],"card_choices":[{"not_picked":["Acrobatics","Terror"],"picked":"Poisoned Stab","floor":1},{"not_picked":["Sucker Punch","Dagger Throw"],"picked":"Dagger Spray","floor":3},{"not_picked":["Predator","Skewer"],"picked":"Well Laid Plans","floor":8},{"not_picked":["Backflip","Masterful Stab","Outmaneuver"],"picked":"Blade Dance","floor":11},{"not_picked":["Dash","Bouncing Flask","Cloak And Dagger"],"picked":"Dagger Spray","floor":12},{"not_picked":["Prepared","Sucker Punch","Deadly Poison"],"picked":"Blur","floor":13},{"not_picked":["PiercingWail","Masterful Stab","Venomology"],"picked":"Deadly Poison","floor":14},{"not_picked":["A Thousand Cuts","Wraith Form v2","Malaise"],"picked":"Glass Knife","floor":16},{"not_picked":["Blur","Underhanded Strike+1","Riddle With Holes"],"picked":"Noxious Fumes","floor":18},{"not_picked":["Dodge and Roll","Distraction","Dagger Throw"],"picked":"Bane+1","floor":20},{"not_picked":["Flying Knee","Blur+1","Eviscerate"],"picked":"Sucker Punch+1","floor":23}],"player_experience":1022824,"relics_obtained":[{"floor":8,"key":"Torii"},{"floor":9,"key":"Question Card"},{"floor":13,"key":"Smiling Mask"},{"floor":23,"key":"Sundial"}],"event_choices":[{"damage_healed":0,"gold_gain":0,"player_choice":"Donut","damage_taken":0,"max_hp_gain":5,"max_hp_loss":0,"event_name":"Big Fish","floor":5,"gold_loss":0},{"damage_healed":0,"gold_gain":75,"player_choice":"Gather Gold","damage_taken":11,"max_hp_gain":0,"max_hp_loss":0,"event_name":"World of Goop","floor":6,"gold_loss":0},{"damage_healed":0,"gold_gain":175,"player_choice":"AGREE","damage_taken":0,"max_hp_gain":0,"max_hp_loss":0,"event_name":"Liars Game","floor":7,"gold_loss":0,"cards_obtained":["Doubt"]},{"damage_healed":0,"gold_gain":0,"player_choice":"Read","damage_taken":0,"max_hp_gain":0,"max_hp_loss":0,"event_name":"The Library","floor":21,"gold_loss":0,"cards_obtained":["Dash"]},{"damage_healed":0,"gold_gain":0,"player_choice":"Forge","damage_taken":0,"max_hp_gain":0,"max_hp_loss":0,"event_name":"Accursed Blacksmith","floor":22,"gold_loss":0,"cards_upgraded":["Glass Knife"]}],"is_beta":false,"boss_relics":[{"not_picked":["Pandora\u0027s Box","Sozu"],"picked":"Empty Cage"}],"items_purged_floors":[],"is_endless":false,"potions_floor_spawned":[8,14,16,20],"ascension_level":0}