{"gold_per_floor":[116,126,126,201,201,201,218,249,331,331,341,341,361,374,374,449,449,459,509,509,434,448,448,480,44,44,77,77,94,94,121,121,195,195,207,225,225,242,262,262,295,295,295,308,342,442,442,442,442,442,442,442,442,29,63,63],"floor_reached":57,"playtime":4144,"items_purged":["Strike_B"],"score":2861,"play_id":"4af0750a-96d0-465e-85db-b2b39a38f6f9","local_time":"20190620192737","is_ascension_mode":true,"campfire_choices":[{"floor":6.0,"key":"REST"},{"floor":10.0,"key":"REST"},{"data":"Doom and Gloom","floor":12.0,"key":"SMITH"},{"floor":15.0,"key":"REST"},{"floor":23.0,"key":"REST"},{"data":"Sunder","floor":30.0,"key":"SMITH"},{"data":"Biased Cognition","floor":32.0,"key":"SMITH"},{"data":"Heatsinks","floor":40.0,"key":"SMITH"},{"floor":42.0,"key":"RECALL"},{"data":"Coolheaded","floor":47.0,"key":"SMITH"},{"data":"Coolheaded","floor":49.0,"key":"SMITH"},{"data":"Coolheaded","floor":53.0,"key":"SMITH"}],"neow_cost":"NONE","seed_source_timestamp":22469460431484,"circlet_count":0,"master_deck":["AscendersBane","Defend_B","Defend_B","Defend_B","Defend_B","Dualcast","Coolheaded+1","Go for the Eyes+1","Rebound","Doom and Gloom+1","Coolheaded+1","Hologram","Undo","Electrodynamics","Coolheaded+1","Necronomicurse","Conserve Battery+1","Biased Cognition+1","Sunder+1","White Noise","Heatsinks+1","Double Energy","Amplify","Turbo+1","Genetic Algorithm+1","Hologram","Beam Cell+1","Loop","Coolheaded+1","Self Repair+1","Loop+1","Defragment+1"],"special_seed":0,"relics":["Cracked Core","DataDisk","Cables","Runic Pyramid","Necronomicon","Bottled Lightning","OrangePellets","Pantograph","Mummified Hand","Juzu Bracelet","Astrolabe","Dodecahedron","Frozen Egg 2","Prayer Wheel","Calipers","Art of War"],"potions_floor_usage":[55,56],"damage_taken":[{"damage":9.0,"enemies":"Jaw Worm","floor":1.0,"turns":4.0},{"damage":0.0,"enemies":"Small Slimes","floor":2.0,"turns":6.0},{"damage":0.0,"enemies":"Cultist","floor":7.0,"turns":3.0},{"damage":43.0,"enemies":"Gremlin Nob","floor":8.0,"turns":4.0},{"damage":5.0,"enemies":"Gremlin Gang","floor":11.0,"turns":2.0},{"damage":1.0,"enemies":"Exordium Wildlife","floor":13.0,"turns":4.0},{"damage":3.0,"enemies":"Blue Slaver","floor":14.0,"turns":3.0},{"damage":34.0,"enemies":"Slime Boss","floor":16.0,"turns":7.0},{"damage":0.0,"enemies":"3 Byrds","floor":18.0,"turns":2.0},{"damage":9.0,"enemies":"2 Thieves","floor":22.0,"turns":4.0},{"damage":11.0,"enemies":"Book of Stabbing","floor":24.0,"turns":4.0},{"damage":5.0,"enemies":"Gremlin Leader","floor":27.0,"turns":5.0},{"damage":0.0,"enemies":"3 Cultists","floor":29.0,"turns":3.0},{"damage":9.0,"enemies":"Book of Stabbing","floor":31.0,"turns":4.0},{"damage":1.0,"enemies":"Automaton","floor":33.0,"turns":8.0},{"damage":0.0,"enemies":"3 Shapes","floor":35.0,"turns":3.0},{"damage":17.0,"enemies":"3 Darklings","floor":36.0,"turns":3.0},{"damage":0.0,"enemies":"Jaw Worm Horde","floor":38.0,"turns":5.0},{"damage":6.0,"enemies":"Writhing Mass","floor":39.0,"turns":5.0},{"damage":0.0,"enemies":"Nemesis","floor":41.0,"turns":7.0},{"damage":0.0,"enemies":"3 Darklings","floor":44.0,"turns":2.0},{"damage":42.0,"enemies":"Reptomancer","floor":45.0,"turns":5.0},{"damage":0.0,"enemies":"Mind Bloom Boss Battle","floor":46.0,"turns":5.0},{"damage":0.0,"enemies":"Time Eater","floor":50.0,"turns":10.0},{"damage":10.0,"enemies":"Awakened One","floor":51.0,"turns":13.0},{"damage":63,"enemies":"Shield and Spear","floor":55,"turns":10},{"damage":25,"enemies":"The Heart","floor":56,"turns":11}],"seed_played":"4319966084422265314","potions_obtained":[{"floor":1.0,"key":"Poison Potion"},{"floor":8.0,"key":"Ancient Potion"},{"floor":14.0,"key":"Fruit Juice"},{"floor":16.0,"key":"GamblersBrew"},{"floor":28.0,"key":"EntropicBrew"},{"floor":29.0,"key":"FocusPotion"},{"floor":33.0,"key":"Energy Potion"}],"is_trial":false,"path_per_floor":["M","M","?","?","?","R","M","E","T","R","M","R","M","M","R","B",null,"M","?","?","$","M","R","E","$","T","E","?","M","R","E","R","B",null,"M","M","?","M","M","R","E","R","T","M","E","?","R","?","R","B","B",null,"R","$","E","B",null],"character_chosen":"DEFECT","items_purchased":["OrangePellets","Biased Cognition","Sunder","Defragment+1","Calipers"],"campfire_rested":4,"item_purchase_floors":[25,25,25,54,54],"current_hp_per_floor":[55,55,34,23,23,44,44,1,1,22,17,17,16,13,34,5,58,58,58,37,37,28,50,39,39,39,34,34,34,34,25,25,49,69,69,52,86,86,80,80,80,80,80,80,48,86,86,82,82,82,82,82,82,82,39,49],"gold":63,"neow_bonus":"REMOVE_CARD","is_prod":false,"is_daily":false,"chose_seed":false,"campfire_upgraded":7,"win_rate":0,"timestamp":1561051657,"path_taken":["M","M","?","?","?","R","?","E","T","R","M","R","M","M","R","BOSS","M","?","?","$","M","R","E","$","T","E","?","M","R","E","R","BOSS","M","M","?","M","M","R","E","R","T","M","E","?","R","?","R","BOSS","BOSS","R","$","E","BOSS"],"build_version":"2019-01-23","purchased_purges":1,"victory":true,"max_hp_per_floor":[71,71,71,71,71,71,71,71,71,71,71,71,71,71,71,76,76,76,76,76,76,76,76,76,76,76,76,76,76,76,76,76,76,76,76,76,86,86,86,86,86,86,86,86,86,86,86,82,82,82,82,82,82,82,82,82],"card_choices":[{"not_picked":["Chaos","Turbo"],"picked":"Coolheaded","floor":1.0},{"not_picked":["Leap","Storm"],"picked":"Go for the Eyes","floor":2.0},{"not_picked":["Turbo","Leap"],"picked":"Rebound","floor":7.0},{"not_picked":["Static Discharge","Sweeping Beam"],"picked":"Doom and Gloom","floor":8.0},{"not_picked":["Lockon","Creative AI"],"picked":"Coolheaded","floor":11.0},{"not_picked":["Gash","Rip and Tear"],"picked":"Hologram","floor":13.0},{"not_picked":["Steam Power","Scrape"],"picked":"Undo","floor":14.0},{"not_picked":["Multi-Cast","Reboot"],"picked":"Electrodynamics","floor":16.0},{"not_picked":["Stack","Cold Snap"],"picked":"Coolheaded+1","floor":18.0},{"not_picked":["Rip and Tear","Rebound"],"picked":"Conserve Battery+1","floor":22.0},{"not_picked":["Fusion","Rebound","Sweeping Beam+1"],"picked":"SKIP","floor":24.0},{"not_picked":["Redo","Sweeping Beam+1"],"picked":"White Noise","floor":27.0},{"not_picked":["Steam","Hello World"],"picked":"Heatsinks","floor":29.0},{"not_picked":["Electrodynamics","Beam Cell"],"picked":"Double Energy","floor":31.0},{"not_picked":["Machine Learning","Buffer"],"picked":"Amplify","floor":33.0},{"not_picked":["Turbo","Conserve Battery"],"picked":"Hologram","floor":35.0},{"not_picked":["Gash","Streamline+1"],"picked":"Beam Cell+1","floor":36.0},{"not_picked":["Cold Snap","Sunder"],"picked":"Loop","floor":38.0},{"not_picked":["Fusion","Force Field"],"picked":"Coolheaded","floor":39.0},{"not_picked":["Streamline+1","BootSequence","Compile Driver+1"],"picked":"SKIP","floor":41.0},{"not_picked":["Doom and Gloom+1","All For One"],"picked":"Self Repair+1","floor":44.0},{"not_picked":["Amplify","Leap","Consume"],"picked":"SKIP","floor":45.0},{"not_picked":["Sweeping Beam","Cold Snap+1"],"picked":"Loop+1","floor":46.0},{"not_picked":["Chaos","Tempest","Meteor Strike"],"picked":"SKIP","floor":55}],"player_experience":1417153,"relics_obtained":[{"floor":8.0,"key":"DataDisk"},{"floor":9.0,"key":"Cables"},{"floor":20.0,"key":"Necronomicon"},{"floor":24.0,"key":"Bottled Lightning"},{"floor":26.0,"key":"Pantograph"},{"floor":27.0,"key":"Mummified Hand"},{"floor":31.0,"key":"Juzu Bracelet"},{"floor":41.0,"key":"Dodecahedron"},{"floor":45.0,"key":"Frozen Egg 2"},{"floor":46.0,"key":"Prayer Wheel"},{"floor":55,"key":"Art of War"}],"event_choices":[{"damage_healed":0.0,"max_hp_gain":0.0,"max_hp_loss":0.0,"gold_gain":0.0,"event_name":"Shining Light","player_choice":"Entered Light","floor":3.0,"gold_loss":0.0,"damage_taken":21.0,"cards_upgraded":["Strike_B","Go for the Eyes"]},{"damage_healed":0.0,"max_hp_gain":0.0,"max_hp_loss":0.0,"gold_gain":75.0,"event_name":"World of Goop","player_choice":"Gather Gold","floor":4.0,"gold_loss":0.0,"damage_taken":11.0},{"damage_healed":0.0,"max_hp_gain":0.0,"max_hp_loss":0.0,"gold_gain":0.0,"event_name":"Liars Game","player_choice":"Ignored","floor":5.0,"gold_loss":0.0,"damage_taken":0.0},{"damage_healed":0.0,"max_hp_gain":0.0,"max_hp_loss":0.0,"gold_gain":50.0,"event_name":"Nest","player_choice":"Stole From Cult","floor":19.0,"gold_loss":0.0,"damage_taken":0.0},{"damage_healed":0.0,"max_hp_gain":0.0,"max_hp_loss":0.0,"gold_gain":0.0,"event_name":"Cursed Tome","player_choice":"Obtained Book","floor":20.0,"gold_loss":0.0,"damage_taken":21.0},{"damage_healed":0.0,"max_hp_gain":0.0,"max_hp_loss":0.0,"gold_gain":0.0,"event_name":"Lab","player_choice":"Got Potions","floor":28.0,"gold_loss":0.0,"damage_taken":0.0},{"cards_removed":["Multi-Cast"],"damage_healed":24.0,"max_hp_gain":10.0,"max_hp_loss":0.0,"gold_gain":0.0,"event_name":"Bonfire Elementals","player_choice":"Offered Rare","floor":37.0,"gold_loss":0.0,"damage_taken":0.0},{"damage_healed":0.0,"max_hp_gain":0.0,"max_hp_loss":0.0,"gold_gain":0.0,"event_name":"MindBloom","player_choice":"Fight","floor":46.0,"gold_loss":0.0,"damage_taken":0.0},{"damage_healed":0.0,"max_hp_gain":0.0,"max_hp_loss":4.0,"gold_gain":0.0,"event_name":"Winding Halls","player_choice":"Max HP","floor":48.0,"gold_loss":0.0,"damage_taken":0.0}],"is_beta":false,"boss_relics":[{"not_picked":["Sozu","Empty Cage"],"picked":"Runic Pyramid"},{"not_picked":["Coffee Dripper","Eternal Feather"],"picked":"Astrolabe"}],"items_purged_floors":[21],"is_endless":false,"potions_floor_spawned":[1,8,14,16,27,29,31,33,35,39,44],"ascension_level":20}