{"gold_per_floor":[116,39,52,64,17,17,76,76,100,118,118,138,63,13,13,108,108,119,136,154,154,171,202,221,237,262,262,273,31,31,50,50,146,146,166,183,58,108,108],"floor_reached":39,"playtime":4453,"items_purged":["Defend_B","Defend_B","Strike_B"],"score":420,"play_id":"1ddd76e0-5bcc-4314-8ef2-513877dc01c0","local_time":"20180716100646","is_ascension_mode":false,"campfire_choices":[{"data":"Cold Snap","floor":6,"key":"SMITH"},{"floor":8,"key":"REST"},{"data":"Sweeping Beam","floor":15,"key":"SMITH"},{"floor":27,"key":"REST"},{"floor":30,"key":"REST"},{"floor":32,"key":"REST"}],"neow_cost":"","seed_source_timestamp":84760818817073,"circlet_count":0,"master_deck":["Strike_B+1","Strike_B+1","Defend_B","Defend_B","Zap","Dualcast","Doom and Gloom","Cold Snap+1","Leap","Melter","Beam Cell","Conserve Battery","BootSequence","Static Discharge","Sweeping Beam+1","Machine Learning","Streamline","Conserve Battery","Coolheaded+1","Compile Driver+1","Steam","Hologram+1","Seek","Redo+1","Creative AI","Rainbow","Genetic Algorithm","Thunder Strike","Self Repair+1","Sweeping Beam+1"],"relics":["Cracked Core","Pen Nib","Anchor","Velvet Choker","Whetstone","Dream Catcher","Philosopher\u0027s Stone","Oddly Smooth Stone"],"potions_floor_usage":[16,16,22,23,24,24,31,31,35],"damage_taken":[{"damage":0,"enemies":"Small Slimes","floor":1,"turns":3},{"damage":2,"enemies":"2 Louse","floor":3,"turns":2},{"damage":0,"enemies":"Cultist","floor":4,"turns":3},{"damage":14,"enemies":"Lagavulin Event","floor":7,"turns":5},{"damage":0,"enemies":"3 Louse","floor":10,"turns":4},{"damage":1,"enemies":"Exordium Thugs","floor":12,"turns":3},{"damage":21,"enemies":"Slime Boss","floor":16,"turns":6},{"damage":0,"enemies":"Spheric Guardian","floor":18,"turns":3},{"damage":0,"enemies":"Chosen","floor":19,"turns":3},{"damage":9,"enemies":"Snake Plant","floor":20,"turns":4},{"damage":2,"enemies":"Centurion and Healer","floor":22,"turns":5},{"damage":0,"enemies":"Slavers","floor":23,"turns":3},{"damage":3,"enemies":"Cultist and Chosen","floor":24,"turns":5},{"damage":21,"enemies":"Snecko","floor":25,"turns":6},{"damage":12,"enemies":"Snake Plant","floor":28,"turns":5},{"damage":6,"enemies":"Slaver and Parasite","floor":31,"turns":4},{"damage":68,"enemies":"Automaton","floor":33,"turns":10},{"damage":31,"enemies":"3 Darklings","floor":35,"turns":5},{"damage":37,"enemies":"3 Shapes","floor":36,"turns":4},{"damage":25,"enemies":"Sphere and 2 Shapes","floor":39,"turns":2}],"seed_played":"-4755344821295507258","potions_obtained":[{"floor":7,"key":"LiquidBronze"},{"floor":7,"key":"Block Potion"},{"floor":12,"key":"Dexterity Potion"},{"floor":16,"key":"SkillPotion"},{"floor":20,"key":"Explosive Potion"},{"floor":22,"key":"Fire Potion"},{"floor":23,"key":"Explosive Potion"},{"floor":28,"key":"Fire Potion"},{"floor":33,"key":"Swift Potion"},{"floor":36,"key":"Swift Potion"}],"is_trial":false,"path_per_floor":["M","$","M","M","$","R","?","R","T","M","?","M","$","?","R","B",null,"M","M","M","?","M","E","M","M","T","R","M","$","R","M","R","B",null,"M","M","$","T"],"character_chosen":"DEFECT","items_purchased":["Cold Snap","Leap","Conserve Battery","Rainbow"],"campfire_rested":4,"item_purchase_floors":[2,2,5,29],"current_hp_per_floor":[75,75,73,73,73,73,59,75,75,75,75,74,74,74,74,53,75,75,75,66,66,64,64,61,40,40,62,50,50,72,66,75,7,75,44,17,17,17,0],"gold":108,"neow_bonus":"","is_prod":false,"is_daily":false,"chose_seed":false,"campfire_upgraded":2,"win_rate":0.0,"timestamp":1531760806,"path_taken":["M","$","M","M","$","R","?","R","T","M","?","M","$","?","R","BOSS","M","M","M","?","M","E","M","M","T","R","?","$","R","M","R","BOSS","M","M","$","?","M"],"build_version":"2018-07-12","purchased_purges":3,"victory":false,"max_hp_per_floor":[75,75,75,75,75,75,75,75,75,75,75,75,75,75,75,75,75,75,75,75,75,75,75,75,75,75,75,75,75,75,75,75,75,75,75,75,75,75,75],"card_choices":[{"not_picked":["Gash","Lockon"],"picked":"Doom and Gloom","floor":1},{"not_picked":["Tempest","Capacitor"],"picked":"Melter","floor":3},{"not_picked":["Stack","Cold Snap"],"picked":"Beam Cell","floor":4},{"not_picked":["Go for the Eyes","Consume"],"picked":"BootSequence","floor":7},{"not_picked":["Blizzard","Capacitor"],"picked":"Static Discharge","floor":10},{"not_picked":["Chaos","Defragment"],"picked":"Sweeping Beam","floor":12},{"not_picked":["Biased Cognition","Buffer"],"picked":"Machine Learning","floor":16},{"not_picked":["Lockon","Beam Cell"],"picked":"Streamline","floor":18},{"not_picked":["Gash","Cold Snap"],"picked":"Conserve Battery","floor":19},{"not_picked":["Streamline","Conserve Battery+1"],"picked":"Coolheaded+1","floor":20},{"not_picked":["Cold Snap","Conserve Battery+1"],"picked":"Compile Driver+1","floor":22},{"not_picked":["Hologram","Streamline+1"],"picked":"Steam","floor":23},{"not_picked":["Storm","Conserve Battery"],"picked":"Hologram+1","floor":24},{"not_picked":["Scrape+1","Blizzard"],"picked":"Seek","floor":25},{"not_picked":["Ball Lightning","Hologram"],"picked":"Redo+1","floor":27},{"not_picked":["Ball Lightning","Conserve Battery"],"picked":"Creative AI","floor":28},{"not_picked":["Redo","Hologram"],"picked":"Genetic Algorithm","floor":31},{"not_picked":["Biased Cognition","Amplify"],"picked":"Thunder Strike","floor":33},{"not_picked":["Streamline+1","Barrage+1"],"picked":"Self Repair+1","floor":35},{"not_picked":["Ball Lightning","Coolheaded"],"picked":"Sweeping Beam+1","floor":36}],"player_experience":36360,"relics_obtained":[{"floor":7,"key":"Pen Nib"},{"floor":9,"key":"Anchor"},{"floor":23,"key":"Whetstone"},{"floor":26,"key":"Dream Catcher"},{"floor":38,"key":"Oddly Smooth Stone"}],"event_choices":[{"event_name":"Dead Adventurer","player_choice":"Searched \u00271\u0027 times","floor":7,"damage_taken":0},{"event_name":"Scrap Ooze","player_choice":"unsuccessful","floor":11,"damage_taken":0},{"event_name":"The Cleric","player_choice":"Card Removal","floor":14,"damage_taken":0},{"event_name":"Ghosts","player_choice":"Ignored","floor":21,"damage_taken":0}],"boss_relics":[{"not_picked":["Eternal Feather","Busted Crown"],"picked":"Velvet Choker"},{"not_picked":["Fusion Hammer","Black Star"],"picked":"Philosopher\u0027s Stone"}],"items_purged_floors":[13,29,37],"is_endless":false,"potions_floor_spawned":[7,7,12,16,20,22,23,28,33,36],"killed_by":"Sphere and 2 Shapes","ascension_level":0}