{"gold_per_floor":[118,118,7,19,19,54,54,86,112,112,129,129,158,178,178,274,274,255,270,288,288,33,33,65,65,91,107,125,142,142,157,157,255,255,274,294,394,63,63,93,93,108,108,108,108,121,131,151,151,151],"floor_reached":51,"playtime":6060,"items_purged":["Writhe","Blizzard+1","Pain"],"score":803,"play_id":"69e61ee1-97bf-435a-8d86-eacf4c079901","local_time":"20181129185915","is_ascension_mode":true,"campfire_choices":[{"floor":7,"key":"REST"},{"floor":10,"key":"REST"},{"data":"Zap","floor":15,"key":"SMITH"},{"floor":23,"key":"REST"},{"floor":25,"key":"REST"},{"data":"Buffer","floor":30,"key":"SMITH"},{"data":"Redo","floor":32,"key":"SMITH"},{"floor":41,"key":"REST"},{"floor":49,"key":"REST"}],"neow_cost":"CURSE","seed_source_timestamp":342859969624047,"circlet_count":0,"master_deck":["Strike_B","Defend_B","Defend_B+1","Defend_B","Zap+1","Dualcast+1","Tempest","Defragment+1","Self Repair","Steam","Tempest","Turbo","Ball Lightning","Sweeping Beam","Buffer+1","Stack+1","Self Repair+1","BootSequence","Ball Lightning","FTL+1","Zap","Redo+1","Reinforced Body","Seek","Coolheaded+1","Genetic Algorithm","Thunder Strike","Clumsy","Decay","Ball Lightning+1","Core Surge+1","Blind+1","Parasite"],"relics":["Cracked Core","Gambling Chip","Lantern","Symbiotic Virus","PreservedInsect","Centennial Puzzle","Astrolabe","DataDisk","Thread and Needle","Happy Flower","Calling Bell","Bag of Preparation","Matryoshka","Peace Pipe","Girya","Runic Capacitor","FaceOfCleric","Dead Branch","Toxic Egg 2","War Paint"],"potions_floor_usage":[6,6,13,16,33,33,37,50,50,50],"damage_taken":[{"damage":2,"enemies":"Jaw Worm","floor":1,"turns":3},{"damage":5,"enemies":"Small Slimes","floor":4,"turns":3},{"damage":25,"enemies":"Lagavulin","floor":6,"turns":5},{"damage":31,"enemies":"Gremlin Nob","floor":8,"turns":4},{"damage":0,"enemies":"Cultist","floor":11,"turns":2},{"damage":4,"enemies":"Lagavulin","floor":13,"turns":3},{"damage":5,"enemies":"Exordium Wildlife","floor":14,"turns":3},{"damage":14,"enemies":"Slime Boss","floor":16,"turns":7},{"damage":19,"enemies":"2 Thieves","floor":18,"turns":4},{"damage":20,"enemies":"Shell Parasite","floor":19,"turns":4},{"damage":32,"enemies":"Centurion and Healer","floor":20,"turns":7},{"damage":29,"enemies":"Slavers","floor":24,"turns":4},{"damage":6,"enemies":"Snake Plant","floor":27,"turns":3},{"damage":20,"enemies":"Shelled Parasite and Fungi","floor":28,"turns":4},{"damage":13,"enemies":"Centurion and Healer","floor":29,"turns":4},{"damage":8,"enemies":"Chosen and Byrds","floor":31,"turns":4},{"damage":61,"enemies":"Automaton","floor":33,"turns":12},{"damage":16,"enemies":"3 Shapes","floor":35,"turns":4},{"damage":58,"enemies":"3 Darklings","floor":36,"turns":5},{"damage":8,"enemies":"Mind Bloom Boss Battle","floor":37,"turns":5},{"damage":14,"enemies":"Nemesis","floor":40,"turns":5},{"damage":44,"enemies":"4 Shapes","floor":42,"turns":4},{"damage":20,"enemies":"Spire Growth","floor":46,"turns":5},{"damage":0,"enemies":"Sphere and 2 Shapes","floor":47,"turns":4},{"damage":4,"enemies":"Writhing Mass","floor":48,"turns":4},{"damage":2,"enemies":"Time Eater","floor":50,"turns":9}],"seed_played":"-5558558463822827662","potions_obtained":[{"floor":1,"key":"AttackPotion"},{"floor":4,"key":"Weak Potion"},{"floor":8,"key":"SkillPotion"},{"floor":14,"key":"Dexterity Potion"},{"floor":20,"key":"SpeedPotion"},{"floor":24,"key":"Ancient Potion"},{"floor":29,"key":"AttackPotion"},{"floor":33,"key":"FearPotion"},{"floor":36,"key":"LiquidBronze"},{"floor":42,"key":"FocusPotion"},{"floor":48,"key":"Weak Potion"}],"is_trial":false,"path_per_floor":["M","?","$","M","?","E","R","E","T","R","M","?","E","M","R","B",null,"M","M","M","?","$","R","E","R","T","M","M","M","R","M","R","B",null,"M","M","?","$","?","E","R","M","T","?","?","M","M","M","R","B",null],"character_chosen":"DEFECT","items_purchased":["Defragment","DataDisk","Runic Capacitor"],"campfire_rested":6,"item_purchase_floors":[3,22,38],"current_hp_per_floor":[73,78,78,73,66,48,72,48,48,72,79,79,80,80,80,66,80,78,65,50,50,50,74,55,79,79,80,77,80,80,80,80,19,80,80,39,48,48,48,52,76,43,43,43,43,41,49,63,85,84],"gold":151,"neow_bonus":"ONE_RARE_RELIC","is_prod":false,"is_daily":false,"chose_seed":false,"campfire_upgraded":3,"win_rate":0,"timestamp":1543546755,"path_taken":["M","?","$","M","?","E","R","E","T","R","M","?","E","M","R","BOSS","M","?","M","?","$","R","E","R","T","M","M","?","R","M","R","BOSS","M","M","?","$","?","E","R","?","T","?","?","M","M","M","R","BOSS"],"build_version":"2018-11-15","purchased_purges":3,"victory":true,"max_hp_per_floor":[75,80,80,80,80,80,80,80,80,80,80,80,80,80,80,80,80,80,80,80,80,80,80,80,80,80,80,80,80,80,80,80,80,80,80,80,80,80,80,81,81,82,82,82,82,83,84,85,85,86],"card_choices":[{"not_picked":["Compile Driver","Self Repair"],"picked":"Tempest","floor":1},{"not_picked":["Heatsinks","Streamline"],"picked":"Self Repair","floor":4},{"not_picked":["Blizzard","Hologram"],"picked":"Steam","floor":6},{"not_picked":["Barrage","Skim"],"picked":"Tempest","floor":8},{"not_picked":["Steam","Auto Shields"],"picked":"Turbo","floor":11},{"not_picked":["Streamline","Force Field"],"picked":"Ball Lightning","floor":13},{"not_picked":["Steam","Go for the Eyes"],"picked":"Sweeping Beam","floor":14},{"not_picked":["Multi-Cast","Reboot"],"picked":"Buffer","floor":16},{"not_picked":["Ball Lightning+1","Go for the Eyes"],"picked":"BootSequence","floor":18},{"not_picked":["Rebound","Sweeping Beam"],"picked":"Ball Lightning","floor":19},{"not_picked":["Compile Driver","Rebound"],"picked":"FTL+1","floor":20},{"not_picked":["Capacitor","Aggregate"],"picked":"Reinforced Body","floor":24},{"not_picked":["Cold Snap","Beam Cell"],"picked":"Seek","floor":27},{"not_picked":["Cold Snap","Beam Cell"],"picked":"Coolheaded+1","floor":28},{"not_picked":["Hologram","Cold Snap"],"picked":"Genetic Algorithm","floor":29},{"not_picked":["Ball Lightning","Hologram+1","Stack"],"picked":"SKIP","floor":31},{"not_picked":["Rainbow","Biased Cognition"],"picked":"Thunder Strike","floor":33},{"not_picked":["Sweeping Beam+1","Streamline","Coolheaded+1"],"picked":"SKIP","floor":35},{"not_picked":["Tempest","Stack+1"],"picked":"Ball Lightning+1","floor":36},{"not_picked":["Turbo+1","Streamline+1"],"picked":"Core Surge","floor":40},{"not_picked":["Capacitor+1","Compile Driver+1","Go for the Eyes+1"],"picked":"SKIP","floor":42},{"not_picked":["Madness+1","Mayhem"],"picked":"Blind+1","floor":44},{"not_picked":["Leap+1","Skim+1","Compile Driver"],"picked":"SKIP","floor":46},{"not_picked":["Ball Lightning","Gash+1","Skim+1"],"picked":"SKIP","floor":47},{"not_picked":["Blizzard+1","Barrage","Undo+1"],"picked":"SKIP","floor":48}],"player_experience":514568,"relics_obtained":[{"floor":6,"key":"Lantern"},{"floor":8,"key":"Symbiotic Virus"},{"floor":9,"key":"PreservedInsect"},{"floor":13,"key":"Centennial Puzzle"},{"floor":24,"key":"Thread and Needle"},{"floor":26,"key":"Happy Flower"},{"floor":34,"key":"Bag of Preparation"},{"floor":34,"key":"Matryoshka"},{"floor":34,"key":"Peace Pipe"},{"floor":37,"key":"Girya"},{"floor":40,"key":"Dead Branch"},{"floor":43,"key":"Toxic Egg 2"},{"floor":43,"key":"War Paint"}],"event_choices":[{"damage_healed":0,"gold_gain":0,"player_choice":"Donut","damage_taken":0,"max_hp_gain":5,"max_hp_loss":0,"event_name":"Big Fish","floor":2,"gold_loss":0},{"cards_removed":["Strike_B"],"damage_healed":0,"gold_gain":0,"player_choice":"Card Removal","damage_taken":7,"max_hp_gain":0,"max_hp_loss":0,"event_name":"Golden Wing","floor":5,"gold_loss":0},{"damage_healed":0,"gold_gain":0,"player_choice":"Upgraded","damage_taken":0,"max_hp_gain":0,"max_hp_loss":0,"event_name":"Upgrade Shrine","floor":12,"gold_loss":0,"cards_upgraded":["Defragment"]},{"damage_healed":0,"gold_gain":0,"player_choice":"2 cards matched","damage_taken":0,"max_hp_gain":0,"max_hp_loss":0,"event_name":"Match and Keep!","floor":21,"gold_loss":0,"cards_obtained":["Zap","Redo"]},{"damage_healed":0,"gold_gain":0,"player_choice":"Fight","damage_taken":0,"max_hp_gain":0,"max_hp_loss":0,"event_name":"MindBloom","floor":37,"gold_loss":0},{"damage_healed":0,"gold_gain":0,"player_choice":"Trade","damage_taken":0,"relics_obtained":["FaceOfCleric"],"max_hp_gain":0,"max_hp_loss":0,"event_name":"FaceTrader","floor":39,"gold_loss":0},{"damage_healed":0,"gold_gain":0,"player_choice":"Memory 1","damage_taken":0,"max_hp_gain":0,"max_hp_loss":0,"event_name":"SensoryStone","floor":44,"gold_loss":0},{"damage_healed":0,"gold_gain":0,"player_choice":"Forge","damage_taken":0,"max_hp_gain":0,"max_hp_loss":0,"event_name":"Accursed Blacksmith","floor":45,"gold_loss":0,"cards_upgraded":["Core Surge"]}],"is_beta":false,"boss_relics":[{"not_picked":["Eternal Feather","Ectoplasm"],"picked":"Astrolabe"},{"not_picked":["Coffee Dripper","Velvet Choker"],"picked":"Calling Bell"}],"items_purged_floors":[3,22,38],"is_endless":false,"potions_floor_spawned":[1,4,8,14,20,24,29,33,36,42,48],"ascension_level":4}