{"gold_per_floor":[10,10,27,27,27,55,55,88,88,119,130,142,159,159,159,255,255,274,274,289,289,306,306],"floor_reached":23,"playtime":1149,"items_purged":[],"score":338,"play_id":"0c515448-b7ff-440d-be95-31f690997af3","local_time":"20190325101343","is_ascension_mode":true,"campfire_choices":[{"floor":7.0,"key":"REST"},{"data":"1","floor":15.0,"key":"LIFT"}],"neow_cost":"NO_GOLD","seed_source_timestamp":0,"circlet_count":0,"master_deck":["AscendersBane","Zap","Dualcast+1","Ball Lightning","Compile Driver","Electrodynamics","Leap","Lockon","BootSequence","Streamline","Rainbow","Core Surge","White Noise","Storm","Hello World","Chill","Core Surge","Compile Driver","Ball Lightning","Necronomicurse","Streamline","Doom and Gloom"],"special_seed":0,"relics":["Cracked Core","Pocketwatch","StoneCalendar","Du-Vu Doll","Dream Catcher","Girya","Pen Nib","Pandora\u0027s Box","Necronomicon"],"potions_floor_usage":[23],"damage_taken":[{"damage":7.0,"enemies":"2 Louse","floor":1.0,"turns":2.0},{"damage":0.0,"enemies":"Cultist","floor":3.0,"turns":4.0},{"damage":10.0,"enemies":"Lagavulin","floor":6.0,"turns":7.0},{"damage":10.0,"enemies":"3 Sentries","floor":8.0,"turns":3.0},{"damage":16.0,"enemies":"Gremlin Nob","floor":10.0,"turns":3.0},{"damage":1.0,"enemies":"Small Slimes","floor":11.0,"turns":2.0},{"damage":0.0,"enemies":"Red Slaver","floor":12.0,"turns":3.0},{"damage":0.0,"enemies":"2 Fungi Beasts","floor":13.0,"turns":2.0},{"damage":3.0,"enemies":"The Guardian","floor":16.0,"turns":7.0},{"damage":8.0,"enemies":"3 Byrds","floor":18.0,"turns":2.0},{"damage":12.0,"enemies":"2 Thieves","floor":20.0,"turns":2.0},{"damage":0,"enemies":"3 Cultists","floor":22,"turns":2},{"damage":29,"enemies":"Book of Stabbing","floor":23,"turns":3}],"seed_played":"-8861985768447782979","potions_obtained":[{"floor":1.0,"key":"Regen Potion"},{"floor":3.0,"key":"Energy Potion"},{"floor":10.0,"key":"LiquidBronze"},{"floor":16.0,"key":"SmokeBomb"},{"floor":18.0,"key":"Dexterity Potion"}],"is_trial":false,"path_per_floor":["M","?","M","?","?","E","R","E","T","E","M","M","M","?","R","B",null,"M","?","M","?","M","E"],"character_chosen":"DEFECT","items_purchased":[],"campfire_rested":1,"item_purchase_floors":[],"current_hp_per_floor":[61,61,61,49,49,39,61,51,51,35,34,34,34,34,34,31,64,56,40,28,28,28,0],"gold":306,"neow_bonus":"ONE_RARE_RELIC","is_prod":false,"is_daily":false,"chose_seed":false,"campfire_upgraded":0,"win_rate":0,"timestamp":1553526823,"path_taken":["M","?","?","?","?","E","R","E","T","E","M","M","?","?","R","BOSS","M","?","M","?","M","E"],"build_version":"2019-01-23","purchased_purges":0,"victory":false,"max_hp_per_floor":[75,75,75,75,75,75,75,75,75,75,75,75,75,75,75,75,75,75,75,75,75,75,75],"card_choices":[{"not_picked":["Reprogram","Conserve Battery"],"picked":"Ball Lightning","floor":1.0},{"not_picked":["Scrape","Barrage"],"picked":"Compile Driver","floor":3.0},{"not_picked":["Heatsinks","Barrage"],"picked":"Electrodynamics","floor":6.0},{"not_picked":["Force Field","Compile Driver"],"picked":"Leap","floor":8.0},{"not_picked":["Tempest","Redo"],"picked":"Lockon","floor":10.0},{"not_picked":["Steam","Rebound"],"picked":"BootSequence","floor":11.0},{"not_picked":["Self Repair","Rebound"],"picked":"Streamline","floor":12.0},{"not_picked":["Hologram","Chaos"],"picked":"Rainbow","floor":13.0},{"not_picked":["Machine Learning","Creative AI"],"picked":"Core Surge","floor":16.0},{"not_picked":["Stack","Rebound"],"picked":"Ball Lightning","floor":18.0},{"not_picked":["Aggregate","Beam Cell"],"picked":"Streamline","floor":20.0},{"not_picked":["Go for the Eyes","Rebound"],"picked":"Doom and Gloom","floor":22}],"player_experience":1263057,"relics_obtained":[{"floor":6.0,"key":"Du-Vu Doll"},{"floor":8.0,"key":"Dream Catcher"},{"floor":9.0,"key":"Girya"},{"floor":10.0,"key":"Pen Nib"},{"floor":19.0,"key":"Necronomicon"}],"event_choices":[{"cards_removed":["Strike_B"],"damage_healed":0.0,"max_hp_gain":0.0,"max_hp_loss":0.0,"gold_gain":0.0,"event_name":"Purifier","player_choice":"Purged","floor":2.0,"gold_loss":0.0,"damage_taken":0.0},{"damage_healed":0.0,"max_hp_gain":0.0,"max_hp_loss":0.0,"gold_gain":0.0,"event_name":"Scrap Ooze","player_choice":"Success","floor":4.0,"gold_loss":0.0,"damage_taken":12.0,"relics_obtained":["StoneCalendar"]},{"damage_healed":0.0,"max_hp_gain":0.0,"max_hp_loss":0.0,"gold_gain":0.0,"event_name":"Lab","player_choice":"Got Potions","floor":5.0,"gold_loss":0.0,"damage_taken":0.0},{"damage_healed":0.0,"max_hp_gain":0.0,"max_hp_loss":0.0,"gold_gain":0.0,"event_name":"Living Wall","player_choice":"Grow","floor":14.0,"gold_loss":0.0,"damage_taken":0.0,"cards_upgraded":["Dualcast"]},{"damage_healed":0.0,"max_hp_gain":0.0,"max_hp_loss":0.0,"gold_gain":0.0,"event_name":"Cursed Tome","player_choice":"Obtained Book","floor":19.0,"gold_loss":0.0,"damage_taken":16.0},{"cards_removed":["Meteor Strike"],"damage_healed":0.0,"max_hp_gain":0.0,"max_hp_loss":0.0,"gold_gain":0.0,"event_name":"Back to Basics","player_choice":"Elegance","floor":21.0,"gold_loss":0.0,"damage_taken":0.0}],"is_beta":false,"boss_relics":[{"not_picked":["Ectoplasm","Coffee Dripper"],"picked":"Pandora\u0027s Box"}],"items_purged_floors":[],"is_endless":false,"potions_floor_spawned":[1,3,10,13,16,18],"killed_by":"Book of Stabbing","ascension_level":12}