{"gold_per_floor":[111,111,111,134,157,197,271,287,287,287,308,308,16,16,16,139,139,163,163,163,186,209,209,81,81,81,101,141,101,126,170,170,289,289,313,332,357,357,373,373],"floor_reached":40,"playtime":3483,"items_purged":["Underhanded Strike"],"score":564,"play_id":"13ce7c02-4dec-47ec-b68a-42204f564041","local_time":"20181103103429","is_ascension_mode":true,"campfire_choices":[{"floor":10,"key":"REST"},{"data":"Noxious Fumes","floor":12,"key":"SMITH"},{"data":"Die Die Die","floor":15,"key":"SMITH"},{"floor":23,"key":"REST"},{"floor":25,"key":"REST"},{"floor":32,"key":"REST"}],"neow_cost":"NONE","seed_source_timestamp":340588013714054,"circlet_count":0,"master_deck":["Survivor","Neutralize","Cloak And Dagger","Flying Knee","Die Die Die+1","Escape Plan","Noxious Fumes+1","Cloak And Dagger","Backstab","Backflip","Adrenaline","Slice","Masterful Stab","Blade Dance","Dagger Throw","Dodge and Roll+1","Quick Slash","Poisoned Stab","Caltrops","Finisher","Deadly Poison","Prepared+1","Calculated Gamble","Escape Plan","Night Terror","Endless Agony+1","Accuracy"],"relics":["Ring of the Snake","NeowsBlessing","Golden Idol","Ninja Scroll","Ancient Tea Set","Gremlin Horn","Singing Bowl","Pandora\u0027s Box","Shuriken","Blue Candle","Pear","Orrery"],"potions_floor_usage":[8,11,21,28,31,31,33,33,37,37],"damage_taken":[{"damage":0,"enemies":"Jaw Worm","floor":1,"turns":1},{"damage":0,"enemies":"Cultist","floor":4,"turns":1},{"damage":0,"enemies":"2 Louse","floor":5,"turns":1},{"damage":26,"enemies":"Gremlin Nob","floor":6,"turns":5},{"damage":11,"enemies":"3 Sentries","floor":7,"turns":7},{"damage":1,"enemies":"2 Fungi Beasts","floor":8,"turns":2},{"damage":1,"enemies":"Red Slaver","floor":11,"turns":4},{"damage":64,"enemies":"Slime Boss","floor":16,"turns":11},{"damage":2,"enemies":"Chosen","floor":18,"turns":2},{"damage":0,"enemies":"2 Thieves","floor":21,"turns":3},{"damage":34,"enemies":"Snake Plant","floor":22,"turns":4},{"damage":2,"enemies":"Cultist and Chosen","floor":27,"turns":2},{"damage":15,"enemies":"Book of Stabbing","floor":28,"turns":3},{"damage":20,"enemies":"Snecko","floor":30,"turns":4},{"damage":7,"enemies":"Slavers","floor":31,"turns":4},{"damage":25,"enemies":"Automaton","floor":33,"turns":6},{"damage":0,"enemies":"Orb Walker","floor":35,"turns":1},{"damage":34,"enemies":"3 Shapes","floor":36,"turns":4},{"damage":4,"enemies":"Jaw Worm Horde","floor":37,"turns":4},{"damage":14,"enemies":"Transient","floor":39,"turns":5},{"damage":116,"enemies":"Giant Head","floor":40,"turns":7}],"seed_played":"7208025945332948313","potions_obtained":[{"floor":6,"key":"FearPotion"},{"floor":7,"key":"Explosive Potion"},{"floor":8,"key":"Regen Potion"},{"floor":14,"key":"FairyPotion"},{"floor":14,"key":"EntropicBrew"},{"floor":16,"key":"Dexterity Potion"},{"floor":22,"key":"Energy Potion"},{"floor":28,"key":"Ancient Potion"},{"floor":30,"key":"FearPotion"},{"floor":33,"key":"Block Potion"},{"floor":35,"key":"Weak Potion"}],"is_trial":false,"path_per_floor":["M","?","?","M","M","E","?","M","T","R","M","R","$","?","R","B",null,"M","?","?","M","M","R","$","R","T","M","E","?","M","E","R","B",null,"M","M","M","?","M","E"],"character_chosen":"THE_SILENT","items_purchased":["Singing Bowl","Backflip","Prepared"],"campfire_rested":4,"item_purchase_floors":[13,13,24],"current_hp_per_floor":[70,70,70,70,70,44,33,32,32,53,66,66,66,66,66,2,70,68,68,61,63,31,53,53,74,74,74,59,59,39,44,70,45,94,96,64,62,62,50,0],"gold":373,"neow_bonus":"THREE_ENEMY_KILL","is_prod":false,"is_daily":false,"chose_seed":false,"campfire_upgraded":2,"win_rate":0,"timestamp":1541266469,"path_taken":["M","?","?","?","M","E","?","M","T","R","M","R","$","?","R","BOSS","M","?","?","M","M","R","$","R","T","?","E","?","?","E","R","BOSS","M","M","M","?","M","E"],"build_version":"2018-11-01","purchased_purges":1,"victory":false,"max_hp_per_floor":[70,70,70,70,70,70,70,70,70,70,70,70,70,70,70,70,70,70,70,70,72,74,74,74,74,74,76,76,76,76,88,88,88,94,96,98,100,100,102,102],"card_choices":[{"not_picked":["Underhanded Strike","Deflect"],"picked":"Cloak And Dagger","floor":1},{"not_picked":["Setup","Expertise"],"picked":"Flying Knee","floor":4},{"not_picked":["Well Laid Plans","Prepared"],"picked":"Die Die Die","floor":5},{"not_picked":["Quick Slash","Backflip"],"picked":"Escape Plan","floor":6},{"not_picked":["Escape Plan","Tactician"],"picked":"Noxious Fumes","floor":7},{"not_picked":["Poisoned Stab","PiercingWail"],"picked":"Cloak And Dagger","floor":8},{"not_picked":["Poisoned Stab","Tactician"],"picked":"Backstab","floor":11},{"not_picked":["Doppelganger","Malaise"],"picked":"Adrenaline","floor":16},{"not_picked":["Cloak And Dagger","Terror"],"picked":"Infinite Blades","floor":18},{"not_picked":["Dodge and Roll+1","Flying Knee","Outmaneuver+1"],"picked":"Singing Bowl","floor":21},{"not_picked":["Blade Dance+1","Flying Knee+1","Riddle With Holes+1"],"picked":"Singing Bowl","floor":22},{"not_picked":["Blur+1","Acrobatics","Quick Slash+1"],"picked":"Singing Bowl","floor":27},{"not_picked":["Tools of the Trade","Deflect"],"picked":"Calculated Gamble","floor":28},{"not_picked":["Deflect+1","Cloak And Dagger+1"],"picked":"Escape Plan","floor":30},{"not_picked":["Heel Hook","Slice","Catalyst"],"picked":"Singing Bowl","floor":31},{"not_picked":["Corpse Explosion","Doppelganger"],"picked":"Night Terror","floor":33},{"not_picked":["Dagger Throw","Outmaneuver"],"picked":"Endless Agony+1","floor":34},{"not_picked":["Outmaneuver","Underhanded Strike+1","Caltrops"],"picked":"Singing Bowl","floor":34},{"not_picked":["Backflip","Underhanded Strike"],"picked":"Accuracy","floor":34},{"not_picked":["Quick Slash","Deadly Poison","Underhanded Strike+1"],"picked":"Singing Bowl","floor":34},{"not_picked":["Backflip","Sucker Punch","Well Laid Plans+1"],"picked":"Singing Bowl","floor":34},{"not_picked":["Dagger Spray","Riddle With Holes","Unload"],"picked":"Singing Bowl","floor":35},{"not_picked":["Footwork+1","Distraction","Infinite Blades"],"picked":"Singing Bowl","floor":36},{"not_picked":["Poisoned Stab","Setup","Slice"],"picked":"Singing Bowl","floor":37},{"not_picked":["Bouncing Flask+1","Well Laid Plans","Acrobatics"],"picked":"Singing Bowl","floor":39}],"player_experience":472913,"relics_obtained":[{"floor":6,"key":"Ninja Scroll"},{"floor":7,"key":"Ancient Tea Set"},{"floor":9,"key":"Gremlin Horn"},{"floor":26,"key":"Shuriken"},{"floor":28,"key":"Blue Candle"},{"floor":31,"key":"Pear"}],"event_choices":[{"damage_healed":0,"gold_gain":0,"player_choice":"Take Wound","damage_taken":0,"relics_obtained":["Golden Idol"],"max_hp_gain":0,"max_hp_loss":0,"event_name":"Golden Idol","floor":2,"gold_loss":0,"cards_obtained":["Injury"]},{"cards_removed":["Injury"],"damage_healed":0,"gold_gain":0,"player_choice":"Removed Curses","damage_taken":0,"max_hp_gain":0,"max_hp_loss":0,"event_name":"Fountain of Cleansing","floor":3,"gold_loss":0},{"damage_healed":0,"gold_gain":0,"player_choice":"Searched \u00271\u0027 times","damage_taken":0,"max_hp_gain":0,"max_hp_loss":0,"event_name":"Dead Adventurer","floor":7,"gold_loss":0},{"damage_healed":0,"gold_gain":0,"player_choice":"Got Potions","damage_taken":0,"max_hp_gain":0,"max_hp_loss":0,"event_name":"Lab","floor":14,"gold_loss":0},{"damage_healed":0,"gold_gain":0,"player_choice":"Read","damage_taken":0,"max_hp_gain":0,"max_hp_loss":0,"event_name":"The Library","floor":19,"gold_loss":0,"cards_obtained":["Deadly Poison"]},{"damage_healed":0,"gold_gain":0,"player_choice":"","damage_taken":7,"max_hp_gain":0,"max_hp_loss":0,"event_name":"Knowing Skull","floor":20,"potions_obtained":[],"gold_loss":0,"cards_obtained":[]},{"damage_healed":0,"gold_gain":0,"player_choice":"Upgraded Two","damage_taken":0,"max_hp_gain":0,"max_hp_loss":0,"event_name":"Designer","floor":29,"gold_loss":40,"cards_upgraded":["Dodge and Roll","Prepared"]},{"cards_removed":["Infinite Blades"],"damage_healed":0,"gold_gain":0,"player_choice":"Removed Power","damage_taken":0,"max_hp_gain":0,"max_hp_loss":0,"event_name":"Falling","floor":38,"gold_loss":0}],"is_beta":false,"boss_relics":[{"not_picked":["Runic Pyramid","Cursed Key"],"picked":"Pandora\u0027s Box"},{"not_picked":["HoveringKite","Velvet Choker"],"picked":"Orrery"}],"items_purged_floors":[24],"is_endless":false,"potions_floor_spawned":[6,7,8,16,22,28,30,33,35,36],"killed_by":"Giant Head","ascension_level":4}