{"gold_per_floor":[115,36,36,49,59,59,93,93,93,43,58,58,85,85,85,157,157,169,179,195,195,195,145,145,95,170,170,190,207,207],"floor_reached":30,"playtime":1805,"items_purged":["Strike_G","Strike_G+1","Strike_G+1"],"score":476,"play_id":"96f9a793-2608-4460-9e11-221b7056d634","local_time":"20190701202959","is_ascension_mode":true,"campfire_choices":[{"data":"Predator","floor":6,"key":"SMITH"},{"data":"Poisoned Stab","floor":8,"key":"SMITH"},{"data":"Neutralize","floor":12,"key":"SMITH"},{"data":"Catalyst","floor":15,"key":"SMITH"},{"floor":24,"key":"REST"},{"data":"Wraith Form v2","floor":27,"key":"SMITH"}],"neow_cost":"NONE","seed_source_timestamp":29379452557396,"circlet_count":0,"master_deck":["AscendersBane","Defend_G+1","Defend_G+1","Defend_G+1","Defend_G+1","Defend_G+1","Strike_G+1","Strike_G+1","Survivor","Neutralize+1","Predator+1","Wraith Form v2+1","Poisoned Stab+1","Quick Slash","PiercingWail","Catalyst+1","Deadly Poison","Wraith Form v2","Noxious Fumes","Escape Plan","Dodge and Roll+1","Catalyst+1","Noxious Fumes"],"relics":["Ring of the Snake","Smiling Mask","Shuriken","Kunai","Prayer Wheel","Runic Pyramid"],"potions_floor_usage":[7,13,16,19,30],"damage_taken":[{"damage":1,"enemies":"Jaw Worm","floor":1,"turns":6},{"damage":0,"enemies":"Small Slimes","floor":4,"turns":4},{"damage":0,"enemies":"2 Louse","floor":5,"turns":3},{"damage":7,"enemies":"Gremlin Nob","floor":7,"turns":4},{"damage":12,"enemies":"Exordium Wildlife","floor":11,"turns":5},{"damage":9,"enemies":"3 Sentries","floor":13,"turns":7},{"damage":17,"enemies":"Hexaghost","floor":16,"turns":8},{"damage":11,"enemies":"Shell Parasite","floor":18,"turns":7},{"damage":8,"enemies":"3 Byrds","floor":19,"turns":6},{"damage":28,"enemies":"Shelled Parasite and Fungi","floor":20,"turns":6},{"damage":0,"enemies":"Snecko","floor":28,"turns":6},{"damage":0,"enemies":"Centurion and Healer","floor":29,"turns":8},{"damage":3,"enemies":"Colosseum Slavers","floor":30,"turns":6},{"damage":19,"enemies":"Colosseum Nobs","floor":30,"turns":3}],"seed_played":"4206665195925737377","potions_obtained":[{"floor":0,"key":"GhostInAJar"},{"floor":0,"key":"Explosive Potion"},{"floor":1,"key":"LiquidBronze"},{"floor":7,"key":"PowerPotion"},{"floor":13,"key":"Block Potion"},{"floor":20,"key":"PowerPotion"},{"floor":28,"key":"EssenceOfSteel"},{"floor":29,"key":"Poison Potion"}],"is_trial":false,"path_per_floor":["M","$","?","M","M","R","E","R","T","$","M","R","E","?","R","B",null,"M","M","M","?","?","$","R","$","T","R","M","M","?"],"character_chosen":"THE_SILENT","items_purchased":["Wraith Form v2"],"campfire_rested":1,"item_purchase_floors":[2],"current_hp_per_floor":[58,58,58,58,58,58,51,51,51,51,39,39,30,19,19,2,50,39,31,3,3,3,3,22,22,22,22,22,22,0],"gold":207,"neow_bonus":"THREE_SMALL_POTIONS","is_prod":false,"is_daily":false,"chose_seed":false,"campfire_upgraded":5,"win_rate":0,"timestamp":1562005799,"path_taken":["M","$","?","M","M","R","E","R","T","$","M","R","E","?","R","BOSS","M","M","M","?","?","$","R","?","T","R","M","M","?"],"build_version":"2019-01-23","purchased_purges":3,"victory":false,"max_hp_per_floor":[66,66,66,66,66,66,66,66,66,66,66,66,66,66,66,66,66,66,66,66,66,66,66,66,66,66,66,66,66,66],"card_choices":[{"not_picked":["Sucker Punch","Quick Slash"],"picked":"Predator","floor":1},{"not_picked":["Dagger Throw","Acrobatics"],"picked":"Poisoned Stab","floor":4},{"not_picked":["Choke","Cloak And Dagger"],"picked":"Quick Slash","floor":5},{"not_picked":["Prepared","Underhanded Strike"],"picked":"PiercingWail","floor":7},{"not_picked":["Blur","Quick Slash"],"picked":"Catalyst","floor":11},{"not_picked":["Prepared","Underhanded Strike"],"picked":"Deadly Poison","floor":13},{"not_picked":["Night Terror","Glass Knife"],"picked":"Wraith Form v2","floor":16},{"not_picked":["Poisoned Stab","Quick Slash"],"picked":"Noxious Fumes","floor":18},{"not_picked":["Underhanded Strike","Prepared","Well Laid Plans+1"],"picked":"SKIP","floor":18},{"not_picked":["Dagger Spray","Well Laid Plans","Infinite Blades"],"picked":"SKIP","floor":19},{"not_picked":["Slice","Dagger Throw","Acrobatics"],"picked":"SKIP","floor":19},{"not_picked":["Caltrops","Outmaneuver"],"picked":"Escape Plan","floor":20},{"not_picked":["Poisoned Stab","Endless Agony"],"picked":"Dodge and Roll+1","floor":20},{"not_picked":["Bane","Dagger Throw"],"picked":"Catalyst+1","floor":28},{"not_picked":["A Thousand Cuts","Sucker Punch","Outmaneuver"],"picked":"SKIP","floor":28},{"not_picked":["Prepared","Outmaneuver"],"picked":"Noxious Fumes","floor":29},{"not_picked":["Poisoned Stab","Sucker Punch+1","A Thousand Cuts"],"picked":"SKIP","floor":29}],"player_experience":1433186,"relics_obtained":[{"floor":7,"key":"Smiling Mask"},{"floor":9,"key":"Shuriken"},{"floor":13,"key":"Kunai"}],"event_choices":[{"damage_healed":0,"gold_gain":0,"player_choice":"Ignored","damage_taken":0,"max_hp_gain":0,"max_hp_loss":0,"event_name":"Liars Game","floor":3,"gold_loss":0},{"damage_healed":0,"gold_gain":0,"player_choice":"Success","damage_taken":11,"relics_obtained":["Prayer Wheel"],"max_hp_gain":0,"max_hp_loss":0,"event_name":"Scrap Ooze","floor":14,"gold_loss":0},{"damage_healed":0,"gold_gain":0,"player_choice":"Simplicity","damage_taken":0,"max_hp_gain":0,"max_hp_loss":0,"event_name":"Back to Basics","floor":21,"gold_loss":0,"cards_upgraded":["Defend_G","Defend_G","Defend_G","Defend_G","Defend_G","Strike_G","Strike_G","Strike_G","Strike_G"]},{"damage_healed":0,"gold_gain":0,"player_choice":"Ignored","damage_taken":0,"max_hp_gain":0,"max_hp_loss":0,"event_name":"Cursed Tome","floor":22,"gold_loss":0},{"damage_healed":0,"gold_gain":0,"player_choice":"Fight","damage_taken":0,"max_hp_gain":0,"max_hp_loss":0,"event_name":"Colosseum","floor":30,"gold_loss":0},{"damage_healed":0,"gold_gain":0,"player_choice":"Fought Nobs","damage_taken":0,"max_hp_gain":0,"max_hp_loss":0,"event_name":"Colosseum","floor":30,"gold_loss":0}],"is_beta":false,"boss_relics":[{"not_picked":["Ectoplasm","Calling Bell"],"picked":"Runic Pyramid"}],"items_purged_floors":[10,23,25],"is_endless":false,"potions_floor_spawned":[1,7,11,13,20,28,29],"killed_by":"Colosseum Nobs","ascension_level":20}