{"gold_per_floor":[109,109,123,143,158,158,158,173,219,246,264,264,299,299,299,394,394,394],"floor_reached":18,"playtime":1446,"items_purged":[],"score":267,"play_id":"41cf58cb-0059-4972-9480-681ce7ef2a7e","local_time":"20190401084258","is_ascension_mode":true,"campfire_choices":[{"data":"Poisoned Stab","floor":6,"key":"SMITH"},{"data":"Poisoned Stab","floor":12,"key":"SMITH"},{"data":"Bane","floor":15,"key":"SMITH"}],"neow_cost":"NONE","seed_source_timestamp":219608956195383,"circlet_count":0,"master_deck":["AscendersBane","Defend_G","Defend_G","Defend_G","Defend_G","Strike_G","Survivor","Neutralize","Backflip","Poisoned Stab+1","Predator+1","Bane+1","Noxious Fumes","Poisoned Stab+1","Footwork","Dagger Spray","Flying Knee","Adrenaline","Catalyst+1","Footwork+1","Acrobatics+1"],"relics":["Ring of the Snake","Blood Vial","Pantograph","Boot","Astrolabe"],"potions_floor_usage":[8,10,11,11,11,11],"damage_taken":[{"damage":3,"enemies":"Small Slimes","floor":1,"turns":5},{"damage":0,"enemies":"Cultist","floor":3,"turns":4},{"damage":1,"enemies":"2 Louse","floor":4,"turns":3},{"damage":2,"enemies":"Red Slaver","floor":5,"turns":3},{"damage":0,"enemies":"3 Louse","floor":8,"turns":4},{"damage":23,"enemies":"3 Sentries","floor":10,"turns":8},{"damage":0,"enemies":"Lots of Slimes","floor":11,"turns":3},{"damage":13,"enemies":"Lagavulin","floor":13,"turns":5},{"damage":33,"enemies":"The Guardian","floor":16,"turns":9},{"damage":12,"enemies":"Spheric Guardian","floor":18,"turns":5}],"seed_played":"-1785653242846225061","potions_obtained":[{"floor":3,"key":"Energy Potion"},{"floor":4,"key":"EssenceOfSteel"},{"floor":8,"key":"Ancient Potion"},{"floor":10,"key":"EntropicBrew"},{"floor":13,"key":"EssenceOfSteel"}],"is_trial":false,"path_per_floor":["M","?","M","M","M","R","?","M","T","E","M","R","E","?","R","B",null,"M"],"character_chosen":"THE_SILENT","items_purchased":[],"campfire_rested":0,"item_purchase_floors":[],"current_hp_per_floor":[67,67,67,66,64,64,64,64,64,43,45,45,34,34,34,28,65,55],"gold":394,"neow_bonus":"TEN_PERCENT_HP_BONUS","is_prod":false,"is_daily":false,"chose_seed":false,"campfire_upgraded":3,"win_rate":0,"timestamp":1554126178,"path_taken":["M","?","M","?","M","R","?","?","T","E","M","R","E","?","R","BOSS","M"],"build_version":"2019-01-23","purchased_purges":0,"victory":false,"max_hp_per_floor":[77,77,77,77,77,77,77,77,77,77,77,77,77,77,77,77,77,77],"card_choices":[{"not_picked":["Choke","Expertise"],"picked":"Backflip","floor":1},{"not_picked":["Expertise","Dagger Throw"],"picked":"Predator","floor":3},{"not_picked":["Outmaneuver","Prepared"],"picked":"Bane","floor":4},{"not_picked":["Catalyst","Dagger Throw"],"picked":"Noxious Fumes","floor":5},{"not_picked":["Predator","Cloak And Dagger"],"picked":"Poisoned Stab","floor":8},{"not_picked":["Distraction","Phantasmal Killer"],"picked":"Footwork","floor":10},{"not_picked":["Choke","Finisher"],"picked":"Dagger Spray","floor":11},{"not_picked":["Eviscerate","Caltrops"],"picked":"Flying Knee","floor":13},{"not_picked":["Die Die Die","Doppelganger"],"picked":"Adrenaline","floor":16}],"player_experience":1312478,"relics_obtained":[{"floor":9,"key":"Blood Vial"},{"floor":10,"key":"Pantograph"},{"floor":13,"key":"Boot"}],"event_choices":[{"damage_healed":0,"gold_gain":0,"cards_transformed":["Strike_G"],"player_choice":"Transformed","damage_taken":0,"max_hp_gain":0,"max_hp_loss":0,"event_name":"Transmorgrifier","floor":2,"gold_loss":0,"cards_obtained":["Poisoned Stab"]},{"damage_healed":0,"gold_gain":0,"player_choice":"Forge","damage_taken":0,"max_hp_gain":0,"max_hp_loss":0,"event_name":"Accursed Blacksmith","floor":7,"gold_loss":0,"cards_upgraded":["Predator"]},{"cards_removed":["Strike_G"],"damage_healed":0,"gold_gain":0,"player_choice":"Card Removal","damage_taken":0,"max_hp_gain":0,"max_hp_loss":0,"event_name":"Wheel of Change","floor":14,"gold_loss":0}],"is_beta":false,"boss_relics":[{"not_picked":["Ectoplasm","White Beast Statue"],"picked":"Astrolabe"}],"items_purged_floors":[],"is_endless":false,"potions_floor_spawned":[3,4,8,10,13],"killed_by":"Spheric Guardian","ascension_level":11}