{"gold_per_floor":[113,113,11,11,29,29,45,45,71,103,28,128,156,53,53,152,152,172,172,185,195,195,195,212,112,135,150,180,95,95],"floor_reached":30,"playtime":2166,"items_purged":["Strike_G","Strike_G"],"score":261,"play_id":"350aa6b3-f888-4058-b5c7-28157f003aee","local_time":"20180715211341","is_ascension_mode":false,"campfire_choices":[{"floor":6,"key":"REST"},{"data":"Neutralize","floor":8,"key":"SMITH"},{"floor":15,"key":"REST"},{"floor":23,"key":"REST"}],"neow_cost":"NONE","seed_source_timestamp":40658038493228,"circlet_count":0,"master_deck":["Defend_G","Defend_G","Defend_G+1","Defend_G","Strike_G","Strike_G+1","Survivor","Neutralize+1","Dagger Throw","Swift Strike","Dagger Spray","Deflect","Poisoned Stab","Skewer+1","Flash of Steel","Unload","Slice+1","Crippling Poison","Slice+1","Skewer","Riddle With Holes+1","Endless Agony+1"],"relics":["Ring of the Snake","Pen Nib","Ginger","Snake Skull","Dodecahedron","Omamori","Empty Cage","Oddly Smooth Stone","Tiny Chest","Incense Burner"],"potions_floor_usage":[13,16,16,20,24],"damage_taken":[{"damage":0,"enemies":"2 Louse","floor":1,"turns":3},{"damage":0,"enemies":"Jaw Worm","floor":5,"turns":3},{"damage":0,"enemies":"Small Slimes","floor":7,"turns":3},{"damage":3,"enemies":"3 Sentries","floor":10,"turns":7},{"damage":0,"enemies":"Lagavulin","floor":13,"turns":6},{"damage":17,"enemies":"Slime Boss","floor":16,"turns":7},{"damage":3,"enemies":"Chosen","floor":18,"turns":4},{"damage":17,"enemies":"Spheric Guardian","floor":20,"turns":4},{"damage":17,"enemies":"Snake Plant","floor":21,"turns":4},{"damage":15,"enemies":"3 Cultists","floor":24,"turns":5},{"damage":21,"enemies":"Centurion and Healer","floor":27,"turns":6},{"damage":18,"enemies":"Cultist and Chosen","floor":30,"turns":4}],"seed_played":"8933199423900552225","potions_obtained":[{"floor":1,"key":"Ancient Potion"},{"floor":7,"key":"AttackPotion"},{"floor":10,"key":"EssenceOfSteel"},{"floor":16,"key":"Ancient Potion"},{"floor":21,"key":"Energy Potion"}],"is_trial":false,"path_per_floor":["M","?","$","?","M","R","M","R","T","E","$","?","E","$","R","B",null,"M","?","M","M","?","R","M","$","T","M","?","?"],"character_chosen":"THE_SILENT","items_purchased":["Swift Strike","Flash of Steel"],"campfire_rested":3,"item_purchase_floors":[3,14],"current_hp_per_floor":[70,56,56,53,53,70,70,70,70,67,67,67,67,67,70,53,70,67,67,50,33,33,54,39,39,39,18,18,18,0],"gold":95,"neow_bonus":"RANDOM_COMMON_RELIC","is_prod":false,"is_daily":false,"chose_seed":false,"campfire_upgraded":1,"win_rate":0.0,"timestamp":1531714421,"path_taken":["M","?","$","?","M","R","M","R","T","E","$","?","E","?","R","BOSS","M","?","M","M","?","R","M","$","T","?","?","?","M"],"build_version":"2018-07-12","purchased_purges":2,"victory":false,"max_hp_per_floor":[70,70,70,70,70,70,70,70,70,70,70,70,70,70,70,70,70,70,70,70,70,70,70,70,70,70,70,70,70,70],"card_choices":[{"not_picked":["Catalyst","Prepared"],"picked":"Dagger Throw","floor":1},{"not_picked":["Acrobatics","Slice"],"picked":"Dagger Spray","floor":5},{"not_picked":["Calculated Gamble","Masterful Stab"],"picked":"Deflect","floor":7},{"not_picked":["Quick Slash","Dagger Throw"],"picked":"Poisoned Stab","floor":10},{"not_picked":["Slice","Outmaneuver"],"picked":"Skewer","floor":13},{"not_picked":["Adrenaline","Phantasmal Killer"],"picked":"Unload","floor":16},{"not_picked":["Dodge and Roll","Prepared"],"picked":"Slice+1","floor":18},{"not_picked":["Deadly Poison","Choke"],"picked":"Slice+1","floor":20},{"not_picked":["Outmaneuver","Blur+1"],"picked":"Skewer","floor":21},{"not_picked":["Catalyst","Predator"],"picked":"Riddle With Holes+1","floor":24},{"not_picked":["Backflip","Deflect"],"picked":"Endless Agony+1","floor":27}],"player_experience":31360,"relics_obtained":[{"floor":9,"key":"Snake Skull"},{"floor":10,"key":"Dodecahedron"},{"floor":13,"key":"Omamori"},{"floor":26,"key":"Oddly Smooth Stone"}],"event_choices":[{"event_name":"Shining Light","player_choice":"Entered Light","floor":2,"damage_taken":0},{"event_name":"Scrap Ooze","player_choice":"success","floor":4,"damage_taken":3},{"event_name":"Golden Shrine","player_choice":"Pray","floor":12,"damage_taken":0},{"event_name":"The Library","player_choice":"Read","floor":19,"damage_taken":0},{"event_name":"Upgrade Shrine","player_choice":"Upgraded","floor":22,"damage_taken":0},{"event_name":"The Mausoleum","player_choice":"Yes","floor":28,"damage_taken":0},{"event_name":"Addict","player_choice":"Obtained Relic","floor":29,"damage_taken":0}],"boss_relics":[{"not_picked":["Snecko Eye","Eternal Feather"],"picked":"Empty Cage"}],"items_purged_floors":[11,25],"is_endless":false,"potions_floor_spawned":[1,7,10,16,21],"killed_by":"Cultist and Chosen","ascension_level":0}