{"gold_per_floor":[118,135,147,158,36,36,71,71,98,125,125,34,65,80,80,185,185,195,195,205,205,127,127,155,173,173,51,69,84,84,116,116,213,213,226,301,56,72,83,108,131,170,182,204,231,243,255,9,9,9,9,9,9,43,43],"floor_reached":56,"playtime":5034,"items_purged":["Defend_B","Dualcast+1"],"score":1473,"play_id":"6f6f0f67-18ed-4361-8cd2-e3b5c93c22b1","local_time":"20190702141153","is_ascension_mode":true,"campfire_choices":[{"data":"Streamline","floor":6.0,"key":"SMITH"},{"data":"Zap","floor":8.0,"key":"SMITH"},{"data":"Fission","floor":11.0,"key":"SMITH"},{"floor":15.0,"key":"REST"},{"data":"Echo Form","floor":23.0,"key":"SMITH"},{"data":"Reinforced Body","floor":30.0,"key":"SMITH"},{"data":"Electrodynamics","floor":32.0,"key":"SMITH"},{"data":"Reboot","floor":46.0,"key":"SMITH"},{"floor":49.0,"key":"RECALL"},{"data":"Ghostly","floor":52.0,"key":"SMITH"}],"neow_cost":"NONE","seed_source_timestamp":18475317542112,"circlet_count":0,"master_deck":["Zap+1","Fission+1","Streamline+1","Ball Lightning","Chill","Echo Form+1","Conserve Battery","Reboot+1","Go for the Eyes","Rebound","Electrodynamics+1","Ghostly+1","Ghostly","Ghostly","Ghostly","Ghostly","Doom and Gloom","Double Energy+1","Reinforced Body+1","Coolheaded+1","Electrodynamics","Capacitor+1","Core Surge","White Noise+1","Glacier"],"special_seed":0,"relics":["Cracked Core","War Paint","Dream Catcher","Boot","Incense Burner","Bronze Scales","Pandora\u0027s Box","The Courier","Juzu Bracelet","PreservedInsect","Shuriken","Sozu","Bird Faced Urn","MawBank","Question Card","DataDisk","Bag of Marbles"],"potions_floor_usage":[55,55],"damage_taken":[{"damage":0.0,"enemies":"Jaw Worm","floor":1.0,"turns":3.0},{"damage":1.0,"enemies":"Cultist","floor":2.0,"turns":4.0},{"damage":0.0,"enemies":"Small Slimes","floor":3.0,"turns":3.0},{"damage":8.0,"enemies":"2 Fungi Beasts","floor":4.0,"turns":4.0},{"damage":16.0,"enemies":"Gremlin Nob","floor":7.0,"turns":3.0},{"damage":13.0,"enemies":"Lagavulin","floor":10.0,"turns":4.0},{"damage":20.0,"enemies":"3 Sentries","floor":13.0,"turns":5.0},{"damage":0.0,"enemies":"3 Louse","floor":14.0,"turns":2.0},{"damage":13.0,"enemies":"Hexaghost","floor":16.0,"turns":7.0},{"damage":2.0,"enemies":"Shell Parasite","floor":18.0,"turns":3.0},{"damage":0.0,"enemies":"3 Byrds","floor":20.0,"turns":2.0},{"damage":2.0,"enemies":"Slavers","floor":24.0,"turns":6.0},{"damage":0.0,"enemies":"3 Cultists","floor":25.0,"turns":3.0},{"damage":0.0,"enemies":"Centurion and Healer","floor":28.0,"turns":4.0},{"damage":0.0,"enemies":"Chosen and Byrds","floor":29.0,"turns":4.0},{"damage":0.0,"enemies":"Gremlin Leader","floor":31.0,"turns":7.0},{"damage":0.0,"enemies":"Champ","floor":33.0,"turns":9.0},{"damage":1.0,"enemies":"Orb Walker","floor":35.0,"turns":3.0},{"damage":1.0,"enemies":"3 Darklings","floor":38.0,"turns":5.0},{"damage":0.0,"enemies":"Transient","floor":39.0,"turns":5.0},{"damage":0.0,"enemies":"Reptomancer","floor":40.0,"turns":4.0},{"damage":0.0,"enemies":"Writhing Mass","floor":41.0,"turns":5.0},{"damage":3.0,"enemies":"Nemesis","floor":42.0,"turns":5.0},{"damage":11.0,"enemies":"Sphere and 2 Shapes","floor":44.0,"turns":5.0},{"damage":1.0,"enemies":"Transient","floor":45.0,"turns":5.0},{"damage":27.0,"enemies":"Time Eater","floor":50.0,"turns":11.0},{"damage":2.0,"enemies":"Shield and Spear","floor":54.0,"turns":5.0},{"damage":40,"enemies":"The Heart","floor":55,"turns":12}],"seed_played":"-4406841670007354774","potions_obtained":[{"floor":3.0,"key":"GamblersBrew"},{"floor":4.0,"key":"Poison Potion"},{"floor":7.0,"key":"Block Potion"},{"floor":10.0,"key":"Block Potion"},{"floor":14.0,"key":"EssenceOfSteel"},{"floor":20.0,"key":"Dexterity Potion"},{"floor":24.0,"key":"Strength Potion"},{"floor":25.0,"key":"Explosive Potion"}],"is_trial":false,"path_per_floor":["M","M","M","M","$","R","E","R","T","E","R","?","E","M","R","B",null,"M","?","M","?","$","R","E","M","T","$","M","M","R","E","R","B",null,"M","?","$","M","M","E","M","E","T","M","M","R","?","$","R","B",null,"R","$","E","B",null],"character_chosen":"DEFECT","items_purchased":["Streamline","Doom and Gloom","PreservedInsect","Bird Faced Urn","Glacier","DataDisk"],"campfire_rested":1,"item_purchase_floors":[5,22,27,37,48,48],"current_hp_per_floor":[75,74,74,66,66,66,50,50,50,37,37,37,17,17,39,26,75,73,37,37,37,37,37,35,35,35,35,35,35,35,35,35,35,37,36,33,33,36,37,37,37,37,37,34,36,36,36,36,36,17,37,37,37,37,5],"gold":43,"neow_bonus":"TRANSFORM_CARD","is_prod":false,"is_daily":false,"chose_seed":false,"campfire_upgraded":8,"win_rate":0,"timestamp":1562069513,"path_taken":["M","M","M","M","$","R","E","R","T","E","R","?","E","M","R","BOSS","M","?","M","?","$","R","E","M","T","?","M","M","R","E","R","BOSS","M","?","?","M","M","E","M","E","T","M","M","R","?","$","R","BOSS","R","$","E","BOSS"],"build_version":"2019-07-01","purchased_purges":2,"victory":true,"max_hp_per_floor":[75,75,75,75,75,75,75,75,75,75,75,75,75,75,75,75,75,75,37,37,37,37,37,37,37,37,37,37,37,37,37,37,37,37,37,37,37,37,37,37,37,37,37,37,37,37,37,37,37,37,37,37,37,37,37],"card_choices":[{"not_picked":["Gash","Stack","Leap"],"picked":"SKIP","floor":1.0},{"not_picked":["Coolheaded","Auto Shields","Turbo"],"picked":"SKIP","floor":2.0},{"not_picked":["Capacitor","Consume","Blizzard"],"picked":"SKIP","floor":3.0},{"not_picked":["Leap","Steam Power","Conserve Battery"],"picked":"SKIP","floor":4.0},{"not_picked":["Gash","Machine Learning"],"picked":"Ball Lightning","floor":7.0},{"not_picked":["Reprogram","Steam","Darkness"],"picked":"SKIP","floor":10.0},{"not_picked":["Multi-Cast","Gash"],"picked":"Chill","floor":13.0},{"not_picked":["Turbo","Sweeping Beam","Lockon"],"picked":"SKIP","floor":14.0},{"not_picked":["Biased Cognition","Rainbow"],"picked":"Echo Form","floor":16.0},{"not_picked":["Sunder","Redo","Barrage+1"],"picked":"SKIP","floor":18.0},{"not_picked":["Ball Lightning","Storm+1","Rip and Tear"],"picked":"SKIP","floor":20.0},{"not_picked":["Scrape","Steam Power"],"picked":"Double Energy+1","floor":24.0},{"not_picked":["Gash","Blizzard+1","Steam"],"picked":"SKIP","floor":25.0},{"not_picked":["Redo","Chaos"],"picked":"Reinforced Body","floor":28.0},{"not_picked":["Leap","Cold Snap"],"picked":"Coolheaded+1","floor":29.0},{"not_picked":["Redo","Hyperbeam","Leap"],"picked":"SKIP","floor":31.0},{"not_picked":["All For One","Rainbow"],"picked":"Electrodynamics","floor":33.0},{"not_picked":["Conserve Battery","Sweeping Beam","Streamline"],"picked":"SKIP","floor":35.0},{"not_picked":["Hello World","Stack+1"],"picked":"Capacitor+1","floor":38.0},{"not_picked":["Beam Cell","FTL","Stack"],"picked":"SKIP","floor":39.0},{"not_picked":["Cold Snap","Multi-Cast","Darkness+1"],"picked":"SKIP","floor":40.0},{"not_picked":["Conserve Battery","Heatsinks","Turbo+1"],"picked":"SKIP","floor":41.0},{"not_picked":["Gash","Aggregate+1"],"picked":"Core Surge","floor":42.0},{"not_picked":["Compile Driver","Darkness","Hello World"],"picked":"White Noise+1","floor":44.0},{"not_picked":["Reinforced Body+1","Blizzard+1","Doom and Gloom+1","Cold Snap+1"],"picked":"SKIP","floor":45.0},{"not_picked":["Recycle","Streamline+1","Sweeping Beam+1","Steam Power+1"],"picked":"SKIP","floor":54.0}],"player_experience":400158,"relics_obtained":[{"floor":7.0,"key":"War Paint"},{"floor":9.0,"key":"Dream Catcher"},{"floor":10.0,"key":"Boot"},{"floor":13.0,"key":"Bronze Scales"},{"floor":24.0,"key":"The Courier"},{"floor":26.0,"key":"Juzu Bracelet"},{"floor":31.0,"key":"Shuriken"},{"floor":40.0,"key":"MawBank"},{"floor":42.0,"key":"Question Card"},{"floor":54.0,"key":"Bag of Marbles"}],"event_choices":[{"damage_healed":0.0,"max_hp_gain":0.0,"max_hp_loss":0.0,"gold_gain":0.0,"event_name":"WeMeetAgain","player_choice":"Paid Gold","floor":12.0,"gold_loss":91.0,"damage_taken":0.0,"relics_obtained":["Incense Burner"]},{"damage_healed":0.0,"max_hp_gain":0.0,"max_hp_loss":38.0,"gold_gain":0.0,"event_name":"Ghosts","player_choice":"Became a Ghost","floor":19.0,"gold_loss":0.0,"damage_taken":0.0,"cards_obtained":["Ghostly","Ghostly","Ghostly","Ghostly","Ghostly"]},{"damage_healed":0.0,"max_hp_gain":0.0,"max_hp_loss":0.0,"gold_gain":0.0,"event_name":"Vampires","player_choice":"Ignored","floor":21.0,"gold_loss":0.0,"damage_taken":0.0},{"damage_healed":0.0,"max_hp_gain":0.0,"max_hp_loss":0.0,"gold_gain":75.0,"event_name":"FaceTrader","player_choice":"Touch","floor":36.0,"gold_loss":0.0,"damage_taken":3.0},{"cards_removed":["Ball Lightning"],"damage_healed":0.0,"max_hp_gain":0.0,"max_hp_loss":0.0,"gold_gain":0.0,"event_name":"Falling","player_choice":"Removed Attack","floor":47.0,"gold_loss":0.0,"damage_taken":0.0}],"is_beta":false,"boss_relics":[{"not_picked":["Eternal Feather","Calling Bell"],"picked":"Pandora\u0027s Box"},{"not_picked":["Black Star","Philosopher\u0027s Stone"],"picked":"Sozu"}],"items_purged_floors":[5,48],"is_endless":false,"potions_floor_spawned":[3,4,7,10,14,20,24,25,31,33,39,41,45],"ascension_level":3}