{"gold_per_floor":[112,131,131,144,161,161,175,175,175,193,193,227,31,31,31,130,130,145,145,145,159,159],"floor_reached":22,"playtime":1221,"items_purged":["Decay"],"score":223,"play_id":"f6d16f05-ebdc-4032-939f-db4f163db834","local_time":"20190625124715","is_ascension_mode":true,"campfire_choices":[{"floor":6,"key":"REST"},{"data":"Noxious Fumes","floor":8,"key":"SMITH"},{"floor":15,"key":"REST"}],"neow_cost":"NONE","seed_source_timestamp":866922783003000,"circlet_count":0,"master_deck":["Defend_G","Defend_G","Defend_G","Defend_G","Defend_G","Strike_G","Strike_G","Strike_G","Strike_G","Strike_G","Survivor","Neutralize","Injury","Sucker Punch","Backstab","All Out Attack","Dagger Throw","Noxious Fumes+1","Prepared","Skewer","PiercingWail","Backstab","Die Die Die","Endless Agony","RitualDagger","Expertise"],"relics":["Calling Bell","Bronze Scales","Gremlin Horn","WingedGreaves","Bottled Flame","Pantograph","HoveringKite"],"potions_floor_usage":[12,16,16,16,21],"damage_taken":[{"damage":8,"enemies":"Jaw Worm","floor":1,"turns":5},{"damage":7,"enemies":"2 Louse","floor":2,"turns":3},{"damage":0,"enemies":"Small Slimes","floor":4,"turns":2},{"damage":8,"enemies":"Looter","floor":5,"turns":3},{"damage":3,"enemies":"Blue Slaver","floor":7,"turns":3},{"damage":14,"enemies":"Large Slime","floor":10,"turns":5},{"damage":17,"enemies":"Lagavulin","floor":12,"turns":5},{"damage":68,"enemies":"Slime Boss","floor":16,"turns":10},{"damage":33,"enemies":"Spheric Guardian","floor":18,"turns":5},{"damage":16,"enemies":"3 Byrds","floor":21,"turns":4},{"damage":49,"enemies":"Masked Bandits","floor":22,"turns":3}],"seed_played":"4891395438052753909","potions_obtained":[{"floor":1,"key":"Poison Potion"},{"floor":4,"key":"LiquidBronze"},{"floor":10,"key":"SpeedPotion"},{"floor":12,"key":"Weak Potion"},{"floor":16,"key":"EssenceOfSteel"}],"is_trial":false,"path_per_floor":["M","M","?","M","M","R","M","R","T","M","?","E","$","?","R","B",null,"M","?","?","M","?"],"character_chosen":"THE_SILENT","items_purchased":["PiercingWail","Backstab"],"campfire_rested":2,"item_purchase_floors":[13,13],"current_hp_per_floor":[62,55,55,55,47,68,65,65,65,51,56,39,39,39,61,7,75,42,67,61,45,0],"gold":159,"neow_bonus":"BOSS_RELIC","is_prod":false,"is_daily":false,"chose_seed":false,"campfire_upgraded":1,"win_rate":0,"timestamp":1561492035,"path_taken":["M","M","?","M","M","R","M","R","T","M","?","E","$","?","R","BOSS","M","?","?","M","?"],"build_version":"2019-01-23","purchased_purges":1,"victory":false,"max_hp_per_floor":[70,70,70,70,70,70,70,70,70,70,75,75,75,75,75,75,75,75,75,75,75,75],"card_choices":[{"not_picked":["Dodge and Roll","Backflip"],"picked":"Sucker Punch","floor":1},{"not_picked":["Slice","Sucker Punch"],"picked":"Backstab","floor":2},{"not_picked":["Deflect","Cloak And Dagger"],"picked":"All Out Attack","floor":4},{"not_picked":["Acrobatics","Poisoned Stab"],"picked":"Dagger Throw","floor":5},{"not_picked":["Deflect","Slice"],"picked":"Noxious Fumes","floor":7},{"not_picked":["Flying Knee","Tactician"],"picked":"Prepared","floor":10},{"not_picked":["Dagger Throw","Bullet Time"],"picked":"Skewer","floor":12},{"not_picked":["A Thousand Cuts","Bullet Time"],"picked":"Die Die Die","floor":16},{"not_picked":["Deflect","Slice"],"picked":"Endless Agony","floor":18},{"not_picked":["Quick Slash","Terror"],"picked":"Expertise","floor":21}],"player_experience":541204,"relics_obtained":[{"floor":0,"key":"Bronze Scales"},{"floor":0,"key":"Gremlin Horn"},{"floor":0,"key":"WingedGreaves"},{"floor":9,"key":"Bottled Flame"},{"floor":12,"key":"Pantograph"}],"event_choices":[{"cards_removed":["Regret"],"damage_healed":0,"gold_gain":0,"player_choice":"Forget","damage_taken":0,"max_hp_gain":0,"max_hp_loss":0,"event_name":"Living Wall","floor":3,"gold_loss":0},{"damage_healed":0,"gold_gain":0,"player_choice":"Donut","damage_taken":0,"max_hp_gain":5,"max_hp_loss":0,"event_name":"Big Fish","floor":11,"gold_loss":0},{"damage_healed":0,"gold_gain":0,"player_choice":"Ignored","damage_taken":0,"max_hp_gain":0,"max_hp_loss":0,"event_name":"Golden Idol","floor":14,"gold_loss":0},{"damage_healed":25,"gold_gain":0,"player_choice":"Heal","damage_taken":0,"max_hp_gain":0,"max_hp_loss":0,"event_name":"The Library","floor":19,"gold_loss":0},{"damage_healed":0,"gold_gain":0,"player_choice":"Joined the Cult","damage_taken":6,"max_hp_gain":0,"max_hp_loss":0,"event_name":"Nest","floor":20,"gold_loss":0,"cards_obtained":["RitualDagger"]},{"damage_healed":0,"gold_gain":0,"player_choice":"Fought Bandits","damage_taken":0,"max_hp_gain":0,"max_hp_loss":0,"event_name":"Masked Bandits","floor":22,"gold_loss":0}],"is_beta":false,"boss_relics":[{"not_picked":["Runic Dome","Ectoplasm"],"picked":"HoveringKite"}],"items_purged_floors":[13],"is_endless":false,"potions_floor_spawned":[1,4,10,12,16],"killed_by":"Masked Bandits","ascension_level":4}