{"gold_per_floor":[113,188,153,153,153,153,166,191,191,191,225,225,245,295,295,370,370,389,389,389],"floor_reached":20,"playtime":1032,"items_purged":[],"score":329,"play_id":"fcfb783f-1e82-48a0-af79-2ffcdc92c780","local_time":"20181018131908","is_ascension_mode":true,"campfire_choices":[{"data":"Rampage","floor":6.0,"key":"SMITH"},{"data":"Headbutt","floor":10.0,"key":"SMITH"},{"data":"Perfected Strike","floor":12.0,"key":"SMITH"},{"floor":15.0,"key":"REST"}],"neow_cost":"NONE","seed_source_timestamp":0,"circlet_count":0,"master_deck":["Strike_R","Strike_R","Strike_R","Strike_R","Strike_R+1","Defend_R+1","Defend_R","Defend_R","Defend_R","Bash+1","AscendersBane","Rampage+1","Headbutt+1","Rage","Perfected Strike+1","Havoc","Fiend Fire","Perfected Strike","Decay"],"special_seed":0,"relics":["Black Blood","The Courier","Pear","Strawberry"],"potions_floor_usage":[18,20],"damage_taken":[{"damage":7.0,"enemies":"Cultist","floor":1.0,"turns":5.0},{"damage":2.0,"enemies":"2 Louse","floor":7.0,"turns":2.0},{"damage":20.0,"enemies":"Gremlin Nob","floor":8.0,"turns":4.0},{"damage":21.0,"enemies":"Lagavulin","floor":11.0,"turns":6.0},{"damage":6.0,"enemies":"Small Slimes","floor":13.0,"turns":3.0},{"damage":59.0,"enemies":"Hexaghost","floor":16.0,"turns":9.0},{"damage":49,"enemies":"3 Byrds","floor":18,"turns":7},{"damage":38,"enemies":"Shell Parasite","floor":20,"turns":5}],"seed_played":"7931185845705196370","potions_obtained":[{"floor":1.0,"key":"BloodPotion"},{"floor":16.0,"key":"SteroidPotion"},{"floor":18,"key":"Ancient Potion"}],"is_trial":false,"path_per_floor":["M","?","?","?","?","R","M","E","T","R","E","R","M","?","R","B",null,"M","?"],"character_chosen":"IRONCLAD","items_purchased":[],"campfire_rested":1,"item_purchase_floors":[],"current_hp_per_floor":[67,56,74,51,51,51,55,41,51,51,43,43,43,43,70,17,73,34,34,5],"gold":389,"neow_bonus":"UPGRADE_CARD","is_prod":false,"is_daily":false,"chose_seed":false,"campfire_upgraded":3,"win_rate":0,"timestamp":1539886748,"path_taken":["M","?","?","?","?","R","M","E","T","R","E","R","M","?","R","BOSS","M","?","M"],"build_version":"2018-10-11","purchased_purges":0,"victory":false,"max_hp_per_floor":[75,75,75,75,75,75,75,75,85,85,92,92,92,92,92,92,92,92,92,92],"card_choices":[{"not_picked":["Wild Strike","Thunderclap"],"picked":"Rampage","floor":1.0},{"not_picked":["Clash","Flex"],"picked":"Headbutt","floor":7.0},{"not_picked":["Infernal Blade","Sentinel"],"picked":"Rage","floor":8.0},{"not_picked":["Warcry","Anger"],"picked":"Perfected Strike","floor":11.0},{"not_picked":["Entrench","Disarm"],"picked":"Havoc","floor":13.0},{"not_picked":["Offering","Limit Break"],"picked":"Fiend Fire","floor":16.0},{"not_picked":["Dual Wield","Shrug It Off+1"],"picked":"Perfected Strike","floor":18}],"player_experience":784734,"relics_obtained":[{"floor":8.0,"key":"The Courier"},{"floor":9.0,"key":"Pear"},{"floor":11.0,"key":"Strawberry"}],"event_choices":[{"event_name":"World of Goop","player_choice":"Gather Gold","floor":2.0,"damage_taken":0.0},{"event_name":"The Cleric","player_choice":"Healed","floor":3.0,"damage_taken":0.0},{"event_name":"Shining Light","player_choice":"Entered Light","floor":4.0,"damage_taken":0.0},{"event_name":"Liars Game","player_choice":"disagreed","floor":5.0,"damage_taken":0.0},{"event_name":"Golden Shrine","player_choice":"Pray","floor":14.0,"damage_taken":0.0},{"event_name":"Forgotten Altar","player_choice":"Smashed Altar","floor":19,"damage_taken":0}],"is_beta":false,"boss_relics":[{"not_picked":["Philosopher\u0027s Stone","Fusion Hammer"],"picked":"Black Blood"}],"items_purged_floors":[],"is_endless":false,"potions_floor_spawned":[1,16,18],"killed_by":"Shell Parasite","ascension_level":17}