{"gold_per_floor":[110,121,196,196,213,243,243,13,39,66,66,77,112,130,130,234,234,251,251,45,78,96,96,128,128,202,220,245,261,273,287,287,287],"floor_reached":33,"playtime":2392,"items_purged":["Strike_G"],"score":353,"play_id":"0265948c-7421-462d-94eb-6bae51b1da5c","local_time":"20180810222304","is_ascension_mode":true,"campfire_choices":[{"floor":7,"key":"REST"},{"floor":11,"key":"REST"},{"floor":15,"key":"REST"},{"floor":23,"key":"REST"},{"floor":25,"key":"REST"},{"floor":32,"key":"REST"}],"neow_cost":"NONE","seed_source_timestamp":1136768358481438,"circlet_count":0,"master_deck":["Defend_G","Defend_G","Defend_G","Defend_G","Defend_G","Strike_G","Strike_G","Strike_G","Survivor","Neutralize","Cloak And Dagger","Deadly Poison","Deadly Poison","Corpse Explosion","Flash of Steel","Blur","Bouncing Flask","Flying Knee","Poisoned Stab","Glass Knife","Cloak And Dagger+1","Catalyst","Master of Strategy","Caltrops","Bouncing Flask","Tools of the Trade","Escape Plan","Poisoned Stab+1","Acrobatics","Caltrops","Outmaneuver+1"],"relics":["Ring of the Snake","Anchor","Lantern","The Courier","MealTicket","Bronze Scales","StoneCalendar","Ice Cream","Empty Cage","Red Mask","Tingsha","Shuriken","Omamori"],"potions_floor_usage":[6,6,16,28,30,30,33],"damage_taken":[{"damage":0,"enemies":"Small Slimes","floor":1,"turns":4},{"damage":0,"enemies":"2 Louse","floor":2,"turns":3},{"damage":6,"enemies":"Jaw Worm","floor":5,"turns":4},{"damage":17,"enemies":"Lagavulin","floor":6,"turns":7},{"damage":22,"enemies":"Gremlin Nob","floor":10,"turns":4},{"damage":4,"enemies":"Red Slaver","floor":12,"turns":4},{"damage":10,"enemies":"3 Sentries","floor":13,"turns":4},{"damage":2,"enemies":"Exordium Wildlife","floor":14,"turns":2},{"damage":19,"enemies":"The Guardian","floor":16,"turns":8},{"damage":9,"enemies":"3 Byrds","floor":18,"turns":4},{"damage":12,"floor":21,"turns":3},{"damage":10,"enemies":"Spheric Guardian","floor":22,"turns":4},{"damage":39,"enemies":"Gremlin Leader","floor":24,"turns":5},{"damage":0,"enemies":"Centurion and Healer","floor":27,"turns":3},{"damage":11,"enemies":"Book of Stabbing","floor":28,"turns":4},{"damage":18,"enemies":"Snecko","floor":29,"turns":4},{"damage":3,"enemies":"Sentry and Sphere","floor":30,"turns":5},{"damage":0,"enemies":"3 Cultists","floor":31,"turns":3},{"damage":54,"enemies":"Automaton","floor":33,"turns":6}],"seed_played":"-6161619816296510504","potions_obtained":[{"floor":1,"key":"AttackPotion"},{"floor":5,"key":"Weak Potion"},{"floor":12,"key":"Dexterity Potion"},{"floor":14,"key":"SpeedPotion"},{"floor":21,"key":"EssenceOfSteel"},{"floor":24,"key":"EssenceOfSteel"},{"floor":27,"key":"Weak Potion"},{"floor":30,"key":"SpeedPotion"},{"floor":31,"key":"Swift Potion"}],"is_trial":false,"path_per_floor":["M","M","?","?","M","E","R","$","T","E","R","M","E","M","R","B",null,"M","?","$","?","M","R","E","R","T","M","E","M","M","M","R"],"character_chosen":"THE_SILENT","items_purchased":["MealTicket","Flash of Steel","Master of Strategy"],"campfire_rested":6,"item_purchase_floors":[8,8,20],"current_hp_per_floor":[70,70,59,59,53,36,57,57,57,35,56,52,42,40,61,42,70,61,61,68,56,46,67,28,49,49,49,38,20,17,17,38,0],"gold":287,"neow_bonus":"RANDOM_COMMON_RELIC","is_prod":false,"is_daily":false,"chose_seed":false,"campfire_upgraded":0,"win_rate":0,"timestamp":1533957784,"path_taken":["M","M","?","?","M","E","R","$","T","E","R","M","E","M","R","BOSS","M","?","$","?","M","R","E","R","T","M","E","M","M","?","R","BOSS"],"build_version":"2018-08-09","purchased_purges":1,"victory":false,"max_hp_per_floor":[70,70,70,70,70,70,70,70,70,70,70,70,70,70,70,70,70,70,70,70,70,70,70,70,70,70,70,70,70,70,70,70,70],"card_choices":[{"not_picked":["Blade Dance","Deadly Poison"],"picked":"Cloak And Dagger","floor":1},{"not_picked":["Flying Knee","Outmaneuver"],"picked":"Deadly Poison","floor":2},{"not_picked":["Heel Hook","Well Laid Plans"],"picked":"Deadly Poison","floor":5},{"not_picked":["Bane","Cloak And Dagger"],"picked":"Corpse Explosion","floor":6},{"not_picked":["Dagger Spray","Well Laid Plans"],"picked":"Blur","floor":10},{"not_picked":["Deflect","Deadly Poison"],"picked":"Bouncing Flask","floor":12},{"not_picked":["Reflex","Outmaneuver"],"picked":"Flying Knee","floor":13},{"not_picked":["Crippling Poison","Deflect"],"picked":"Poisoned Stab","floor":14},{"not_picked":["Storm of Steel","Wraith Form v2"],"picked":"Glass Knife","floor":16},{"not_picked":["Dagger Spray","Bane+1"],"picked":"Cloak And Dagger+1","floor":18},{"not_picked":["Blade Dance+1","Terror"],"picked":"Caltrops","floor":21},{"not_picked":["Outmaneuver","Backstab"],"picked":"Bouncing Flask","floor":22},{"not_picked":["After Image","Finisher"],"picked":"Tools of the Trade","floor":24},{"not_picked":["Slice","Acrobatics"],"picked":"Escape Plan","floor":27},{"not_picked":["Leg Sweep","Choke"],"picked":"Poisoned Stab+1","floor":28},{"not_picked":["Prepared","Venomology"],"picked":"Acrobatics","floor":29},{"not_picked":["PiercingWail","Deflect"],"picked":"Caltrops","floor":30},{"not_picked":["Poisoned Stab","Dodge and Roll"],"picked":"Outmaneuver+1","floor":31}],"player_experience":481810,"relics_obtained":[{"floor":6,"key":"The Courier"},{"floor":9,"key":"Bronze Scales"},{"floor":10,"key":"StoneCalendar"},{"floor":13,"key":"Ice Cream"},{"floor":21,"key":"Red Mask"},{"floor":24,"key":"Tingsha"},{"floor":26,"key":"Shuriken"},{"floor":28,"key":"Omamori"}],"event_choices":[{"event_name":"World of Goop","player_choice":"Gather Gold","floor":3,"damage_taken":0},{"event_name":"Accursed Blacksmith","player_choice":"Rummage","floor":4,"damage_taken":0},{"event_name":"The Library","player_choice":"Read","floor":19,"damage_taken":0},{"event_name":"Masked Bandits","player_choice":"Fought Bandits","floor":21,"damage_taken":0}],"is_beta":false,"boss_relics":[{"not_picked":["Tiny House","Ring of the Serpent"],"picked":"Empty Cage"}],"items_purged_floors":[20],"is_endless":false,"potions_floor_spawned":[1,5,12,14,21,24,27,30,31],"killed_by":"Automaton","ascension_level":3}