{"gold_per_floor":[115,130,147,165,184,209,209,238,238,313,216,68,68,82,82,179,179,196,215,215,215,215,215,235,335,359,359,392,392,362,376,376,473,473,487,498,598,32,52,52,69,102,153,153],"floor_reached":44,"playtime":3797,"items_purged":["Strike_R","Defend_R","Writhe"],"score":508,"play_id":"b4d61619-726d-460e-b7ad-8f60694f3ef4","local_time":"20180626100130","is_ascension_mode":false,"campfire_choices":[{"floor":7,"key":"REST"},{"data":"Body Slam","floor":15,"key":"SMITH"},{"floor":23,"key":"REST"},{"data":"Fiend Fire","floor":27,"key":"SMITH"},{"floor":29,"key":"REST"},{"floor":32,"key":"REST"},{"floor":40,"key":"REST"}],"neow_cost":"TEN_PERCENT_HP_LOSS","seed_source_timestamp":62640488980906,"circlet_count":0,"master_deck":["Strike_R+1","Strike_R+1","Strike_R+1","Defend_R+1","Defend_R+1","Bash","Combust","Feed","Twin Strike","Bludgeon","Armaments+1","Flex+1","Body Slam+1","Iron Wave","Armaments+1","Anger","Cleave","Spot Weakness+1","Fiend Fire+1","Power Through+1","Pommel Strike+1","Battle Trance+1","Iron Wave","True Grit+1","Reaper","Clash","Flame Barrier+1","Flex+1","Juggernaut","Clash+1","Iron Wave","Dark Shackles+1","Transmutation+1","Dropkick","Power Through+1","Headbutt+1","Shrug It Off+1"],"relics":["Burning Blood","Toxic Egg 2","Odd Mushroom","Juzu Bracelet","Eternal Feather","Dream Catcher","War Paint","Mercury Hourglass","Lizard Tail","Vajra","Pen Nib","Regal Pillow"],"potions_floor_usage":[8,8,8,16,33,39,41,41,42],"damage_taken":[{"damage":6,"enemies":"Cultist","floor":1,"turns":3},{"damage":7,"enemies":"Small Slimes","floor":2,"turns":7},{"damage":1,"enemies":"2 Louse","floor":3,"turns":3},{"damage":20,"enemies":"Looter","floor":4,"turns":3},{"damage":12,"enemies":"Large Slime","floor":5,"turns":3},{"damage":39,"enemies":"Lagavulin","floor":6,"turns":6},{"damage":17,"floor":8,"turns":4},{"damage":18,"enemies":"Gremlin Gang","floor":14,"turns":5},{"damage":42,"enemies":"Slime Boss","floor":16,"turns":7},{"damage":29,"enemies":"Shell Parasite","floor":18,"turns":5},{"damage":19,"enemies":"Spheric Guardian","floor":19,"turns":6},{"damage":25,"enemies":"Snake Plant","floor":24,"turns":3},{"damage":87,"enemies":"Gremlin Leader","floor":28,"turns":8},{"damage":0,"enemies":"Snecko","floor":31,"turns":3},{"damage":94,"enemies":"Champ","floor":33,"turns":13},{"damage":39,"enemies":"3 Shapes","floor":35,"turns":5},{"damage":30,"enemies":"3 Darklings","floor":36,"turns":4},{"damage":41,"enemies":"Sphere and 2 Shapes","floor":39,"turns":7},{"damage":114,"enemies":"Maw","floor":41,"turns":10},{"damage":30,"enemies":"2 Orb Walkers","floor":42,"turns":6},{"damage":24,"enemies":"3 Darklings","floor":44,"turns":5}],"seed_played":"-2820836786122999723","potions_obtained":[{"floor":1,"key":"Strength Potion"},{"floor":2,"key":"AttackPotion"},{"floor":5,"key":"PowerPotion"},{"floor":14,"key":"Fruit Juice"},{"floor":24,"key":"Explosive Potion"},{"floor":28,"key":"Ancient Potion"},{"floor":30,"key":"FearPotion"},{"floor":30,"key":"Weak Potion"},{"floor":36,"key":"Fire Potion"},{"floor":39,"key":"Explosive Potion"},{"floor":42,"key":"Poison Potion"}],"is_trial":false,"path_per_floor":["M","M","M","M","M","E","R","?","T","?","$","$","?","M","R","B",null,"M","M","?","?","?","R","M","?","T","R","E","R","?","M","R","B",null,"M","M","?","$","M","R","M","E","T"],"character_chosen":"IRONCLAD","items_purchased":["Anger","Cleave","Dark Shackles+1","Transmutation+1","Vajra"],"campfire_rested":5,"item_purchase_floors":[11,12,38,38,38],"current_hp_per_floor":[72,74,78,67,61,31,56,48,48,37,37,37,66,57,57,30,99,76,67,67,67,67,103,84,84,84,94,13,53,53,63,103,25,103,82,58,58,58,35,77,43,19,19,0],"gold":153,"neow_bonus":"TRANSFORM_TWO_CARDS","is_prod":false,"is_daily":false,"chose_seed":false,"campfire_upgraded":2,"win_rate":0.0,"timestamp":1530025290,"path_taken":["M","?","M","M","M","E","R","?","T","?","?","$","?","M","R","BOSS","M","M","?","?","?","R","M","?","T","R","E","R","?","M","R","BOSS","M","M","?","$","M","R","M","E","T","M"],"build_version":"2018-06-21v2","purchased_purges":3,"victory":false,"max_hp_per_floor":[72,75,78,81,81,84,84,87,87,87,87,87,87,90,90,99,99,99,103,103,103,103,103,103,103,103,103,103,103,103,103,103,103,103,103,103,103,103,103,103,103,103,103,103],"card_choices":[{"not_picked":["Sever Soul","Wild Strike"],"picked":"Twin Strike","floor":1},{"not_picked":["Shrug It Off","Cleave"],"picked":"Bludgeon","floor":2},{"not_picked":["Perfected Strike","Combust"],"picked":"Armaments","floor":3},{"not_picked":["Sword Boomerang","Intimidate"],"picked":"Flex","floor":4},{"not_picked":["Corruption","Rampage"],"picked":"Body Slam","floor":5},{"not_picked":["Wild Strike","True Grit"],"picked":"Iron Wave","floor":6},{"not_picked":["Limit Break+1","Corruption"],"picked":"Armaments+1","floor":8},{"not_picked":["Anger","Headbutt"],"picked":"Spot Weakness+1","floor":14},{"not_picked":["Bludgeon","Limit Break+1"],"picked":"Fiend Fire","floor":16},{"not_picked":["Anger","Uppercut"],"picked":"Power Through+1","floor":18},{"not_picked":["Reckless Charge+1","Intimidate+1"],"picked":"Pommel Strike+1","floor":19},{"not_picked":["Burning Pact+1","Battle Trance+1"],"picked":"Iron Wave","floor":23},{"not_picked":["Body Slam","Ghostly Armor+1"],"picked":"True Grit+1","floor":24},{"not_picked":["Flame Barrier+1","Uppercut"],"picked":"Reaper","floor":28},{"not_picked":["Sword Boomerang","Clothesline"],"picked":"Clash","floor":29},{"not_picked":["Armaments+1","Clash"],"picked":"Flame Barrier+1","floor":31},{"not_picked":["Shockwave+1","Pommel Strike"],"picked":"Flex+1","floor":32},{"not_picked":["Barricade","Impervious+1"],"picked":"Juggernaut","floor":33},{"not_picked":["Perfected Strike+1","Power Through+1"],"picked":"Clash+1","floor":35},{"not_picked":["Perfected Strike","Clothesline"],"picked":"Iron Wave","floor":36},{"not_picked":["Warcry+1","Perfected Strike"],"picked":"Dropkick","floor":39},{"not_picked":["Warcry+1","True Grit+1"],"picked":"Power Through+1","floor":40},{"not_picked":["Rupture","Bloodletting+1"],"picked":"Headbutt+1","floor":41},{"not_picked":["Combust+1","Hemokinesis+1"],"picked":"Shrug It Off+1","floor":42}],"player_experience":32747,"relics_obtained":[{"floor":6,"key":"Toxic Egg 2"},{"floor":8,"key":"Odd Mushroom"},{"floor":9,"key":"Juzu Bracelet"},{"floor":26,"key":"War Paint"},{"floor":28,"key":"Mercury Hourglass"},{"floor":42,"key":"Pen Nib"},{"floor":43,"key":"Regal Pillow"}],"event_choices":[{"event_name":"Mushrooms","player_choice":"Fought Mushrooms","floor":8,"damage_taken":0},{"event_name":"World of Goop","player_choice":"Gather Gold","floor":10,"damage_taken":0},{"event_name":"Big Fish","player_choice":"Banana","floor":13,"damage_taken":0},{"event_name":"The Mausoleum","player_choice":"Yes","floor":20,"damage_taken":0},{"event_name":"Back to Basics","player_choice":"Simplicity","floor":21,"damage_taken":0},{"event_name":"The Library","player_choice":"Read","floor":22,"damage_taken":0},{"event_name":"Golden Shrine","player_choice":"Pray","floor":25,"damage_taken":0},{"event_name":"The Woman in Blue","player_choice":"Bought 2 Potions","floor":30,"damage_taken":0},{"event_name":"Golden Shrine","player_choice":"Pray","floor":37,"damage_taken":0}],"boss_relics":[{"not_picked":["White Beast Statue","Philosopher\u0027s Stone"],"picked":"Eternal Feather"},{"not_picked":["Coffee Dripper","Orrery"],"picked":"Lizard Tail"}],"items_purged_floors":[11,12,38],"is_endless":false,"potions_floor_spawned":[1,2,5,14,24,28,31,36,39,42],"killed_by":"3 Darklings","ascension_level":0}