{"gold_per_floor":[111,36,111,36,36,36,48,48,72,90,109,127,127,158,158,232,232,242,89,89,89,101,101,114,114,114,139,54,66,78,78],"floor_reached":31,"playtime":1911,"items_purged":["Strike_R"],"score":446,"play_id":"a52aab76-e269-4b6e-a31e-2ad95d7e6d50","local_time":"20181006235000","is_ascension_mode":true,"campfire_choices":[{"data":"Bash","floor":6,"key":"SMITH"},{"data":"Rampage","floor":13,"key":"SMITH"},{"floor":15,"key":"REST"},{"floor":23,"key":"REST"},{"floor":25,"key":"REST"}],"neow_cost":"NONE","seed_source_timestamp":0,"circlet_count":0,"master_deck":["Strike_R","Strike_R","Strike_R","Defend_R","Defend_R","Defend_R","Defend_R","Bash+1","AscendersBane","Reaper","Anger","Rampage+1","Feed","Whirlwind+1","Headbutt","Iron Wave","Bludgeon","Thunderclap","Rampage"],"special_seed":0,"relics":["Burning Blood","Self Forming Clay","Ancient Tea Set","Blood Vial","Runic Cube","Orichalcum","Oddly Smooth Stone","Letter Opener","Meat on the Bone","Mummified Hand"],"potions_floor_usage":[27,27],"damage_taken":[{"damage":9,"enemies":"2 Louse","floor":1,"turns":3},{"damage":15,"enemies":"Small Slimes","floor":7,"turns":4},{"damage":2,"enemies":"Jaw Worm","floor":10,"turns":3},{"damage":3,"enemies":"2 Fungi Beasts","floor":11,"turns":4},{"damage":10,"enemies":"Exordium Wildlife","floor":12,"turns":6},{"damage":27,"enemies":"Lagavulin","floor":14,"turns":5},{"damage":68,"enemies":"Hexaghost","floor":16,"turns":11},{"damage":16,"enemies":"Chosen","floor":18,"turns":5},{"damage":20,"enemies":"Spheric Guardian","floor":22,"turns":4},{"damage":31,"enemies":"Centurion and Healer","floor":24,"turns":6},{"damage":30,"enemies":"Gremlin Leader","floor":27,"turns":6},{"damage":27,"enemies":"Snake Plant","floor":29,"turns":3},{"damage":33,"enemies":"Chosen and Byrds","floor":30,"turns":7},{"damage":17,"enemies":"Centurion and Healer","floor":31,"turns":2}],"seed_played":"-8044116451584561893","potions_obtained":[{"floor":1,"key":"Swift Potion"},{"floor":7,"key":"Explosive Potion"},{"floor":18,"key":"Strength Potion"},{"floor":24,"key":"BloodPotion"}],"is_trial":false,"path_per_floor":["M","?","?","$","$","R","M","T","T","M","M","M","R","E","R","B",null,"M","$","?","T","M","R","M","R","T","E","?","M","M"],"character_chosen":"IRONCLAD","items_purchased":["Orichalcum"],"campfire_rested":3,"item_purchase_floors":[19],"current_hp_per_floor":[71,71,60,60,60,60,55,55,55,65,75,72,72,54,75,19,61,56,56,34,34,22,46,29,53,53,39,39,32,19,4],"gold":78,"neow_bonus":"ONE_RANDOM_RARE_CARD","is_prod":false,"is_daily":false,"chose_seed":false,"campfire_upgraded":2,"win_rate":0,"timestamp":1538887800,"path_taken":["M","?","?","?","$","R","M","?","T","M","?","M","R","E","R","BOSS","M","$","?","?","?","R","M","R","T","E","?","M","M","M"],"build_version":"2018-10-04v2","purchased_purges":1,"victory":false,"max_hp_per_floor":[75,75,75,75,75,75,75,75,75,75,75,75,75,75,75,75,75,78,78,83,83,83,83,83,83,83,83,83,83,83,83],"card_choices":[{"not_picked":["Pummel","Entrench"],"picked":"Anger","floor":1},{"not_picked":["Blood for Blood","Pummel","Dual Wield"],"picked":"SKIP","floor":7},{"not_picked":["Warcry","Cleave"],"picked":"Rampage","floor":10},{"not_picked":["Warcry","Entrench","Havoc"],"picked":"SKIP","floor":11},{"not_picked":["Wild Strike","Clash","Armaments"],"picked":"SKIP","floor":12},{"not_picked":["Barricade","Warcry","Fire Breathing"],"picked":"SKIP","floor":14},{"not_picked":["Exhume","Barricade"],"picked":"Feed","floor":16},{"not_picked":["Iron Wave","Flex"],"picked":"Whirlwind+1","floor":18},{"not_picked":["Warcry","Thunderclap"],"picked":"Headbutt","floor":22},{"not_picked":["Body Slam","Perfected Strike"],"picked":"Iron Wave","floor":24},{"not_picked":["Pummel","Twin Strike"],"picked":"Bludgeon","floor":27},{"not_picked":["Flex","Headbutt"],"picked":"Thunderclap","floor":29},{"not_picked":["Thunderclap","Anger"],"picked":"Rampage","floor":30}],"player_experience":712946,"relics_obtained":[{"floor":8,"key":"Self Forming Clay"},{"floor":9,"key":"Ancient Tea Set"},{"floor":14,"key":"Blood Vial"},{"floor":21,"key":"Oddly Smooth Stone"},{"floor":26,"key":"Letter Opener"},{"floor":27,"key":"Meat on the Bone"}],"event_choices":[{"event_name":"The Cleric","player_choice":"Card Removal","floor":2,"damage_taken":0},{"event_name":"World of Goop","player_choice":"Gather Gold","floor":3,"damage_taken":0},{"event_name":"Forgotten Altar","player_choice":"Shed Blood","floor":20,"damage_taken":0},{"event_name":"Addict","player_choice":"Obtained Relic","floor":28,"damage_taken":0}],"is_beta":false,"boss_relics":[{"not_picked":["Philosopher\u0027s Stone","Pandora\u0027s Box"],"picked":"Runic Cube"}],"items_purged_floors":[4],"is_endless":false,"potions_floor_spawned":[1,7,18,24],"killed_by":"Centurion and Healer","ascension_level":15}