{"gold_per_floor":[217,142,156,169,180,180,180,205,283,293,307,307,15,47,47,146,146,160,176,176,188,14,14,14],"floor_reached":24,"playtime":3334,"items_purged":["Defend_B","Parasite","Strike_B"],"score":245,"play_id":"dacfdfad-51d9-4708-9a44-91c1973e2b27","local_time":"20180718231323","is_ascension_mode":true,"campfire_choices":[{"data":"Chill","floor":7,"key":"SMITH"},{"data":"Coolheaded","floor":15,"key":"SMITH"},{"data":"Redo","floor":23,"key":"SMITH"}],"neow_cost":"NONE","seed_source_timestamp":43136050373901,"circlet_count":0,"master_deck":["Strike_B","Strike_B","Defend_B","Defend_B","Defend_B","Zap","Dualcast","Conserve Battery","Chill+1","Undo","Doom and Gloom","Fission","Steam","Coolheaded+1","Ball Lightning","Rainbow","Redo+1"],"relics":["Cracked Core","Matryoshka","Tiny Chest","Blood Vial","Bag of Marbles","Art of War","Nuclear Battery"],"potions_floor_usage":[11,14,16,19,19,21,24],"damage_taken":[{"damage":2,"enemies":"2 Louse","floor":1,"turns":4},{"damage":0,"enemies":"Cultist","floor":3,"turns":3},{"damage":2,"enemies":"Small Slimes","floor":4,"turns":3},{"damage":1,"enemies":"2 Fungi Beasts","floor":5,"turns":4},{"damage":25,"enemies":"Gremlin Nob","floor":8,"turns":5},{"damage":0,"enemies":"Blue Slaver","floor":10,"turns":4},{"damage":0,"enemies":"Gremlin Gang","floor":11,"turns":3},{"damage":0,"enemies":"3 Sentries","floor":14,"turns":5},{"damage":8,"enemies":"Slime Boss","floor":16,"turns":10},{"damage":0,"enemies":"Chosen","floor":18,"turns":5},{"damage":0,"enemies":"3 Byrds","floor":19,"turns":4},{"damage":5,"enemies":"Snake Plant","floor":21,"turns":5},{"damage":68,"enemies":"Gremlin Leader","floor":24,"turns":8}],"seed_played":"5492440854326283177","potions_obtained":[{"floor":4,"key":"Explosive Potion"},{"floor":5,"key":"EssenceOfSteel"},{"floor":8,"key":"LiquidBronze"},{"floor":10,"key":"Block Potion"},{"floor":14,"key":"Weak Potion"},{"floor":18,"key":"Explosive Potion"}],"is_trial":false,"path_per_floor":["M","$","M","M","M","?","R","E","T","M","M","?","$","E","R","B",null,"M","M","?","M","$","R"],"character_chosen":"DEFECT","items_purchased":["Bag of Marbles","Swift Potion","Swift Potion"],"campfire_rested":0,"item_purchase_floors":[13,13,22],"current_hp_per_floor":[73,73,73,71,70,70,70,45,45,47,49,67,67,69,69,63,72,72,72,65,62,62,62,0],"gold":14,"neow_bonus":"HUNDRED_GOLD","is_prod":false,"is_daily":false,"chose_seed":false,"campfire_upgraded":3,"win_rate":0,"timestamp":1531980803,"path_taken":["M","$","M","M","M","?","R","E","T","M","M","?","$","E","R","BOSS","M","?","?","M","$","R","E"],"build_version":"2018-07-12","purchased_purges":3,"victory":false,"max_hp_per_floor":[75,75,75,75,75,75,75,75,75,75,75,75,72,72,72,72,72,72,72,72,72,72,72,72],"card_choices":[{"not_picked":["Reinforced Body","Recycle"],"picked":"Conserve Battery","floor":1},{"not_picked":["Defragment","Rebound"],"picked":"Chill","floor":3},{"not_picked":["Sweeping Beam","Hologram"],"picked":"Undo","floor":4},{"not_picked":["Echo Form","Hello World"],"picked":"Doom and Gloom","floor":5},{"not_picked":["Reinforced Body","Skim"],"picked":"Fission","floor":8},{"not_picked":["Turbo","Barrage"],"picked":"Steam","floor":10},{"not_picked":["Beam Cell","Conserve Battery"],"picked":"Coolheaded","floor":11},{"not_picked":["Core Surge","Loop"],"picked":"Ball Lightning","floor":14},{"not_picked":["Multi-Cast","Amplify"],"picked":"Rainbow","floor":16},{"not_picked":["Compile Driver+1","Self Repair"],"picked":"Redo","floor":18},{"not_picked":["Streamline","Conserve Battery","Stack+1"],"picked":"SKIP","floor":19},{"not_picked":["Turbo","Hyperbeam","Compile Driver"],"picked":"SKIP","floor":21}],"player_experience":104288,"relics_obtained":[{"floor":8,"key":"Matryoshka"},{"floor":9,"key":"Tiny Chest"},{"floor":9,"key":"Blood Vial"},{"floor":14,"key":"Art of War"}],"event_choices":[{"event_name":"Purifier","player_choice":"One Purge","floor":6,"damage_taken":0},{"event_name":"Mushrooms","player_choice":"Healed and dodged fight","floor":12,"damage_taken":0},{"event_name":"Knowing Skull","player_choice":"","floor":20,"damage_taken":0}],"boss_relics":[{"not_picked":["Snecko Eye","Runic Dome"],"picked":"Nuclear Battery"}],"items_purged_floors":[2,13,22],"is_endless":false,"potions_floor_spawned":[4,5,8,10,14,18],"killed_by":"Gremlin Leader","ascension_level":1}