{"gold_per_floor":[118,118,135,182,198,225,225,296,296,309,309,339,350,366,366,463,463,482,68,68,85,102,102,102],"floor_reached":24,"playtime":1401,"items_purged":[],"score":333,"play_id":"5cc278b0-9939-4360-855b-8299f6a31b4f","local_time":"20180924115232","is_ascension_mode":true,"campfire_choices":[{"data":"True Grit","floor":7,"key":"SMITH"},{"data":"Body Slam","floor":11,"key":"SMITH"},{"data":"Immolate","floor":15,"key":"SMITH"},{"floor":23,"key":"REST"}],"neow_cost":"NONE","seed_source_timestamp":0,"circlet_count":0,"master_deck":["Strike_R","Strike_R","Strike_R","Strike_R","Strike_R","Defend_R","Defend_R","Defend_R","Defend_R","Bash","AscendersBane","Inflame","Bash","Flash of Steel","Anger","Body Slam+1","True Grit+1","Wild Strike","Immolate+1","Iron Wave","Cleave","Double Tap","Injury","Clumsy","Clumsy","Perfected Strike","Perfected Strike","Flame Barrier"],"special_seed":0,"relics":["Burning Blood","NeowsBlessing","Lantern","Bottled Flame","Mercury Hourglass","Paper Frog","The Courier","Calling Bell","Potion Belt","Kunai","Magic Flower","Singing Bowl","Pen Nib"],"potions_floor_usage":[16,16],"damage_taken":[{"damage":0.0,"enemies":"Small Slimes","floor":1.0,"turns":1.0},{"damage":0.0,"enemies":"Cultist","floor":3.0,"turns":1.0},{"damage":0.0,"enemies":"2 Louse","floor":5.0,"turns":1.0},{"damage":30,"enemies":"3 Sentries","floor":6,"turns":7},{"damage":14,"enemies":"Red Slaver","floor":10,"turns":2},{"damage":8,"enemies":"Gremlin Nob","floor":12,"turns":3},{"damage":6,"enemies":"Exordium Thugs","floor":13,"turns":3},{"damage":0,"enemies":"Blue Slaver","floor":14,"turns":1},{"damage":36,"enemies":"The Guardian","floor":16,"turns":11},{"damage":1,"enemies":"Chosen","floor":18,"turns":4},{"damage":50,"enemies":"2 Thieves","floor":21,"turns":4},{"damage":0,"enemies":"Centurion and Healer","floor":22,"turns":5},{"damage":44,"enemies":"Book of Stabbing","floor":24,"turns":4}],"seed_played":"247299866292312229","potions_obtained":[{"floor":1.0,"key":"EssenceOfSteel"},{"floor":3.0,"key":"SmokeBomb"},{"floor":13,"key":"Fire Potion"},{"floor":22,"key":"Regen Potion"}],"is_trial":false,"path_per_floor":["M","?","M","T","M","E","R","T","T","M","R","E","M","M","R","B",null,"M","$","?","M","M","R"],"character_chosen":"IRONCLAD","items_purchased":["Singing Bowl","Perfected Strike","Pen Nib","Flame Barrier"],"campfire_rested":1,"item_purchase_floors":[19,19,19,19],"current_hp_per_floor":[78,78,80,80,80,56,56,56,56,48,48,46,46,52,52,22,66,74,74,74,35,46,71,27],"gold":102,"neow_bonus":"THREE_ENEMY_KILL","is_prod":false,"is_daily":false,"chose_seed":false,"campfire_upgraded":3,"win_rate":0,"timestamp":1537807952,"path_taken":["M","?","?","?","M","E","R","?","T","M","R","E","?","M","R","BOSS","M","$","?","M","?","R","E"],"build_version":"2018-09-20","purchased_purges":0,"victory":false,"max_hp_per_floor":[80,80,80,80,80,80,80,80,80,80,80,80,80,80,80,80,80,80,80,80,82,84,84,84],"card_choices":[{"not_picked":["Warcry","Wild Strike"],"picked":"Inflame","floor":1.0},{"not_picked":["Wild Strike","Burning Pact"],"picked":"Anger","floor":3.0},{"not_picked":["True Grit","Dual Wield"],"picked":"Body Slam","floor":5.0},{"not_picked":["Warcry","Carnage"],"picked":"True Grit","floor":6},{"not_picked":["Clash","Disarm"],"picked":"Wild Strike","floor":10},{"not_picked":["Feed","Anger"],"picked":"Immolate","floor":12},{"not_picked":["Heavy Blade","Havoc"],"picked":"Iron Wave","floor":13},{"not_picked":["Twin Strike","Heavy Blade"],"picked":"Cleave","floor":14},{"not_picked":["Immolate","Brutality"],"picked":"Double Tap","floor":16},{"not_picked":["Evolve","Clothesline"],"picked":"Perfected Strike","floor":18},{"not_picked":["Feel No Pain","Seeing Red","Searing Blow"],"picked":"Singing Bowl","floor":21},{"not_picked":["Headbutt+1","Sever Soul","Cleave"],"picked":"Singing Bowl","floor":22}],"player_experience":638218,"relics_obtained":[{"floor":4.0,"key":"Lantern"},{"floor":6,"key":"Bottled Flame"},{"floor":8,"key":"Mercury Hourglass"},{"floor":9,"key":"Paper Frog"},{"floor":12,"key":"The Courier"},{"floor":17,"key":"Potion Belt"},{"floor":17,"key":"Kunai"},{"floor":17,"key":"Magic Flower"}],"event_choices":[{"event_name":"Match and Keep!","player_choice":"2 cards matched","floor":2.0,"damage_taken":0.0},{"event_name":"Beggar","player_choice":"Ignored","floor":20,"damage_taken":0}],"is_beta":false,"boss_relics":[{"not_picked":["Cursed Key","Black Blood"],"picked":"Calling Bell"}],"items_purged_floors":[],"is_endless":false,"potions_floor_spawned":[1,3,13,22],"killed_by":"Book of Stabbing","ascension_level":12}