{"gold_per_floor":[119,134,134,147,157,191,191,209,279,279,323,323,34,59,59,183,183,198,147,147,75,75,75],"floor_reached":23,"playtime":1985,"items_purged":[],"score":343,"play_id":"262f9367-439d-436b-8024-e3c04f3b1db2","local_time":"20180927224800","is_ascension_mode":true,"campfire_choices":[{"data":"Perfected Strike","floor":7.0,"key":"SMITH"},{"floor":12.0,"key":"REST"},{"data":"Whirlwind","floor":15.0,"key":"SMITH"}],"neow_cost":"NONE","seed_source_timestamp":0,"circlet_count":0,"master_deck":["Defend_R","Defend_R","Defend_R","Defend_R","Bash","AscendersBane","Whirlwind+1","Perfected Strike+1","Shrug It Off","Rampage","Flame Barrier","Twin Strike","Feed","Wild Strike","Shrug It Off","Inflame","Bite","Bite","Bite","Bite","Bite"],"special_seed":0,"relics":["Burning Blood","Pantograph","Ice Cream","Dodecahedron","Golden Idol","Potion Belt","Champion Belt","White Beast Statue"],"potions_floor_usage":[23,23,23],"damage_taken":[{"damage":11.0,"enemies":"Jaw Worm","floor":1.0,"turns":5.0},{"damage":1.0,"enemies":"Cultist","floor":2.0,"turns":3.0},{"damage":0.0,"enemies":"2 Louse","floor":4.0,"turns":1.0},{"damage":9.0,"enemies":"Red Slaver","floor":5.0,"turns":4.0},{"damage":34.0,"enemies":"3 Sentries","floor":6.0,"turns":11.0},{"damage":0.0,"enemies":"Large Slime","floor":8.0,"turns":5.0},{"damage":32.0,"enemies":"Gremlin Nob","floor":11.0,"turns":4.0},{"damage":15.0,"enemies":"Lots of Slimes","floor":14.0,"turns":5.0},{"damage":45.0,"enemies":"Slime Boss","floor":16.0,"turns":13.0},{"damage":7.0,"enemies":"Chosen","floor":18.0,"turns":5.0},{"damage":35,"enemies":"Book of Stabbing","floor":23,"turns":6}],"seed_played":"60214742469005565","potions_obtained":[{"floor":2.0,"key":"Poison Potion"},{"floor":11.0,"key":"EssenceOfSteel"},{"floor":14.0,"key":"EntropicBrew"},{"floor":18.0,"key":"FearPotion"}],"is_trial":false,"path_per_floor":["M","M","?","M","M","E","R","M","T","?","E","R","$","M","R","B",null,"M","$","?","$","?"],"character_chosen":"IRONCLAD","items_purchased":["Champion Belt","Shrug It Off","Inflame"],"campfire_rested":1,"item_purchase_floors":[13,19,21],"current_hp_per_floor":[75,80,80,86,83,55,55,61,61,39,13,39,39,30,30,16,70,72,72,72,72,63,30],"gold":75,"neow_bonus":"TEN_PERCENT_HP_BONUS","is_prod":false,"is_daily":false,"chose_seed":false,"campfire_upgraded":2,"win_rate":0,"timestamp":1538106480,"path_taken":["M","M","?","M","M","E","R","?","T","?","E","R","?","?","R","BOSS","BOSS","M","?","?","$","?","E"],"build_version":"2018-09-27","purchased_purges":0,"victory":false,"max_hp_per_floor":[88,88,88,88,88,88,88,88,88,88,88,88,88,88,88,88,88,91,91,91,91,63,63],"card_choices":[{"not_picked":["Warcry","Headbutt"],"picked":"Whirlwind","floor":1.0},{"not_picked":["Warcry","Second Wind","Evolve"],"picked":"SKIP","floor":2.0},{"not_picked":["Pummel","Anger"],"picked":"Perfected Strike","floor":4.0},{"not_picked":["Reckless Charge","Cleave"],"picked":"Shrug It Off","floor":5.0},{"not_picked":["Clash","Dark Embrace"],"picked":"Rampage","floor":6.0},{"not_picked":["Clash","Hemokinesis"],"picked":"Flame Barrier","floor":8.0},{"not_picked":["Sword Boomerang","Warcry"],"picked":"Twin Strike","floor":11.0},{"not_picked":["Seeing Red","Burning Pact","Carnage"],"picked":"SKIP","floor":14.0},{"not_picked":["Reaper","Double Tap"],"picked":"Feed","floor":16.0},{"not_picked":["Combust","Cleave+1"],"picked":"Wild Strike","floor":18.0}],"player_experience":649197,"relics_obtained":[{"floor":6.0,"key":"Ice Cream"},{"floor":9.0,"key":"Dodecahedron"},{"floor":11.0,"key":"Potion Belt"}],"event_choices":[{"event_name":"WeMeetAgain","player_choice":"Potion","floor":3.0,"damage_taken":0.0},{"event_name":"Golden Idol","player_choice":"Take Damage","floor":10.0,"damage_taken":0.0},{"event_name":"Bonfire Elementals","player_choice":"BASIC","floor":20.0,"damage_taken":0.0},{"event_name":"Vampires","player_choice":"Became a vampire","floor":22.0,"damage_taken":0.0}],"is_beta":false,"boss_relics":[{"not_picked":["Black Blood","Fusion Hammer"],"picked":"White Beast Statue"}],"items_purged_floors":[],"is_endless":false,"potions_floor_spawned":[2,11,14,18],"killed_by":"Book of Stabbing","ascension_level":12}