{"gold_per_floor":[114,114,125,125,141,141,152,180,180,191,204,204,219,219,219,324,324,313,14,28,47,47,47,47],"floor_reached":24,"playtime":1369,"items_purged":[],"score":200,"play_id":"ae6cd15d-2e8d-46b8-a8cf-8d8f9245ccae","local_time":"20181120155117","is_ascension_mode":false,"campfire_choices":[{"floor":6,"key":"RECALL"},{"data":"Sweeping Beam","floor":12,"key":"SMITH"},{"floor":15,"key":"REST"},{"floor":23,"key":"REST"}],"neow_cost":"NONE","seed_source_timestamp":25747803592459,"circlet_count":0,"master_deck":["Strike_B","Strike_B","Defend_B+1","Defend_B+1","Defend_B","Zap+1","Dualcast+1","Steam Power","Redo","Conserve Battery","Sweeping Beam+1","Auto Shields","Rainbow","Ball Lightning","Cold Snap","Machine Learning","Loop","Ball Lightning","Consume","Chaos","Redo+1","Skim","Cold Snap","Barrage","Fission"],"relics":["Cracked Core","Orichalcum","Orrery","War Paint","Regal Pillow"],"potions_floor_usage":[7,8,8,16],"damage_taken":[{"damage":1,"enemies":"Jaw Worm","floor":1,"turns":3},{"damage":0,"enemies":"2 Louse","floor":3,"turns":2},{"damage":0,"enemies":"Cultist","floor":5,"turns":2},{"damage":0,"enemies":"Large Slime","floor":7,"turns":5},{"damage":11,"enemies":"Lagavulin","floor":8,"turns":7},{"damage":0,"enemies":"Looter","floor":10,"turns":3},{"damage":6,"enemies":"Exordium Thugs","floor":11,"turns":3},{"damage":3,"enemies":"Exordium Wildlife","floor":13,"turns":2},{"damage":20,"enemies":"Hexaghost","floor":16,"turns":8},{"damage":27,"enemies":"2 Thieves","floor":18,"turns":4},{"damage":31,"enemies":"3 Byrds","floor":20,"turns":4},{"damage":13,"enemies":"Snecko","floor":21,"turns":5},{"damage":2,"enemies":"Cultist and Chosen","floor":24,"turns":4}],"seed_played":"-4614395379013603723","potions_obtained":[{"floor":1,"key":"SkillPotion"},{"floor":3,"key":"Poison Potion"},{"floor":5,"key":"Poison Potion"},{"floor":7,"key":"FocusPotion"}],"is_trial":false,"path_per_floor":["M","?","M","?","M","R","M","E","T","M","M","R","M","?","R","B",null,"M","$","M","M","?","R","M"],"character_chosen":"DEFECT","items_purchased":["War Paint","Regal Pillow"],"campfire_rested":2,"item_purchase_floors":[19,19],"current_hp_per_floor":[74,59,59,59,59,59,59,48,48,48,42,42,39,39,61,41,75,48,48,17,4,4,41,39],"gold":47,"neow_bonus":"REMOVE_CARD","is_prod":false,"is_daily":false,"chose_seed":false,"campfire_upgraded":1,"win_rate":0,"timestamp":1542750677,"path_taken":["M","?","M","?","?","R","M","E","T","M","M","R","M","?","R","BOSS","M","$","M","M","?","R","M"],"build_version":"2018-11-15","purchased_purges":0,"victory":false,"max_hp_per_floor":[75,75,75,75,75,75,75,75,75,75,75,75,75,75,75,75,75,75,75,75,75,75,75,75],"card_choices":[{"not_picked":["Recycle","Reprogram"],"picked":"Steam Power","floor":1},{"not_picked":["Beam Cell","Storm"],"picked":"Redo","floor":3},{"not_picked":["Compile Driver","Hello World"],"picked":"Sweeping Beam","floor":5},{"not_picked":["Coolheaded","BootSequence"],"picked":"Auto Shields","floor":7},{"not_picked":["Steam","Rebound"],"picked":"Rainbow","floor":8},{"not_picked":["Consume","Go for the Eyes"],"picked":"Ball Lightning","floor":10},{"not_picked":["Coolheaded","Hologram","Barrage"],"picked":"SKIP","floor":11},{"not_picked":["Genetic Algorithm","Storm"],"picked":"Cold Snap","floor":13},{"not_picked":["Echo Form","Buffer"],"picked":"Machine Learning","floor":16},{"not_picked":["Capacitor","Leap"],"picked":"Loop","floor":17},{"not_picked":["Streamline","Steam"],"picked":"Ball Lightning","floor":17},{"not_picked":["Melter","Lockon"],"picked":"Consume","floor":17},{"not_picked":["Reprogram","Aggregate"],"picked":"Chaos","floor":17},{"not_picked":["Coolheaded","White Noise"],"picked":"Redo","floor":18},{"not_picked":["Barrage","Sunder"],"picked":"Skim","floor":20},{"not_picked":["Steam","All For One"],"picked":"Cold Snap","floor":21}],"player_experience":1041514,"relics_obtained":[{"floor":8,"key":"Orichalcum"}],"event_choices":[{"damage_healed":0,"gold_gain":0,"player_choice":"Entered Light","damage_taken":15,"max_hp_gain":0,"max_hp_loss":0,"event_name":"Shining Light","floor":2,"gold_loss":0,"cards_upgraded":["Dualcast","Defend_B"]},{"damage_healed":0,"gold_gain":0,"player_choice":"1 cards matched","damage_taken":0,"max_hp_gain":0,"max_hp_loss":0,"event_name":"Match and Keep!","floor":4,"gold_loss":0,"cards_obtained":["Conserve Battery"]},{"damage_healed":0,"gold_gain":0,"player_choice":"Grow","damage_taken":0,"max_hp_gain":0,"max_hp_loss":0,"event_name":"Living Wall","floor":14,"gold_loss":0,"cards_upgraded":["Zap"]},{"damage_healed":0,"gold_gain":0,"cards_transformed":["Defend_B","Strike_B"],"player_choice":"Became Test Subject","damage_taken":0,"max_hp_gain":0,"max_hp_loss":0,"event_name":"Drug Dealer","floor":22,"gold_loss":0,"cards_obtained":["Barrage","Fission"]}],"is_beta":false,"boss_relics":[{"not_picked":["Runic Pyramid","Coffee Dripper"],"picked":"Orrery"}],"items_purged_floors":[],"is_endless":false,"potions_floor_spawned":[1,3,5,7],"killed_by":"Cultist and Chosen","ascension_level":0}