{"gold_per_floor":[109,284,136,156,166,166,166,219,219,250,250,85,85,113,113,217,217,233,233,233,233,143,169,169,203,203,214,7,7,7,17,17,116,116,134,134,134,134,234,234,251,251,251,304,324,46,61,77,77,77],"floor_reached":51,"playtime":7013,"items_purged":["Doubt"],"score":737,"play_id":"044d283e-74bd-4f94-a907-3f70f19ad1a0","local_time":"20190318124809","is_ascension_mode":false,"campfire_choices":[{"data":"1","floor":6.0,"key":"LIFT"},{"data":"2","floor":11.0,"key":"LIFT"},{"floor":15.0,"key":"REST"},{"data":"3","floor":24.0,"key":"LIFT"},{"data":"Streamline","floor":29.0,"key":"SMITH"},{"data":"Barrage","floor":30.0,"key":"SMITH"},{"floor":32.0,"key":"REST"},{"data":"Streamline","floor":40.0,"key":"SMITH"},{"data":"Barrage","floor":42.0,"key":"SMITH"},{"data":"All For One","floor":49,"key":"SMITH"}],"neow_cost":"PERCENT_DAMAGE","seed_source_timestamp":0,"circlet_count":0,"master_deck":["Zap","Dualcast+1","Barrage","Genetic Algorithm","Cold Snap+1","Streamline+1","Auto Shields","Flash of Steel","FTL","Compile Driver","All For One+1","Double Energy+1","Self Repair","FTL","Turbo+1","Melter","Conserve Battery+1","Chaos+1","Seek+1","Gash","RitualDagger","Gash","Flash of Steel","Darkness+1","Streamline+1","Barrage+1","Gash","Streamline+1","Echo Form","Go for the Eyes+1","Madness+1","Madness+1","Beam Cell","Barrage+1","Leap+1","Gash","Flash of Steel","Apotheosis+1","Gash+1"],"special_seed":0,"relics":["Cracked Core","Girya","Juzu Bracelet","Toxic Egg 2","Pandora\u0027s Box","WingedGreaves","Mercury Hourglass","Du-Vu Doll","Bronze Scales","Sozu","Strawberry","Incense Burner","Singing Bowl","Bird Faced Urn"],"potions_floor_usage":[],"damage_taken":[{"damage":1.0,"enemies":"Jaw Worm","floor":1.0,"turns":3.0},{"damage":0.0,"enemies":"2 Louse","floor":4.0,"turns":2.0},{"damage":3.0,"enemies":"Small Slimes","floor":5.0,"turns":4.0},{"damage":8.0,"enemies":"3 Sentries","floor":10.0,"turns":10.0},{"damage":4.0,"enemies":"Gremlin Nob","floor":14.0,"turns":3.0},{"damage":22.0,"enemies":"Hexaghost","floor":16.0,"turns":6.0},{"damage":9.0,"enemies":"Shell Parasite","floor":18.0,"turns":3.0},{"damage":22.0,"enemies":"Slavers","floor":23.0,"turns":2.0},{"damage":8.0,"enemies":"Gremlin Leader","floor":25.0,"turns":4.0},{"damage":0.0,"enemies":"2 Thieves","floor":27.0,"turns":2.0},{"damage":0.0,"enemies":"Centurion and Healer","floor":31.0,"turns":3.0},{"damage":0.0,"enemies":"Champ","floor":33.0,"turns":6.0},{"damage":11.0,"enemies":"3 Shapes","floor":35.0,"turns":3.0},{"damage":0.0,"enemies":"Mind Bloom Boss Battle","floor":39.0,"turns":4.0},{"damage":10.0,"enemies":"Orb Walker","floor":41.0,"turns":2.0},{"damage":16.0,"enemies":"2 Orb Walkers","floor":44.0,"turns":3.0},{"damage":0,"enemies":"Transient","floor":45,"turns":5},{"damage":0,"enemies":"Jaw Worm Horde","floor":47,"turns":3},{"damage":4,"enemies":"4 Shapes","floor":48,"turns":2},{"damage":68,"enemies":"Time Eater","floor":50,"turns":8}],"seed_played":"-5950678460481316169","potions_obtained":[{"floor":1.0,"key":"GamblersBrew"},{"floor":10.0,"key":"SteroidPotion"},{"floor":16.0,"key":"Explosive Potion"},{"floor":23.0,"key":"FocusPotion"},{"floor":27.0,"key":"Energy Potion"},{"floor":33.0,"key":"Weak Potion"}],"is_trial":false,"path_per_floor":["M","?","$","M","M","R","?","?","T","E","R","$","?","E","R","B",null,"M","?","?","?","$","E","R","E","T","M","$","R","R","M","R","B",null,"M","?","T","$","?","R","M","R","T","?","M","$","M","M","R","B",null],"character_chosen":"DEFECT","items_purchased":["Genetic Algorithm","Flash of Steel","FTL","Flash of Steel","Gash","Bronze Scales","Flash of Steel","Apotheosis+1"],"campfire_rested":2,"item_purchase_floors":[3,12,12,22,28,28,46,46],"current_hp_per_floor":[53,53,53,53,50,50,35,35,35,27,27,27,27,23,45,23,75,66,60,60,60,60,38,38,37,37,37,37,37,37,37,59,59,75,71,62,69,69,76,76,73,73,73,57,66,66,70,66,66,9],"gold":77,"neow_bonus":"ONE_RARE_RELIC","is_prod":false,"is_daily":false,"chose_seed":false,"campfire_upgraded":5,"win_rate":0,"timestamp":1552931289,"path_taken":["M","?","$","M","M","R","?","?","T","E","R","?","?","E","R","BOSS","M","?","?","?","$","E","R","E","T","M","$","R","R","M","R","BOSS","M","?","?","$","?","R","M","R","T","?","M","$","M","M","R","BOSS"],"build_version":"2019-01-23","purchased_purges":1,"victory":true,"max_hp_per_floor":[75,75,75,75,75,75,75,75,75,75,75,75,75,75,75,75,75,75,75,75,75,75,75,75,75,75,75,75,75,75,75,75,75,75,75,75,82,82,82,82,82,82,82,82,82,82,84,84,84,84],"card_choices":[{"not_picked":["Reprogram","Steam"],"picked":"Barrage","floor":1.0},{"not_picked":["Hologram","Sweeping Beam"],"picked":"Cold Snap","floor":4.0},{"not_picked":["Stack","Conserve Battery"],"picked":"Streamline","floor":5.0},{"not_picked":["Loop","Sunder"],"picked":"Auto Shields","floor":10.0},{"not_picked":["Biased Cognition","Beam Cell"],"picked":"Compile Driver","floor":14.0},{"not_picked":["Thunder Strike","Creative AI"],"picked":"All For One","floor":16.0},{"not_picked":["Cold Snap","Hologram+1"],"picked":"Gash","floor":18.0},{"not_picked":["Double Energy+1","White Noise+1"],"picked":"Darkness+1","floor":23.0},{"not_picked":["Go for the Eyes","Hologram+1"],"picked":"Streamline","floor":25.0},{"not_picked":["Compile Driver","Sweeping Beam"],"picked":"Barrage","floor":27.0},{"not_picked":["Chill+1","Coolheaded+1"],"picked":"Streamline","floor":31.0},{"not_picked":["Biased Cognition","Creative AI"],"picked":"Echo Form","floor":33.0},{"not_picked":["Redo+1","Loop+1"],"picked":"Go for the Eyes+1","floor":35.0},{"not_picked":["Aggregate+1","Sweeping Beam"],"picked":"Beam Cell","floor":39.0},{"not_picked":["Cold Snap","Go for the Eyes+1"],"picked":"Barrage","floor":41.0},{"not_picked":["Sweeping Beam+1","Barrage"],"picked":"Leap+1","floor":44.0},{"not_picked":["Fusion+1","Ball Lightning+1"],"picked":"Gash","floor":45},{"not_picked":["Streamline+1","Capacitor","Auto Shields+1"],"picked":"Singing Bowl","floor":47},{"not_picked":["Genetic Algorithm+1","Compile Driver"],"picked":"Gash+1","floor":48}],"player_experience":1211090,"relics_obtained":[{"floor":10.0,"key":"Juzu Bracelet"},{"floor":14.0,"key":"Toxic Egg 2"},{"floor":23.0,"key":"WingedGreaves"},{"floor":25.0,"key":"Mercury Hourglass"},{"floor":26.0,"key":"Du-Vu Doll"},{"floor":37.0,"key":"Strawberry"},{"floor":39.0,"key":"Incense Burner"},{"floor":43.0,"key":"Singing Bowl"},{"floor":44.0,"key":"Bird Faced Urn"}],"event_choices":[{"damage_healed":0.0,"max_hp_gain":0.0,"max_hp_loss":0.0,"gold_gain":175.0,"event_name":"Liars Game","player_choice":"AGREE","floor":2.0,"gold_loss":0.0,"damage_taken":0.0,"cards_obtained":["Doubt"]},{"damage_healed":0.0,"max_hp_gain":0.0,"max_hp_loss":0.0,"gold_gain":0.0,"event_name":"Shining Light","player_choice":"Entered Light","floor":7.0,"gold_loss":0.0,"damage_taken":15.0,"cards_upgraded":["Cold Snap","Dualcast"]},{"damage_healed":0.0,"max_hp_gain":0.0,"max_hp_loss":0.0,"gold_gain":53.0,"event_name":"Golden Wing","player_choice":"Gained Gold","floor":8.0,"gold_loss":0.0,"damage_taken":0.0},{"damage_healed":0.0,"max_hp_gain":0.0,"max_hp_loss":0.0,"gold_gain":0.0,"event_name":"Living Wall","player_choice":"Grow","floor":13.0,"gold_loss":0.0,"damage_taken":0.0,"cards_upgraded":["Streamline"]},{"damage_healed":0.0,"max_hp_gain":0.0,"max_hp_loss":0.0,"gold_gain":0.0,"event_name":"Nest","player_choice":"Joined the Cult","floor":19.0,"gold_loss":0.0,"damage_taken":6.0,"cards_obtained":["RitualDagger"]},{"damage_healed":0.0,"max_hp_gain":0.0,"max_hp_loss":0.0,"gold_gain":0.0,"event_name":"Vampires","player_choice":"Ignored","floor":20.0,"gold_loss":0.0,"damage_taken":0.0},{"damage_healed":0.0,"max_hp_gain":0.0,"max_hp_loss":0.0,"gold_gain":0.0,"event_name":"The Library","player_choice":"Read","floor":21.0,"gold_loss":0.0,"damage_taken":0.0,"cards_obtained":["Gash"]},{"damage_healed":0.0,"max_hp_gain":0.0,"max_hp_loss":0.0,"gold_gain":0.0,"event_name":"Winding Halls","player_choice":"Embrace Madness","floor":36.0,"gold_loss":0.0,"damage_taken":9.0,"cards_obtained":["Madness","Madness"]},{"damage_healed":0.0,"max_hp_gain":0.0,"max_hp_loss":0.0,"gold_gain":0.0,"event_name":"MindBloom","player_choice":"Fight","floor":39.0,"gold_loss":0.0,"damage_taken":0.0},{"damage_healed":0.0,"max_hp_gain":0.0,"max_hp_loss":0.0,"gold_gain":0.0,"event_name":"Mysterious Sphere","player_choice":"Fight","floor":44.0,"gold_loss":0.0,"damage_taken":0.0}],"is_beta":false,"boss_relics":[{"not_picked":["Fusion Hammer","White Beast Statue"],"picked":"Pandora\u0027s Box"},{"not_picked":["Tiny House","Coffee Dripper"],"picked":"Sozu"}],"items_purged_floors":[3],"is_endless":false,"potions_floor_spawned":[1,10,16,23,27,33,41,45,47,48],"ascension_level":0}