{"gold_per_floor":[119,119,135,151,171,196,196,196,275,290,317,317,97,124,124,220,220,231,251,251,251,264,179,211,211,211,19,51,150,71,85,85,187,187,197,197,297,315,134,134,169,169,169,179,179,197,231,248,248,248],"floor_reached":51,"playtime":5733,"items_purged":["Strike_R","Strike_R"],"score":889,"play_id":"35107c5f-9764-4fa7-b2bb-a6a032bd23ff","local_time":"20190702181117","is_ascension_mode":true,"campfire_choices":[{"data":"Armaments","floor":7.0,"key":"SMITH"},{"data":"Body Slam","floor":12.0,"key":"SMITH"},{"data":"Shockwave","floor":15.0,"key":"SMITH"},{"data":"Pommel Strike","floor":25.0,"key":"SMITH"},{"data":"Headbutt","floor":32.0,"key":"SMITH"},{"data":"Disarm","floor":40.0,"key":"SMITH"},{"data":"Whirlwind","floor":42.0,"key":"SMITH"},{"data":"Limit Break","floor":45.0,"key":"SMITH"},{"data":"Limit Break","floor":49.0,"key":"SMITH"}],"neow_cost":"PERCENT_DAMAGE","seed_source_timestamp":0,"circlet_count":0,"master_deck":["Strike_R","Strike_R","Strike_R","Defend_R+1","Defend_R","Defend_R","Defend_R+1","Bash+1","Body Slam+1","Shockwave+1","Armaments+1","Feed","Pommel Strike+1","Headbutt+1","Reaper+1","Disarm+1","Body Slam+1","Corruption+1","Feel No Pain+1","Limit Break+1","Disarm+1","Heavy Blade+1","Whirlwind+1","Feel No Pain+1","Impervious","Seeing Red+1","Armaments+1","Limit Break+1","Second Wind+1"],"special_seed":0,"relics":["Black Blood","Pocketwatch","Torii","Frozen Egg 2","War Paint","Vajra","Mango","Nloth\u0027s Gift","Happy Flower","Centennial Puzzle","Gremlin Horn","Brimstone","Whetstone","Coffee Dripper","Ice Cream","Dream Catcher","Letter Opener","Molten Egg 2"],"potions_floor_usage":[],"damage_taken":[{"damage":1.0,"enemies":"Cultist","floor":1.0,"turns":3.0},{"damage":4.0,"enemies":"Small Slimes","floor":3.0,"turns":4.0},{"damage":8.0,"enemies":"2 Louse","floor":4.0,"turns":3.0},{"damage":11.0,"enemies":"Red Slaver","floor":5.0,"turns":4.0},{"damage":16.0,"enemies":"Gremlin Nob","floor":6.0,"turns":5.0},{"damage":3.0,"enemies":"Looter","floor":10.0,"turns":5.0},{"damage":11.0,"enemies":"3 Sentries","floor":11.0,"turns":6.0},{"damage":10.0,"enemies":"Gremlin Nob","floor":14.0,"turns":3.0},{"damage":26.0,"enemies":"Hexaghost","floor":16.0,"turns":10.0},{"damage":6.0,"enemies":"3 Byrds","floor":18.0,"turns":7.0},{"damage":8.0,"enemies":"Spheric Guardian","floor":19.0,"turns":5.0},{"damage":8.0,"enemies":"Centurion and Healer","floor":22.0,"turns":7.0},{"damage":18.0,"enemies":"Gremlin Leader","floor":24.0,"turns":6.0},{"damage":6.0,"enemies":"Book of Stabbing","floor":28.0,"turns":4.0},{"damage":6.0,"enemies":"Chosen and Byrds","floor":31.0,"turns":3.0},{"damage":20.0,"enemies":"Collector","floor":33.0,"turns":5.0},{"damage":14.0,"enemies":"3 Darklings","floor":35.0,"turns":2.0},{"damage":0.0,"enemies":"Mind Bloom Boss Battle","floor":37.0,"turns":3.0},{"damage":12.0,"enemies":"Orb Walker","floor":38.0,"turns":3.0},{"damage":17.0,"enemies":"Nemesis","floor":41.0,"turns":5.0},{"damage":7.0,"enemies":"3 Darklings","floor":44.0,"turns":5.0},{"damage":0.0,"enemies":"Spire Growth","floor":46.0,"turns":3.0},{"damage":0.0,"enemies":"Giant Head","floor":47.0,"turns":5.0},{"damage":0.0,"enemies":"Transient","floor":48.0,"turns":5.0},{"damage":12,"enemies":"Time Eater","floor":50,"turns":5}],"seed_played":"8450868673229307337","potions_obtained":[{"floor":3.0,"key":"SmokeBomb"},{"floor":4.0,"key":"Block Potion"},{"floor":8.0,"key":"BloodPotion"},{"floor":8.0,"key":"Explosive Potion"},{"floor":8.0,"key":"SpeedPotion"},{"floor":19.0,"key":"Strength Potion"},{"floor":28.0,"key":"EssenceOfSteel"},{"floor":33.0,"key":"Strength Potion"},{"floor":47.0,"key":"Swift Potion"}],"is_trial":false,"path_per_floor":["M","T","M","M","M","E","R","?","T","M","E","R","$","E","R","B",null,"M","M","?","?","M","?","E","R","T","$","E","?","$","M","R","B",null,"M","?","?","M","$","R","E","R","T","M","R","M","E","M","R","B",null],"character_chosen":"IRONCLAD","items_purchased":["Vajra","Brimstone","Feel No Pain+1","Feel No Pain+1"],"campfire_rested":0,"item_purchase_floors":[13,27,30,39],"current_hp_per_floor":[61,61,63,61,56,58,58,58,58,65,63,63,63,73,73,69,105,108,112,89,89,103,103,124,124,124,124,127,127,127,130,130,120,130,133,133,137,140,140,140,140,140,140,140,140,140,143,143,143,141],"gold":248,"neow_bonus":"ONE_RARE_RELIC","is_prod":false,"is_daily":false,"chose_seed":false,"campfire_upgraded":9,"win_rate":1,"timestamp":1562105477,"path_taken":["M","?","M","M","M","E","R","?","T","M","E","R","$","E","R","BOSS","M","M","?","?","?","?","E","R","T","$","E","?","$","M","R","BOSS","M","?","?","M","$","R","E","R","T","M","R","M","E","M","R","BOSS"],"build_version":"2019-07-01","purchased_purges":2,"victory":true,"max_hp_per_floor":[80,80,80,80,80,80,80,80,80,84,87,87,87,101,101,105,105,108,112,117,117,120,120,124,124,124,124,127,127,127,130,130,130,130,133,133,137,140,140,140,140,140,140,140,140,140,143,143,143,143],"card_choices":[{"not_picked":["Heavy Blade","Anger"],"picked":"Body Slam","floor":1.0},{"not_picked":["Bloodletting","Clothesline"],"picked":"Shockwave","floor":3.0},{"not_picked":["Headbutt","Searing Blow","True Grit"],"picked":"SKIP","floor":4.0},{"not_picked":["Blood for Blood","Perfected Strike"],"picked":"Armaments","floor":5.0},{"not_picked":["Power Through","Bloodletting"],"picked":"Feed","floor":6.0},{"not_picked":["Burning Pact","Headbutt"],"picked":"Pommel Strike","floor":10.0},{"not_picked":["Uppercut","Anger"],"picked":"Headbutt","floor":11.0},{"not_picked":["Clash","Second Wind","Sword Boomerang"],"picked":"SKIP","floor":14.0},{"not_picked":["Impervious","Bludgeon"],"picked":"Reaper","floor":16.0},{"not_picked":["Iron Wave","Bloodletting+1","Twin Strike+1"],"picked":"SKIP","floor":18.0},{"not_picked":["Twin Strike+1","True Grit"],"picked":"Disarm+1","floor":19.0},{"not_picked":["Body Slam","Sword Boomerang","Intimidate"],"picked":"SKIP","floor":22.0},{"not_picked":["Perfected Strike","Warcry"],"picked":"Body Slam+1","floor":24.0},{"not_picked":["Entrench","Ghostly Armor"],"picked":"Corruption+1","floor":28.0},{"not_picked":["Anger","Flex+1","True Grit"],"picked":"SKIP","floor":31.0},{"not_picked":["Juggernaut+1","Barricade+1"],"picked":"Limit Break","floor":33.0},{"not_picked":["Anger","Thunderclap"],"picked":"Disarm","floor":35.0},{"not_picked":["Intimidate","Infernal Blade"],"picked":"Heavy Blade+1","floor":37.0},{"not_picked":["Cleave+1","Flex+1"],"picked":"Whirlwind","floor":38.0},{"not_picked":["Entrench+1","Body Slam"],"picked":"Impervious","floor":41.0},{"not_picked":["Sword Boomerang","Entrench+1"],"picked":"Seeing Red+1","floor":44.0},{"not_picked":["Warcry+1","Dropkick+1"],"picked":"Armaments+1","floor":46.0},{"not_picked":["Thunderclap","Reaper"],"picked":"Limit Break","floor":47.0},{"not_picked":["Thunderclap+1","Cleave+1"],"picked":"Second Wind+1","floor":48.0}],"player_experience":200385,"relics_obtained":[{"floor":2.0,"key":"Meat on the Bone"},{"floor":6.0,"key":"Torii"},{"floor":9.0,"key":"Frozen Egg 2"},{"floor":11.0,"key":"War Paint"},{"floor":14.0,"key":"Mango"},{"floor":24.0,"key":"Centennial Puzzle"},{"floor":26.0,"key":"Gremlin Horn"},{"floor":28.0,"key":"Whetstone"},{"floor":37.0,"key":"Ice Cream"},{"floor":41.0,"key":"Dream Catcher"},{"floor":43.0,"key":"Letter Opener"},{"floor":47.0,"key":"Molten Egg 2"}],"event_choices":[{"damage_healed":0.0,"max_hp_gain":0.0,"max_hp_loss":0.0,"gold_gain":0.0,"event_name":"Lab","player_choice":"Got Potions","floor":8.0,"gold_loss":0.0,"damage_taken":0.0},{"damage_healed":0.0,"max_hp_gain":5.0,"max_hp_loss":0.0,"gold_gain":0.0,"event_name":"Forgotten Altar","player_choice":"Shed Blood","floor":20.0,"gold_loss":0.0,"damage_taken":28.0},{"damage_healed":0.0,"max_hp_gain":0.0,"max_hp_loss":0.0,"gold_gain":0.0,"event_name":"N\u0027loth","player_choice":"Traded Relic","floor":21.0,"relics_lost":["Meat on the Bone"],"gold_loss":0.0,"damage_taken":0.0,"relics_obtained":["Nloth\u0027s Gift"]},{"damage_healed":0.0,"max_hp_gain":0.0,"max_hp_loss":0.0,"gold_gain":0.0,"event_name":"Addict","player_choice":"Obtained Relic","floor":23.0,"gold_loss":85.0,"damage_taken":0.0,"relics_obtained":["Happy Flower"]},{"damage_healed":0.0,"max_hp_gain":0.0,"max_hp_loss":0.0,"gold_gain":99.0,"event_name":"Nest","player_choice":"Stole From Cult","floor":29.0,"gold_loss":0.0,"damage_taken":0.0},{"damage_healed":0.0,"max_hp_gain":0.0,"max_hp_loss":0.0,"gold_gain":0.0,"event_name":"Tomb of Lord Red Mask","player_choice":"Ignored","floor":36.0,"gold_loss":0.0,"damage_taken":0.0},{"damage_healed":0.0,"max_hp_gain":0.0,"max_hp_loss":0.0,"gold_gain":0.0,"event_name":"MindBloom","player_choice":"Fight","floor":37.0,"gold_loss":0.0,"damage_taken":0.0}],"is_beta":false,"boss_relics":[{"not_picked":["Lizard Tail","Pandora\u0027s Box"],"picked":"Black Blood"},{"not_picked":["Runic Pyramid","Black Star"],"picked":"Coffee Dripper"}],"items_purged_floors":[13,39],"is_endless":false,"potions_floor_spawned":[3,4,10,14,16,19,22,28,33,35,38,46,47],"ascension_level":2}