{"gold_per_floor":[118,130,84,96,112,112,42,42,66,76,107,107,107,125,125,250,250,250,190,190,190,190,190,105,105,105,105,105,105,105,105,105,105,105,105,105,31,31,31,31,31,31,31,0,0,0,0],"floor_reached":47,"playtime":3483,"items_purged":[],"score":744,"play_id":"bd8d9c6a-b0b4-45cd-a110-ae20b12640a8","local_time":"20181024130354","is_ascension_mode":true,"campfire_choices":[{"floor":6.0,"key":"REST"},{"data":"Bouncing Flask","floor":8.0,"key":"SMITH"},{"data":"Deadly Poison","floor":13.0,"key":"SMITH"},{"data":"Deadly Poison","floor":15.0,"key":"SMITH"},{"floor":23.0,"key":"REST"},{"floor":25.0,"key":"DIG"},{"floor":27.0,"key":"DIG"},{"floor":29.0,"key":"DIG"},{"floor":32.0,"key":"REST"},{"floor":41,"key":"REST"},{"floor":45,"key":"DIG"}],"neow_cost":"NONE","seed_source_timestamp":0,"circlet_count":0,"master_deck":["Defend_G","Defend_G","Defend_G","Defend_G","Defend_G","Survivor","Neutralize","AscendersBane","Escape Plan","Blur","Poisoned Stab","Bouncing Flask+1","Deadly Poison+1","Footwork","Deadly Poison+1","Backflip","Corpse Explosion","Dodge and Roll+1","Poisoned Stab","Envenom","Backflip","Cloak And Dagger","Footwork","Bite","Bite","Bite","Bite","Bite","Bouncing Flask","Tools of the Trade","Poisoned Stab+1","Bouncing Flask","Bouncing Flask","Deadly Poison+1","Poisoned Stab+1","Flying Knee+1"],"special_seed":0,"relics":["Ring of the Snake","Art of War","Regal Pillow","Pen Nib","Golden Idol","Ectoplasm","Shovel","Potion Belt","Bag of Marbles","Letter Opener","Orichalcum","Calling Bell","Lantern","Molten Egg 2","Incense Burner","Tingsha","Strawberry","Red Mask","Torii"],"potions_floor_usage":[42],"damage_taken":[{"damage":9.0,"enemies":"Cultist","floor":1.0,"turns":6.0},{"damage":0.0,"enemies":"2 Louse","floor":2.0,"turns":3.0},{"damage":0.0,"enemies":"Small Slimes","floor":4.0,"turns":3.0},{"damage":32.0,"enemies":"Gremlin Gang","floor":5.0,"turns":6.0},{"damage":0.0,"enemies":"Exordium Wildlife","floor":10.0,"turns":6.0},{"damage":3.0,"enemies":"Lagavulin","floor":11.0,"turns":6.0},{"damage":0.0,"enemies":"Large Slime","floor":14.0,"turns":4.0},{"damage":31.0,"enemies":"Slime Boss","floor":16.0,"turns":13.0},{"damage":2.0,"enemies":"Shell Parasite","floor":18.0,"turns":5.0},{"damage":24.0,"enemies":"2 Thieves","floor":19.0,"turns":3.0},{"damage":0.0,"enemies":"Snake Plant","floor":20.0,"turns":3.0},{"damage":26.0,"enemies":"Sentry and Sphere","floor":21.0,"turns":6.0},{"damage":1.0,"enemies":"Snecko","floor":22.0,"turns":4.0},{"damage":8.0,"enemies":"3 Cultists","floor":28.0,"turns":3.0},{"damage":9.0,"enemies":"Snake Plant","floor":31.0,"turns":4.0},{"damage":41.0,"enemies":"Collector","floor":33.0,"turns":8.0},{"damage":0.0,"enemies":"3 Shapes","floor":35.0,"turns":4.0},{"damage":40,"enemies":"2 Orb Walkers","floor":36,"turns":4},{"damage":4,"enemies":"Orb Walker","floor":39,"turns":4},{"damage":16,"enemies":"Writhing Mass","floor":42,"turns":5},{"damage":12,"enemies":"4 Shapes","floor":46,"turns":4},{"damage":0,"enemies":"Reptomancer","floor":47,"turns":2}],"seed_played":"-6191409186554538005","potions_obtained":[{"floor":1.0,"key":"GamblersBrew"},{"floor":5.0,"key":"Poison Potion"},{"floor":14.0,"key":"Poison Potion"},{"floor":16.0,"key":"Explosive Potion"},{"floor":18.0,"key":"GhostInAJar"},{"floor":19.0,"key":"PowerPotion"},{"floor":20.0,"key":"Weak Potion"},{"floor":28.0,"key":"Fire Potion"},{"floor":39,"key":"AttackPotion"}],"is_trial":false,"path_per_floor":["M","M","$","M","M","R","$","R","T","M","E","?","R","M","R","B",null,"M","M","M","M","M","R","?","R","T","R","M","R","?","M","R","B",null,"M","?","$","?","M","?","R","M","T","?","R","M"],"character_chosen":"THE_SILENT","items_purchased":["Poisoned Stab","Footwork","Bouncing Flask"],"campfire_rested":4,"item_purchase_floors":[3,7,37],"current_hp_per_floor":[54,54,54,54,22,43,43,43,43,43,40,40,40,40,40,9,55,53,29,29,3,2,38,38,38,38,38,30,30,30,25,49,18,41,45,9,9,21,21,21,49,37,44,44,44,34,36],"gold":0,"neow_bonus":"RANDOM_COMMON_RELIC","is_prod":false,"is_daily":false,"chose_seed":false,"campfire_upgraded":3,"win_rate":0,"timestamp":1540404234,"path_taken":["M","M","$","?","M","R","?","R","T","M","E","?","R","M","R","BOSS","M","M","M","M","?","R","?","R","T","R","M","R","?","M","R","BOSS","M","?","$","?","M","?","R","M","T","?","R","?","E"],"build_version":"2018-10-18","purchased_purges":0,"victory":false,"max_hp_per_floor":[70,70,70,70,70,70,70,70,70,70,70,70,70,70,70,70,70,70,70,70,70,70,70,70,70,70,70,70,70,49,49,49,49,49,49,49,49,49,49,49,49,49,56,56,56,56,56],"card_choices":[{"not_picked":["Outmaneuver","Distraction"],"picked":"Escape Plan","floor":1.0},{"not_picked":["Bane","Terror"],"picked":"Blur","floor":2.0},{"not_picked":["Flying Knee","Footwork"],"picked":"Bouncing Flask","floor":4.0},{"not_picked":["Cloak And Dagger","Deflect"],"picked":"Deadly Poison","floor":5.0},{"not_picked":["Storm of Steel","Terror"],"picked":"Deadly Poison","floor":10.0},{"not_picked":["Dagger Throw","Concentrate"],"picked":"Backflip","floor":11.0},{"not_picked":["PiercingWail","Outmaneuver","Sucker Punch"],"picked":"SKIP","floor":14.0},{"not_picked":["Unload","Night Terror"],"picked":"Corpse Explosion","floor":16.0},{"not_picked":["Accuracy","Dagger Spray"],"picked":"Dodge and Roll+1","floor":18.0},{"not_picked":["Backflip","Prepared+1"],"picked":"Poisoned Stab","floor":19.0},{"not_picked":["PiercingWail","Expertise"],"picked":"Envenom","floor":20.0},{"not_picked":["Tactician","Underhanded Strike"],"picked":"Backflip","floor":21.0},{"not_picked":["PiercingWail+1","Dagger Spray"],"picked":"Cloak And Dagger","floor":22.0},{"not_picked":["Blade Dance","Prepared"],"picked":"Footwork","floor":28.0},{"not_picked":["Quick Slash","Slice"],"picked":"Bouncing Flask","floor":31.0},{"not_picked":["Unload","Malaise"],"picked":"Tools of the Trade","floor":33.0},{"not_picked":["Dodge and Roll","PiercingWail"],"picked":"Poisoned Stab+1","floor":35.0},{"not_picked":["Cloak And Dagger","Flechettes+1"],"picked":"Bouncing Flask","floor":36},{"not_picked":["Poisoned Stab+1","Infinite Blades"],"picked":"Deadly Poison+1","floor":39},{"not_picked":["Flying Knee+1","PiercingWail+1"],"picked":"Poisoned Stab+1","floor":42},{"not_picked":["Heel Hook+1","Dagger Throw+1"],"picked":"Flying Knee+1","floor":46}],"player_experience":849308,"relics_obtained":[{"floor":9.0,"key":"Regal Pillow"},{"floor":11.0,"key":"Pen Nib"},{"floor":25.0,"key":"Potion Belt"},{"floor":26.0,"key":"Bag of Marbles"},{"floor":27.0,"key":"Letter Opener"},{"floor":29.0,"key":"Orichalcum"},{"floor":34.0,"key":"Lantern"},{"floor":34.0,"key":"Molten Egg 2"},{"floor":34.0,"key":"Incense Burner"},{"floor":36,"key":"Tingsha"},{"floor":43,"key":"Strawberry"},{"floor":45,"key":"Torii"}],"event_choices":[{"damage_healed":0.0,"max_hp_gain":0.0,"max_hp_loss":0.0,"gold_gain":0.0,"event_name":"Golden Idol","player_choice":"Take Wound","floor":12.0,"gold_loss":0.0,"damage_taken":0.0,"relics_obtained":["Golden Idol"],"cards_obtained":["Injury"]},{"damage_healed":0.0,"max_hp_gain":0.0,"max_hp_loss":0.0,"gold_gain":0.0,"event_name":"Addict","player_choice":"Obtained Relic","floor":24.0,"gold_loss":85.0,"damage_taken":0.0,"relics_obtained":["Shovel"]},{"damage_healed":0.0,"max_hp_gain":0.0,"max_hp_loss":21.0,"gold_gain":0.0,"event_name":"Vampires","player_choice":"Became a vampire","floor":30.0,"gold_loss":0.0,"damage_taken":0.0,"cards_obtained":["Bite","Bite","Bite","Bite","Bite"]},{"damage_healed":0,"gold_gain":0,"player_choice":"Fight","damage_taken":0,"max_hp_gain":0,"max_hp_loss":0,"event_name":"Mysterious Sphere","floor":36,"gold_loss":0},{"damage_healed":12,"gold_gain":0,"player_choice":"Writhe","damage_taken":0,"max_hp_gain":0,"max_hp_loss":0,"event_name":"Winding Halls","floor":38,"gold_loss":0,"cards_obtained":["Writhe"]},{"cards_removed":["Writhe","Normality","Normality","Clumsy","Injury"],"damage_healed":0,"gold_gain":0,"player_choice":"Removed Curses","damage_taken":0,"max_hp_gain":0,"max_hp_loss":0,"event_name":"Fountain of Cleansing","floor":40,"gold_loss":0},{"damage_healed":0,"gold_gain":0,"player_choice":"Paid","damage_taken":0,"relics_obtained":["Red Mask"],"max_hp_gain":0,"max_hp_loss":0,"event_name":"Tomb of Lord Red Mask","floor":44,"gold_loss":31}],"is_beta":false,"boss_relics":[{"not_picked":["Philosopher\u0027s Stone","Ring of the Serpent"],"picked":"Ectoplasm"},{"not_picked":["Velvet Choker","HoveringKite"],"picked":"Calling Bell"}],"items_purged_floors":[],"is_endless":false,"potions_floor_spawned":[1,5,14,16,18,19,20,28,39],"killed_by":"Reptomancer","ascension_level":10}