{"gold_per_floor":[113,113,113,126,126,167,188,219,245,245,245,269,284,303,303,423,423,443,443,456,477,145,180,205,205,205,205,223,248,248,248,248,371,371,384,12,37,37,51,51,65,84,84,107,107,122,247,580,580,580,580,580,75,107,107],"floor_reached":55,"playtime":7023,"items_purged":[],"score":758,"play_id":"ded26a6d-d3de-40ff-a8f6-9776bd9a084f","local_time":"20181126102521","is_ascension_mode":false,"campfire_choices":[{"floor":10.0,"key":"REST"},{"floor":15.0,"key":"RECALL"},{"data":"Perfected Strike","floor":25.0,"key":"SMITH"},{"data":"Perfected Strike","floor":27.0,"key":"SMITH"},{"data":"Perfected Strike","floor":30.0,"key":"SMITH"},{"data":"Heavy Blade","floor":32.0,"key":"SMITH"},{"data":"Reaper","floor":40.0,"key":"SMITH"},{"data":"Heavy Blade","floor":45.0,"key":"SMITH"},{"data":"Iron Wave","floor":49.0,"key":"SMITH"},{"data":"Bash","floor":52.0,"key":"SMITH"}],"neow_cost":"NONE","seed_source_timestamp":0,"circlet_count":0,"master_deck":["Strike_R","Strike_R","Strike_R","Strike_R","Strike_R","Defend_R","Defend_R+1","Bash+1","Anger+1","Perfected Strike+1","Spot Weakness","Heavy Blade+1","Shrug It Off","Wild Strike+1","Reaper+1","Perfected Strike+1","Heavy Blade+1","Iron Wave+1","Perfected Strike+1","Power Through+1","Twin Strike","Pommel Strike","Flex","Barricade+1","Shrug It Off+1","Berserk+1","Iron Wave+1","Apotheosis","Inflame+1","Pommel Strike","Clothesline+1","Heavy Blade+1","Body Slam+1","Clothesline+1","Evolve","Whirlwind+1"],"special_seed":0,"relics":["Burning Blood","Happy Flower","Potion Belt","Vajra","Snecko Eye","Enchiridion","Matryoshka","PreservedInsect","Regal Pillow","Blue Candle","The Courier","Astrolabe","Orichalcum","War Paint","Centennial Puzzle","Gremlin Horn","Peace Pipe","Mercury Hourglass","Pen Nib","Pear"],"potions_floor_usage":[55,55,55,55,55],"damage_taken":[{"damage":2.0,"enemies":"Small Slimes","floor":1.0,"turns":5.0},{"damage":0.0,"enemies":"2 Louse","floor":4.0,"turns":2.0},{"damage":26.0,"enemies":"3 Sentries","floor":6.0,"turns":8.0},{"damage":6.0,"enemies":"Jaw Worm","floor":7.0,"turns":2.0},{"damage":18.0,"enemies":"Gremlin Nob","floor":8.0,"turns":4.0},{"damage":16.0,"enemies":"Lots of Slimes","floor":12.0,"turns":4.0},{"damage":10.0,"enemies":"2 Fungi Beasts","floor":13.0,"turns":3.0},{"damage":8.0,"enemies":"3 Louse","floor":14.0,"turns":2.0},{"damage":32.0,"enemies":"Slime Boss","floor":16.0,"turns":7.0},{"damage":10.0,"enemies":"2 Thieves","floor":18.0,"turns":3.0},{"damage":10.0,"enemies":"3 Byrds","floor":20.0,"turns":4.0},{"damage":26.0,"enemies":"Snake Plant","floor":21.0,"turns":3.0},{"damage":34.0,"enemies":"Slavers","floor":23.0,"turns":3.0},{"damage":3.0,"enemies":"3 Cultists","floor":24.0,"turns":3.0},{"damage":0.0,"enemies":"Sentry and Sphere","floor":28.0,"turns":3.0},{"damage":6.0,"enemies":"Chosen and Byrds","floor":29.0,"turns":3.0},{"damage":56.0,"enemies":"Automaton","floor":33.0,"turns":7.0},{"damage":0.0,"enemies":"3 Shapes","floor":35.0,"turns":3.0},{"damage":3.0,"enemies":"Orb Walker","floor":37.0,"turns":3.0},{"damage":3.0,"enemies":"4 Shapes","floor":39.0,"turns":5.0},{"damage":5.0,"enemies":"Transient","floor":41.0,"turns":5.0},{"damage":16.0,"enemies":"Jaw Worm Horde","floor":42.0,"turns":3.0},{"damage":0.0,"enemies":"3 Darklings","floor":44.0,"turns":2.0},{"damage":8.0,"enemies":"Writhing Mass","floor":46.0,"turns":3.0},{"damage":0.0,"enemies":"Mind Bloom Boss Battle","floor":47.0,"turns":3.0},{"damage":61.0,"enemies":"Time Eater","floor":50.0,"turns":7.0},{"damage":27.0,"enemies":"Shield and Spear","floor":54.0,"turns":5.0},{"damage":85,"enemies":"The Heart","floor":55,"turns":5}],"seed_played":"-7709791005341511821","potions_obtained":[{"floor":1.0,"key":"Swift Potion"},{"floor":7.0,"key":"Dexterity Potion"},{"floor":16.0,"key":"SteroidPotion"},{"floor":23.0,"key":"Explosive Potion"},{"floor":24.0,"key":"EntropicBrew"},{"floor":29.0,"key":"BloodPotion"},{"floor":33.0,"key":"SkillPotion"},{"floor":35.0,"key":"SpeedPotion"},{"floor":41.0,"key":"Dexterity Potion"},{"floor":47.0,"key":"BloodPotion"}],"is_trial":false,"path_per_floor":["M","?","?","M","?","E","M","E","T","R","?","M","M","M","R","B",null,"M","?","M","M","$","E","M","R","T","R","M","M","R","?","R","B",null,"M","$","M","?","M","R","M","M","T","M","R","M","?","?","R","B",null,"R","$","E","B"],"character_chosen":"IRONCLAD","items_purchased":["Perfected Strike","Power Through","Matryoshka","Orichalcum","War Paint","Apotheosis","PowerPotion","LiquidBronze","Mercury Hourglass","Pen Nib","Evolve","Dexterity Potion"],"campfire_rested":1,"item_purchase_floors":[22,22,22,36,36,36,53,53,53,53,53,53],"current_hp_per_floor":[80,80,60,66,59,39,39,27,27,51,77,67,63,61,61,35,80,76,60,62,49,49,33,51,51,51,51,62,80,80,80,80,30,80,80,80,80,80,80,80,80,70,70,76,76,79,80,80,80,25,80,80,80,69,0],"gold":107,"neow_bonus":"RANDOM_COMMON_RELIC","is_prod":false,"is_daily":false,"chose_seed":false,"campfire_upgraded":8,"win_rate":0,"timestamp":1543249521,"path_taken":["M","?","?","M","?","E","M","E","T","R","?","?","M","?","R","BOSS","M","?","M","M","$","E","M","R","T","R","M","M","R","?","R","BOSS","M","$","M","?","M","R","M","M","T","?","R","M","?","?","R","BOSS","R","$","E","BOSS"],"build_version":"2018-11-15","purchased_purges":0,"victory":false,"max_hp_per_floor":[80,80,80,80,80,80,80,80,80,80,80,80,80,80,80,80,80,80,80,80,80,80,80,80,80,80,80,80,80,80,80,80,80,80,80,80,80,80,80,80,80,80,80,80,80,80,80,80,80,80,80,80,80,90,90],"card_choices":[{"not_picked":["Carnage","Warcry"],"picked":"Anger","floor":1.0},{"not_picked":["Iron Wave","Flex"],"picked":"Perfected Strike","floor":4.0},{"not_picked":["Warcry","Sword Boomerang"],"picked":"Spot Weakness","floor":6.0},{"not_picked":["Entrench","Havoc","Sever Soul"],"picked":"SKIP","floor":7.0},{"not_picked":["Searing Blow","Combust","Second Wind"],"picked":"SKIP","floor":8.0},{"not_picked":["Dual Wield","Rampage"],"picked":"Heavy Blade","floor":12.0},{"not_picked":["Warcry","Berserk"],"picked":"Shrug It Off","floor":13.0},{"not_picked":["True Grit","Dual Wield"],"picked":"Wild Strike","floor":14.0},{"not_picked":["Brutality","Barricade"],"picked":"Reaper","floor":16.0},{"not_picked":["Shockwave","Warcry"],"picked":"Perfected Strike","floor":18.0},{"not_picked":["Thunderclap","Sword Boomerang+1"],"picked":"Heavy Blade+1","floor":20.0},{"not_picked":["Dropkick+1","Sword Boomerang"],"picked":"Iron Wave+1","floor":21.0},{"not_picked":["Warcry+1","Clothesline"],"picked":"Twin Strike","floor":23.0},{"not_picked":["Sword Boomerang","Disarm+1"],"picked":"Pommel Strike","floor":24.0},{"not_picked":["Sword Boomerang","Havoc"],"picked":"Shockwave","floor":28.0},{"not_picked":["Disarm","Offering"],"picked":"Flex","floor":29.0},{"not_picked":["Juggernaut","Impervious"],"picked":"Double Tap","floor":33.0},{"not_picked":["Havoc+1","Cleave+1"],"picked":"Iron Wave","floor":35.0},{"not_picked":["Seeing Red+1","Dropkick+1","Headbutt+1"],"picked":"SKIP","floor":37.0},{"not_picked":["Havoc+1","Pommel Strike+1"],"picked":"Inflame+1","floor":39.0},{"not_picked":["Havoc+1","Sever Soul"],"picked":"Pommel Strike","floor":41.0},{"not_picked":["Combust+1","Iron Wave+1"],"picked":"Clothesline+1","floor":42.0},{"not_picked":["Warcry","Cleave+1"],"picked":"Heavy Blade","floor":44.0},{"not_picked":["Shockwave+1","Dropkick"],"picked":"Body Slam+1","floor":46.0},{"not_picked":["Barricade","Clash+1"],"picked":"Clothesline+1","floor":47.0},{"not_picked":["Disarm","Sever Soul+1"],"picked":"Whirlwind+1","floor":54.0}],"player_experience":1048271,"relics_obtained":[{"floor":6.0,"key":"Potion Belt"},{"floor":8.0,"key":"Vajra"},{"floor":19.0,"key":"Enchiridion"},{"floor":23.0,"key":"PreservedInsect"},{"floor":26.0,"key":"Regal Pillow"},{"floor":26.0,"key":"Blue Candle"},{"floor":43.0,"key":"Centennial Puzzle"},{"floor":43.0,"key":"Gremlin Horn"},{"floor":47.0,"key":"Peace Pipe"},{"floor":54.0,"key":"Pear"}],"event_choices":[{"damage_healed":0.0,"max_hp_gain":0.0,"max_hp_loss":0.0,"gold_gain":0.0,"event_name":"Living Wall","player_choice":"Grow","floor":2.0,"gold_loss":0.0,"damage_taken":0.0,"cards_upgraded":["Anger"]},{"damage_healed":0.0,"max_hp_gain":0.0,"max_hp_loss":0.0,"gold_gain":0.0,"event_name":"Golden Idol","player_choice":"Take Damage","floor":3.0,"gold_loss":0.0,"damage_taken":20.0,"relics_obtained":["Golden Idol"]},{"cards_removed":["Defend_R"],"damage_healed":0.0,"max_hp_gain":0.0,"max_hp_loss":0.0,"gold_gain":0.0,"event_name":"Golden Wing","player_choice":"Card Removal","floor":5.0,"gold_loss":0.0,"damage_taken":7.0},{"damage_healed":26.0,"max_hp_gain":0.0,"max_hp_loss":0.0,"gold_gain":0.0,"event_name":"Big Fish","player_choice":"Banana","floor":11.0,"gold_loss":0.0,"damage_taken":0.0},{"damage_healed":0.0,"max_hp_gain":0.0,"max_hp_loss":0.0,"gold_gain":0.0,"event_name":"Cursed Tome","player_choice":"Obtained Book","floor":19.0,"gold_loss":0.0,"damage_taken":16.0},{"damage_healed":0.0,"max_hp_gain":0.0,"max_hp_loss":0.0,"gold_gain":0.0,"event_name":"The Mausoleum","player_choice":"Opened","floor":31.0,"gold_loss":0.0,"damage_taken":0.0,"relics_obtained":["The Courier"]},{"damage_healed":0.0,"max_hp_gain":0.0,"max_hp_loss":0.0,"gold_gain":0.0,"event_name":"Accursed Blacksmith","player_choice":"Forge","floor":38.0,"gold_loss":0.0,"damage_taken":0.0,"cards_upgraded":["Wild Strike"]},{"damage_healed":0.0,"max_hp_gain":0.0,"max_hp_loss":0.0,"gold_gain":0.0,"event_name":"MindBloom","player_choice":"Fight","floor":47.0,"gold_loss":0.0,"damage_taken":0.0},{"damage_healed":0.0,"max_hp_gain":0.0,"max_hp_loss":0.0,"gold_gain":333.0,"event_name":"The Moai Head","player_choice":"Gave Idol","floor":48.0,"relics_lost":["Golden Idol"],"gold_loss":0.0,"damage_taken":0.0}],"is_beta":false,"boss_relics":[{"not_picked":["Orrery","Pandora\u0027s Box"],"picked":"Snecko Eye"},{"not_picked":["Runic Dome","Black Blood"],"picked":"Astrolabe"}],"items_purged_floors":[],"is_endless":false,"potions_floor_spawned":[1,7,16,23,24,29,33,35,41,47],"killed_by":"The Heart","ascension_level":0}