{"gold_per_floor":[114,91,266,282,302,328,328,404,404,429,445,445,159,148,148,245,245,263,188,215,233,233,233,268,268,320,14,31,44,44,56,56,161,161,171,190,190,40,51,76,76,91,161,174,174,193,0,14,14,14],"floor_reached":51,"playtime":4227,"items_purged":["Doubt"],"score":717,"play_id":"45307de1-052b-4962-86a5-d28e913679da","local_time":"20180802135510","is_ascension_mode":true,"campfire_choices":[{"floor":7,"key":"REST"},{"data":"Barrage","floor":12,"key":"SMITH"},{"floor":15,"key":"DIG"},{"floor":23,"key":"DIG"},{"floor":32,"key":"REST"},{"floor":41,"key":"DIG"},{"floor":45,"key":"DIG"},{"floor":49,"key":"REST"}],"neow_cost":"NONE","seed_source_timestamp":3186332603094705,"circlet_count":0,"master_deck":["Strike_B","Strike_B","Strike_B","Strike_B","Defend_B","Defend_B","Defend_B","Defend_B","Zap","Dualcast","Steam","Coolheaded","Ball Lightning","Leap","Conserve Battery","Barrage+1","Barrage","Rainbow","Go for the Eyes+1","Loop","Conserve Battery","BootSequence+1","Barrage+1","Electrodynamics","Seek","Fission","RitualDagger","Conserve Battery","Machine Learning","Loop+1","Rainbow","Doom and Gloom+1","Compile Driver","Turbo+1","Loop+1","Go for the Eyes","Cold Snap"],"relics":["Cracked Core","Boot","Letter Opener","Blood Vial","Kunai","Shovel","Vajra","Eternal Feather","Smiling Mask","Ginger","Nloth\u0027s Gift","Oddly Smooth Stone","Mercury Hourglass","Velvet Choker","Anchor","Strawberry","Sundial","Bottled Lightning","Gambling Chip","Red Mask"],"potions_floor_usage":[11,29,31,33,39,48,50,50,50],"damage_taken":[{"damage":6,"enemies":"Jaw Worm","floor":1,"turns":4},{"damage":4,"enemies":"2 Louse","floor":4,"turns":3},{"damage":0,"enemies":"Cultist","floor":5,"turns":3},{"damage":32,"enemies":"Gremlin Nob","floor":6,"turns":5},{"damage":13,"enemies":"Lagavulin","floor":10,"turns":9},{"damage":1,"enemies":"Lots of Slimes","floor":11,"turns":2},{"damage":7,"enemies":"Exordium Thugs","floor":14,"turns":4},{"damage":40,"enemies":"Hexaghost","floor":16,"turns":10},{"damage":2,"enemies":"Shell Parasite","floor":18,"turns":4},{"damage":54,"floor":20,"turns":6},{"damage":0,"enemies":"Chosen","floor":21,"turns":4},{"damage":19,"enemies":"Book of Stabbing","floor":24,"turns":6},{"damage":0,"enemies":"Snake Plant","floor":28,"turns":4},{"damage":8,"enemies":"3 Cultists","floor":29,"turns":3},{"damage":6,"enemies":"Cultist and Chosen","floor":31,"turns":6},{"damage":48,"enemies":"Collector","floor":33,"turns":12},{"damage":4,"enemies":"Orb Walker","floor":35,"turns":4},{"damage":5,"enemies":"3 Darklings","floor":36,"turns":3},{"damage":10,"enemies":"Spire Growth","floor":39,"turns":3},{"damage":35,"enemies":"2 Orb Walkers","floor":40,"turns":5},{"damage":1,"enemies":"Sphere and 2 Shapes","floor":42,"turns":3},{"damage":28,"enemies":"Transient","floor":44,"turns":5},{"damage":4,"enemies":"Flame Bruiser 2 Orb","floor":46,"turns":6},{"damage":14,"enemies":"3 Darklings","floor":48,"turns":4},{"damage":85,"enemies":"Time Eater","floor":50,"turns":13}],"seed_played":"-5503348723947058191","potions_obtained":[{"floor":4,"key":"FearPotion"},{"floor":5,"key":"LiquidBronze"},{"floor":18,"key":"SteroidPotion"},{"floor":20,"key":"FocusPotion"},{"floor":29,"key":"PowerPotion"},{"floor":31,"key":"FocusPotion"},{"floor":33,"key":"SteroidPotion"},{"floor":35,"key":"AttackPotion"},{"floor":39,"key":"Poison Potion"},{"floor":48,"key":"SkillPotion"}],"is_trial":false,"path_per_floor":["M","$","?","M","M","E","R","T","T","E","M","R","$","M","R","B",null,"M","$","?","M","?","R","E","?","T","$","M","M","?","M","R","B",null,"M","M","?","$","M","E","R","M","T","M","R","M","?","M","R","B"],"character_chosen":"DEFECT","items_purchased":["Coolheaded","Shovel","Loop","Mercury Hourglass","Anchor"],"campfire_rested":3,"item_purchase_floors":[2,13,19,27,38],"current_hp_per_floor":[76,76,76,72,72,40,64,64,64,53,54,54,54,49,49,11,82,80,80,28,30,30,45,28,28,28,28,30,24,18,14,53,7,82,78,75,75,75,67,41,59,60,60,34,55,53,53,41,88,4],"gold":14,"neow_bonus":"TEN_PERCENT_HP_BONUS","is_prod":false,"is_daily":false,"chose_seed":false,"campfire_upgraded":1,"win_rate":0,"timestamp":1533236110,"path_taken":["M","$","?","?","M","E","R","?","T","E","M","R","$","M","R","BOSS","M","$","?","M","?","R","E","?","T","$","M","?","?","M","R","BOSS","M","M","?","$","M","E","R","M","T","M","R","?","?","M","R","BOSS"],"build_version":"2018-07-26","purchased_purges":1,"victory":true,"max_hp_per_floor":[82,82,82,82,82,82,82,82,82,82,82,82,82,82,82,82,82,82,82,82,82,82,82,82,82,82,82,82,82,82,82,82,82,82,82,82,82,82,82,89,89,89,89,89,89,89,89,89,89,89],"card_choices":[{"not_picked":["Conserve Battery","Leap"],"picked":"Steam","floor":1},{"not_picked":["Sweeping Beam","Auto Shields"],"picked":"Ball Lightning","floor":4},{"not_picked":["Skim","Hologram"],"picked":"Conserve Battery","floor":5},{"not_picked":["Seek","Capacitor"],"picked":"Leap","floor":6},{"not_picked":["Scrape","Steam"],"picked":"Conserve Battery","floor":10},{"not_picked":["Coolheaded","Melter"],"picked":"Barrage","floor":11},{"not_picked":["Beam Cell","Rip and Tear"],"picked":"Barrage","floor":14},{"not_picked":["Fission","Seek"],"picked":"Rainbow","floor":16},{"not_picked":["Stack","Ball Lightning"],"picked":"Go for the Eyes+1","floor":18},{"not_picked":["Gash","Cold Snap"],"picked":"Conserve Battery","floor":20},{"not_picked":["Rebound+1","Beam Cell"],"picked":"BootSequence+1","floor":21},{"not_picked":["Rip and Tear","White Noise"],"picked":"Electrodynamics","floor":24},{"not_picked":["Double Energy","Sweeping Beam"],"picked":"Seek","floor":28},{"not_picked":["Hologram","Barrage"],"picked":"Fission","floor":29},{"not_picked":["Sweeping Beam","Rip and Tear"],"picked":"Conserve Battery","floor":31},{"not_picked":["Amplify","Hyperbeam"],"picked":"Machine Learning","floor":33},{"not_picked":["Gash+1","Streamline+1"],"picked":"Loop+1","floor":35},{"not_picked":["Cold Snap","Rebound+1"],"picked":"Rainbow","floor":36},{"not_picked":["Thunder Strike","Reinforced Body+1"],"picked":"Doom and Gloom+1","floor":39},{"not_picked":["Rebound+1","BootSequence+1"],"picked":"Compile Driver","floor":40},{"not_picked":["Thunder Strike","Stack+1"],"picked":"Turbo+1","floor":42},{"not_picked":["Steam","Reprogram+1"],"picked":"Loop+1","floor":44},{"not_picked":["Reprogram+1","Chill+1"],"picked":"Go for the Eyes","floor":46},{"not_picked":["Leap","Fusion+1"],"picked":"Cold Snap","floor":48}],"player_experience":415331,"relics_obtained":[{"floor":6,"key":"Boot"},{"floor":8,"key":"Letter Opener"},{"floor":9,"key":"Blood Vial"},{"floor":10,"key":"Kunai"},{"floor":15,"key":"Vajra"},{"floor":20,"key":"Red Mask"},{"floor":23,"key":"Smiling Mask"},{"floor":24,"key":"Ginger"},{"floor":26,"key":"Oddly Smooth Stone"},{"floor":40,"key":"Strawberry"},{"floor":41,"key":"Sundial"},{"floor":43,"key":"Bottled Lightning"},{"floor":45,"key":"Gambling Chip"}],"event_choices":[{"event_name":"Liars Game","player_choice":"agreed","floor":3,"damage_taken":0},{"event_name":"Masked Bandits","player_choice":"Fought over 188 gold","floor":20,"damage_taken":0},{"event_name":"Duplicator","player_choice":"One dupe","floor":22,"damage_taken":0},{"event_name":"N\u0027loth","player_choice":"Traded a Red Mask","floor":25,"damage_taken":0},{"event_name":"Nest","player_choice":"Joined the Cult","floor":30,"damage_taken":0},{"event_name":"Falling","player_choice":"Removed Skill","floor":37,"damage_taken":0},{"event_name":"Tomb of Lord Red Mask","player_choice":"Paid","floor":47,"damage_taken":0}],"is_beta":false,"boss_relics":[{"not_picked":["Astrolabe","Ectoplasm"],"picked":"Eternal Feather"},{"not_picked":["Pandora\u0027s Box","Coffee Dripper"],"picked":"Velvet Choker"}],"items_purged_floors":[27],"is_endless":false,"potions_floor_spawned":[4,5,18,20,29,31,33,35,39,42,48],"ascension_level":1}