{"gold_per_floor":[114,114,134,134,149,184,184,184,184,200,219,219,239,264,264,363,363,382,382,382,396,32,67,86,86,86,117,148,160,172,519,531,642,654,676,743,755,1,18,18,52,66,66,66,80,114,114,132,132,132],"floor_reached":50,"playtime":6298,"items_purged":["Defend_G","Strike_G"],"score":632,"play_id":"c5d49ecd-159b-4a75-92f7-d08754a72eb5","local_time":"20180902173923","is_ascension_mode":true,"campfire_choices":[{"data":"Dash","floor":7,"key":"SMITH"},{"floor":12,"key":"REST"},{"floor":15,"key":"REST"},{"data":"1","floor":25,"key":"LIFT"},{"floor":29,"key":"REST"},{"floor":32,"key":"REST"},{"floor":40,"key":"REST"},{"floor":44,"key":"REST"},{"floor":49,"key":"REST"}],"neow_cost":"NONE","seed_source_timestamp":281798905808452,"circlet_count":0,"master_deck":["Defend_G","Defend_G","Defend_G+1","Defend_G","Strike_G","Strike_G","Strike_G","Survivor","Neutralize","Dagger Throw+1","Dash+1","Flying Knee","Escape Plan","Doppelganger","PiercingWail","Backflip","Dagger Throw+1","Adrenaline","Sucker Punch+1","Cloak And Dagger","Dagger Spray+1","Backstab+1","Slice+1","Poisoned Stab+1","Venomology","Adrenaline","Quick Slash+1","All Out Attack+1","Thinking Ahead","Slice+1","PiercingWail+1","Die Die Die+1","Backstab+1","Slice+1"],"relics":["Ring of the Snake","Kunai","Bottled Lightning","Molten Egg 2","WristBlade","MutagenicStrength","Dodecahedron","Girya","Blue Candle","MawBank","Old Coin","Philosopher\u0027s Stone","Gambling Chip","Bird Faced Urn","Shovel","Bottled Flame","Shuriken","Juzu Bracelet"],"potions_floor_usage":[6,6,14,16,23,23,33,33,33,36,36,41,42,45,45,48],"damage_taken":[{"damage":0,"enemies":"Jaw Worm","floor":1,"turns":5},{"damage":0,"enemies":"Cultist","floor":3,"turns":5},{"damage":0,"enemies":"2 Louse","floor":5,"turns":2},{"damage":2,"enemies":"Gremlin Nob","floor":6,"turns":4},{"damage":0,"enemies":"Looter","floor":10,"turns":3},{"damage":0,"enemies":"2 Fungi Beasts","floor":11,"turns":3},{"damage":0,"enemies":"Blue Slaver","floor":13,"turns":3},{"damage":10,"enemies":"3 Sentries","floor":14,"turns":12},{"damage":5,"enemies":"Hexaghost","floor":16,"turns":12},{"damage":0,"enemies":"Shell Parasite","floor":18,"turns":8},{"damage":0,"enemies":"Spheric Guardian","floor":21,"turns":2},{"damage":17,"enemies":"Gremlin Leader","floor":23,"turns":9},{"damage":0,"enemies":"Snecko","floor":24,"turns":3},{"damage":8,"enemies":"Centurion and Healer","floor":27,"turns":3},{"damage":14,"enemies":"Snake Plant","floor":28,"turns":3},{"damage":6,"enemies":"Book of Stabbing","floor":31,"turns":4},{"damage":4,"enemies":"Collector","floor":33,"turns":10},{"damage":30,"enemies":"3 Shapes","floor":35,"turns":1},{"damage":16,"enemies":"Mysterious Sphere","floor":36,"turns":5},{"damage":7,"enemies":"3 Darklings","floor":39,"turns":3},{"damage":43,"enemies":"Nemesis","floor":41,"turns":7},{"damage":3,"enemies":"4 Shapes","floor":42,"turns":5},{"damage":0,"enemies":"Reptomancer","floor":45,"turns":5},{"damage":14,"enemies":"2 Orb Walkers","floor":46,"turns":5},{"damage":0,"enemies":"Transient","floor":48,"turns":5},{"damage":44,"enemies":"Donu and Deca","floor":50,"turns":3}],"seed_played":"-414864752823378540","potions_obtained":[{"floor":0,"key":"Fire Potion"},{"floor":0,"key":"Energy Potion"},{"floor":0,"key":"FairyPotion"},{"floor":6,"key":"SpeedPotion"},{"floor":10,"key":"Fire Potion"},{"floor":16,"key":"PowerPotion"},{"floor":18,"key":"SkillPotion"},{"floor":24,"key":"FearPotion"},{"floor":27,"key":"Ancient Potion"},{"floor":28,"key":"Dexterity Potion"},{"floor":35,"key":"Weak Potion"},{"floor":46,"key":"SteroidPotion"}],"is_trial":false,"path_per_floor":["M","?","M","?","M","E","R","?","T","M","M","R","M","E","R","B",null,"M","?","T","M","$","E","M","R","T","M","M","R","?","E","R","B",null,"M","?","?","$","M","R","E","M","T","R","M","E","?","M","R"],"character_chosen":"THE_SILENT","items_purchased":["Girya","Bird Faced Urn","Shovel","Slice+1"],"campfire_rested":7,"item_purchase_floors":[22,38,38,38],"current_hp_per_floor":[70,70,70,75,75,73,73,58,58,58,58,75,75,65,75,70,75,75,75,75,75,75,58,58,58,58,50,36,58,58,52,74,70,75,45,29,29,29,22,44,1,5,5,27,27,13,13,13,35,0],"gold":132,"neow_bonus":"THREE_SMALL_POTIONS","is_prod":false,"is_daily":false,"chose_seed":false,"campfire_upgraded":1,"win_rate":0,"timestamp":1535935163,"path_taken":["M","?","M","?","M","E","R","?","T","?","M","R","M","E","R","BOSS","M","?","?","M","$","E","M","R","T","M","M","R","?","E","R","BOSS","M","?","?","$","M","R","E","?","T","R","M","E","?","M","R","BOSS"],"build_version":"2018-08-30","purchased_purges":2,"victory":false,"max_hp_per_floor":[70,70,70,75,75,75,75,75,75,75,75,75,75,75,75,75,75,75,75,75,75,75,75,75,75,75,75,75,75,75,75,75,75,75,75,75,75,75,75,75,75,75,75,75,75,75,75,75,75,75],"card_choices":[{"not_picked":["Sucker Punch","Eviscerate"],"picked":"Dagger Throw","floor":1},{"not_picked":["Bane","Endless Agony"],"picked":"Dash","floor":3},{"not_picked":["Deflect","Expertise"],"picked":"Flying Knee","floor":5},{"not_picked":["Slice","Caltrops"],"picked":"Escape Plan","floor":6},{"not_picked":["Tactician","Flying Knee"],"picked":"Doppelganger","floor":10},{"not_picked":["Poisoned Stab","Deflect"],"picked":"PiercingWail","floor":11},{"not_picked":["Cloak And Dagger","Skewer"],"picked":"Backflip","floor":13},{"not_picked":["Well Laid Plans","Quick Slash"],"picked":"Dagger Throw","floor":14},{"not_picked":["After Image","Storm of Steel"],"picked":"Adrenaline","floor":16},{"not_picked":["Dagger Throw+1","Backflip+1"],"picked":"Sucker Punch+1","floor":18},{"not_picked":["Leg Sweep","Acrobatics"],"picked":"Cloak And Dagger","floor":21},{"not_picked":["Catalyst+1","Quick Slash+1"],"picked":"Dagger Spray+1","floor":23},{"not_picked":["Sucker Punch+1","Bane+1"],"picked":"Backstab+1","floor":24},{"not_picked":["Outmaneuver","Concentrate"],"picked":"Slice+1","floor":27},{"not_picked":["Blur","Burst"],"picked":"Poisoned Stab+1","floor":28},{"not_picked":["Deflect+1","Underhanded Strike+1"],"picked":"Venomology","floor":31},{"not_picked":["Malaise","Unload+1"],"picked":"Adrenaline","floor":33},{"not_picked":["Footwork+1","Dagger Throw+1"],"picked":"Quick Slash+1","floor":35},{"not_picked":["Choke+1","Backflip"],"picked":"All Out Attack+1","floor":36},{"not_picked":["Metamorphosis","PanicButton"],"picked":"Thinking Ahead","floor":37},{"not_picked":["Blur","Sucker Punch+1","Flying Knee+1"],"picked":"SKIP","floor":39},{"not_picked":["Well Laid Plans+1","Glass Knife+1","Deadly Poison+1"],"picked":"SKIP","floor":41},{"not_picked":["Terror+1","Poisoned Stab+1"],"picked":"PiercingWail+1","floor":42},{"not_picked":["Poisoned Stab+1","Dodge and Roll+1","Deflect+1"],"picked":"SKIP","floor":45},{"not_picked":["Outmaneuver","Well Laid Plans"],"picked":"Die Die Die+1","floor":46},{"not_picked":["Sucker Punch+1","Flying Knee+1"],"picked":"Slice+1","floor":48}],"player_experience":276960,"relics_obtained":[{"floor":6,"key":"Kunai"},{"floor":9,"key":"Bottled Lightning"},{"floor":14,"key":"Molten Egg 2"},{"floor":20,"key":"Dodecahedron"},{"floor":23,"key":"Blue Candle"},{"floor":26,"key":"MawBank"},{"floor":31,"key":"Old Coin"},{"floor":36,"key":"Gambling Chip"},{"floor":41,"key":"Bottled Flame"},{"floor":43,"key":"Shuriken"},{"floor":46,"key":"Juzu Bracelet"}],"event_choices":[{"event_name":"Bonfire Elementals","player_choice":"BASIC","floor":2,"damage_taken":0},{"event_name":"Big Fish","player_choice":"Donut","floor":4,"damage_taken":0},{"event_name":"Shining Light","player_choice":"Entered Light","floor":8,"damage_taken":0},{"event_name":"Drug Dealer","player_choice":"Inject Mutagens","floor":19,"damage_taken":0},{"event_name":"Ghosts","player_choice":"Ignored","floor":30,"damage_taken":0},{"event_name":"Mysterious Sphere","player_choice":"Fight","floor":36,"damage_taken":0},{"event_name":"SensoryStone","player_choice":"Memory 1","floor":37,"damage_taken":0},{"event_name":"Duplicator","player_choice":"One dupe","floor":47,"damage_taken":0}],"is_beta":false,"boss_relics":[{"not_picked":["Eternal Feather","Runic Pyramid"],"picked":"WristBlade"},{"not_picked":["Calling Bell","Runic Dome"],"picked":"Philosopher\u0027s Stone"}],"items_purged_floors":[22,38],"is_endless":false,"potions_floor_spawned":[6,10,11,16,18,21,24,27,28,35,46],"killed_by":"Donu and Deca","ascension_level":2}