{"gold_per_floor":[117,117,67,86,106,106,106,139,186,186,206,206],"floor_reached":12,"playtime":475,"items_purged":[],"score":68,"play_id":"2b8162de-f3c4-4028-98c1-7c6c110b4b4d","local_time":"20190317171910","is_ascension_mode":false,"campfire_choices":[{"data":"Dualcast","floor":6,"key":"SMITH"}],"neow_cost":"NONE","seed_source_timestamp":0,"circlet_count":0,"master_deck":["Strike_B","Strike_B","Strike_B","Defend_B","Defend_B","Defend_B","Zap+1","Dualcast+1","Genetic Algorithm","Rebound","Barrage","Injury","Rebound","Sweeping Beam"],"special_seed":0,"relics":["Cracked Core","Golden Idol","Odd Mushroom","Omamori"],"potions_floor_usage":[],"damage_taken":[{"damage":8.0,"enemies":"Small Slimes","floor":1.0,"turns":3.0},{"damage":5.0,"enemies":"Jaw Worm","floor":4.0,"turns":3.0},{"damage":8,"enemies":"2 Louse","floor":5,"turns":2},{"damage":30,"enemies":"The Mushroom Lair","floor":8,"turns":4},{"damage":6,"enemies":"Large Slime","floor":11,"turns":6},{"damage":0,"enemies":"Exordium Thugs","floor":12,"turns":1}],"seed_played":"1170568691910246591","potions_obtained":[{"floor":1.0,"key":"Weak Potion"},{"floor":5,"key":"SpeedPotion"},{"floor":11,"key":"Regen Potion"}],"is_trial":false,"path_per_floor":["M","?","?","M","M","R","?","?","T","T","M","M"],"character_chosen":"DEFECT","items_purchased":[],"campfire_rested":0,"item_purchase_floors":[],"current_hp_per_floor":[67,60,60,55,47,47,47,17,17,17,11,11],"gold":206,"neow_bonus":"UPGRADE_CARD","is_prod":false,"is_daily":false,"chose_seed":false,"campfire_upgraded":1,"win_rate":0,"timestamp":1552861150,"path_taken":["M","?","?","M","M","R","?","?","T","?","M","M"],"build_version":"2019-01-23","purchased_purges":0,"victory":false,"max_hp_per_floor":[75,75,75,75,75,75,75,75,75,75,75,75],"card_choices":[{"not_picked":["Self Repair","Heatsinks"],"picked":"Genetic Algorithm","floor":1.0},{"not_picked":["Cold Snap","Barrage"],"picked":"Rebound","floor":4.0},{"not_picked":["Capacitor","Compile Driver"],"picked":"Barrage","floor":5},{"not_picked":["Compile Driver","Undo"],"picked":"Rebound","floor":8},{"not_picked":["Steam","Heatsinks"],"picked":"Sweeping Beam","floor":11}],"player_experience":1206091,"relics_obtained":[{"floor":8,"key":"Odd Mushroom"},{"floor":9,"key":"Omamori"}],"event_choices":[{"cards_removed":["Strike_B"],"damage_healed":0.0,"max_hp_gain":0.0,"max_hp_loss":0.0,"gold_gain":0.0,"event_name":"Golden Wing","player_choice":"Card Removal","floor":2.0,"gold_loss":0.0,"damage_taken":7.0},{"cards_removed":["Defend_B"],"damage_healed":0.0,"max_hp_gain":0.0,"max_hp_loss":0.0,"gold_gain":0.0,"event_name":"The Cleric","player_choice":"Card Removal","floor":3.0,"gold_loss":50.0,"damage_taken":0.0},{"damage_healed":0,"gold_gain":0,"player_choice":"Take Wound","damage_taken":0,"relics_obtained":["Golden Idol"],"max_hp_gain":0,"max_hp_loss":0,"event_name":"Golden Idol","floor":7,"gold_loss":0,"cards_obtained":["Injury"]},{"damage_healed":0,"gold_gain":0,"player_choice":"Fought Mushrooms","damage_taken":0,"max_hp_gain":0,"max_hp_loss":0,"event_name":"Mushrooms","floor":8,"gold_loss":0}],"is_beta":false,"boss_relics":[],"items_purged_floors":[],"is_endless":false,"potions_floor_spawned":[1,5,11],"killed_by":"Exordium Thugs","ascension_level":0}