{"gold_per_floor":[109,129,51,51,66,101,115,115,115,133,98,98,98,109,109,211,211,221,232,232,232,245,245,259,259,259,270,270],"floor_reached":28,"playtime":1866,"items_purged":[],"score":247,"play_id":"5fc952d3-4302-49e2-8bcd-f3779dc1b98d","local_time":"20190618004414","is_ascension_mode":false,"campfire_choices":[{"data":"Dualcast","floor":8,"key":"SMITH"},{"data":"Fusion","floor":12,"key":"SMITH"},{"floor":15,"key":"REST"},{"data":"Creative AI","floor":23,"key":"SMITH"},{"data":"Zap","floor":25,"key":"SMITH"}],"neow_cost":"NONE","seed_source_timestamp":57044321719872,"circlet_count":0,"master_deck":["Strike_B","Strike_B","Strike_B","Strike_B","Defend_B","Defend_B","Defend_B","Defend_B","Zap+1","Dualcast+1","Gash","Gash","Doom and Gloom","Self Repair","Gash","Capacitor","Fusion+1","Ball Lightning","Creative AI+1","Gash","Redo","Gash","Conserve Battery"],"relics":["Cracked Core","Pen Nib","Centennial Puzzle","Kunai","Lizard Tail","MutagenicStrength","Du-Vu Doll"],"potions_floor_usage":[],"damage_taken":[{"damage":1,"enemies":"Cultist","floor":1,"turns":3},{"damage":8,"enemies":"2 Louse","floor":2,"turns":2},{"damage":0,"enemies":"Small Slimes","floor":5,"turns":2},{"damage":31,"enemies":"Lagavulin","floor":6,"turns":5},{"damage":15,"enemies":"3 Louse","floor":7,"turns":2},{"damage":7,"enemies":"Blue Slaver","floor":10,"turns":2},{"damage":35,"enemies":"Exordium Thugs","floor":14,"turns":5},{"damage":49,"enemies":"Slime Boss","floor":16,"turns":7},{"damage":46,"enemies":"Shell Parasite","floor":18,"turns":6},{"damage":29,"enemies":"3 Byrds","floor":19,"turns":4},{"damage":27,"enemies":"Snake Plant","floor":22,"turns":4},{"damage":27,"enemies":"Snecko","floor":24,"turns":5},{"damage":4,"enemies":"Cultist and Chosen","floor":27,"turns":4},{"damage":18,"enemies":"Centurion and Healer","floor":28,"turns":4}],"seed_played":"-2133005663623482384","potions_obtained":[{"floor":1,"key":"Energy Potion"},{"floor":5,"key":"Block Potion"},{"floor":16,"key":"PowerPotion"}],"is_trial":false,"path_per_floor":["M","M","$","?","M","E","M","R","T","M","?","R","?","M","R","B",null,"M","M","?","?","M","R","M","R","T","M","M"],"character_chosen":"DEFECT","items_purchased":["Doom and Gloom"],"campfire_rested":1,"item_purchase_floors":[3],"current_hp_per_floor":[81,73,73,73,73,49,41,41,41,41,61,61,58,30,54,12,82,43,21,21,21,48,48,21,21,21,17,0],"gold":270,"neow_bonus":"TEN_PERCENT_HP_BONUS","is_prod":false,"is_daily":false,"chose_seed":false,"campfire_upgraded":4,"win_rate":0.0,"timestamp":1560811454,"path_taken":["M","M","?","?","M","E","M","R","T","M","?","R","?","M","R","BOSS","M","M","?","?","M","R","M","R","T","M","?"],"build_version":"2019-01-23","purchased_purges":0,"victory":false,"max_hp_per_floor":[82,82,82,82,82,82,82,82,82,82,82,82,82,82,82,82,82,82,82,82,82,82,82,82,82,82,82,82],"card_choices":[{"not_picked":["Static Discharge","Blizzard"],"picked":"Gash","floor":1},{"not_picked":["Ball Lightning","Steam"],"picked":"Gash","floor":2},{"not_picked":["Stack","Redo"],"picked":"Self Repair","floor":5},{"not_picked":["Sweeping Beam","Beam Cell"],"picked":"Gash","floor":6},{"not_picked":["Reprogram","Coolheaded"],"picked":"Capacitor","floor":7},{"not_picked":["Go for the Eyes","FTL"],"picked":"Fusion","floor":10},{"not_picked":["Go for the Eyes","Rebound"],"picked":"Ball Lightning","floor":14},{"not_picked":["Machine Learning","Multi-Cast"],"picked":"Creative AI","floor":16},{"not_picked":["Redo+1","Go for the Eyes+1"],"picked":"Gash","floor":18},{"not_picked":["Melter","Reprogram+1","Hello World"],"picked":"SKIP","floor":19},{"not_picked":["FTL","Barrage"],"picked":"Redo","floor":22},{"not_picked":["Capacitor","Compile Driver"],"picked":"Gash","floor":24},{"not_picked":["Darkness","Rebound"],"picked":"Conserve Battery","floor":27}],"player_experience":73227,"relics_obtained":[{"floor":6,"key":"Pen Nib"},{"floor":9,"key":"Centennial Puzzle"},{"floor":26,"key":"Du-Vu Doll"}],"event_choices":[{"damage_healed":0,"gold_gain":0,"player_choice":"Ignored","damage_taken":0,"max_hp_gain":0,"max_hp_loss":0,"event_name":"Liars Game","floor":4,"gold_loss":0},{"damage_healed":20,"gold_gain":0,"player_choice":"Healed","damage_taken":0,"max_hp_gain":0,"max_hp_loss":0,"event_name":"The Cleric","floor":11,"gold_loss":35},{"damage_healed":0,"gold_gain":0,"player_choice":"Success","damage_taken":3,"relics_obtained":["Kunai"],"max_hp_gain":0,"max_hp_loss":0,"event_name":"Scrap Ooze","floor":13,"gold_loss":0},{"damage_healed":0,"gold_gain":0,"player_choice":"Inject Mutagens","damage_taken":0,"relics_obtained":["MutagenicStrength"],"max_hp_gain":0,"max_hp_loss":0,"event_name":"Drug Dealer","floor":20,"gold_loss":0},{"damage_healed":0,"gold_gain":0,"player_choice":"Ignored","damage_taken":0,"max_hp_gain":0,"max_hp_loss":0,"event_name":"Ghosts","floor":21,"gold_loss":0}],"is_beta":false,"boss_relics":[{"not_picked":["Philosopher\u0027s Stone","Eternal Feather"],"picked":"Lizard Tail"}],"items_purged_floors":[],"is_endless":false,"potions_floor_spawned":[1,5,16,19,24,27],"killed_by":"Centurion and Healer","ascension_level":0}