{"gold_per_floor":[116,116,116,135,151,151,186,197,197,267,299,299,299,309,309,414,414,429,429],"floor_reached":19,"playtime":1725,"items_purged":[],"score":227,"play_id":"f5e84491-7636-47bd-ab7f-e124c53955ac","local_time":"20190317183635","is_ascension_mode":false,"campfire_choices":[{"data":"Streamline","floor":6,"key":"SMITH"},{"data":"Zap","floor":12,"key":"SMITH"},{"data":"Dualcast","floor":15,"key":"SMITH"}],"neow_cost":"NONE","seed_source_timestamp":347284883740600,"circlet_count":0,"master_deck":["Strike_B","Strike_B","Strike_B","Defend_B","Defend_B","Defend_B","Zap+1","Dualcast+1","Cold Snap","Electrodynamics+1","Streamline+1","Steam Power","Sweeping Beam","Seek+1","Glacier","All For One","Buffer+1","Hyperbeam+1","Meteor Strike+1","Ball Lightning"],"relics":["Cracked Core","Nunchaku","Mummified Hand","Frozen Egg 2","Astrolabe"],"potions_floor_usage":[14],"damage_taken":[{"damage":0,"enemies":"Small Slimes","floor":1,"turns":2},{"damage":0,"enemies":"2 Louse","floor":4,"turns":2},{"damage":0,"enemies":"Cultist","floor":5,"turns":4},{"damage":18,"enemies":"Gremlin Nob","floor":7,"turns":4},{"damage":5,"enemies":"Looter","floor":8,"turns":3},{"damage":7,"enemies":"3 Sentries","floor":11,"turns":3},{"damage":0,"enemies":"Blue Slaver","floor":14,"turns":3},{"damage":0,"enemies":"Slime Boss","floor":16,"turns":7},{"damage":0,"enemies":"Chosen","floor":18,"turns":4},{"damage":0,"enemies":"Shell Parasite","floor":19,"turns":1}],"seed_played":"1475997500242309636","potions_obtained":[{"floor":4,"key":"SneckoOil"},{"floor":7,"key":"Block Potion"},{"floor":18,"key":"Energy Potion"}],"is_trial":false,"path_per_floor":["M","?","?","M","M","R","E","M","T","?","E","R","?","M","R","B",null,"M","M"],"character_chosen":"DEFECT","items_purchased":[],"campfire_rested":0,"item_purchase_floors":[],"current_hp_per_floor":[82,82,82,82,82,82,64,59,59,59,52,52,36,36,36,36,82,82,82],"gold":429,"neow_bonus":"TEN_PERCENT_HP_BONUS","is_prod":false,"is_daily":false,"chose_seed":false,"campfire_upgraded":3,"win_rate":0,"timestamp":1552865795,"path_taken":["M","?","?","?","M","R","E","M","T","?","E","R","?","M","R","BOSS","M","M"],"build_version":"2019-01-23","purchased_purges":0,"victory":false,"max_hp_per_floor":[82,82,82,82,82,82,82,82,82,82,82,82,82,82,82,82,82,82,82],"card_choices":[{"not_picked":["Rebound","Stack"],"picked":"Cold Snap","floor":1},{"not_picked":["Coolheaded","Compile Driver"],"picked":"Skim","floor":4},{"not_picked":["Hologram","Compile Driver"],"picked":"Streamline","floor":5},{"not_picked":["Barrage","Consume"],"picked":"Steam Power","floor":7},{"not_picked":["Chill","Rebound"],"picked":"Sweeping Beam","floor":8},{"not_picked":["Turbo","Streamline"],"picked":"Seek","floor":11},{"not_picked":["Rebound","Coolheaded"],"picked":"Glacier","floor":14},{"not_picked":["Amplify","Meteor Strike"],"picked":"All For One","floor":16},{"not_picked":["Cold Snap+1","Chill+1"],"picked":"Ball Lightning","floor":18}],"player_experience":1209365,"relics_obtained":[{"floor":7,"key":"Nunchaku"},{"floor":9,"key":"Mummified Hand"},{"floor":11,"key":"Frozen Egg 2"}],"event_choices":[{"damage_healed":0,"gold_gain":0,"player_choice":"Ignored","damage_taken":0,"max_hp_gain":0,"max_hp_loss":0,"event_name":"Liars Game","floor":2,"gold_loss":0},{"damage_healed":0,"gold_gain":0,"player_choice":"1 cards matched","damage_taken":0,"max_hp_gain":0,"max_hp_loss":0,"event_name":"Match and Keep!","floor":3,"gold_loss":0,"cards_obtained":["Electrodynamics"]},{"damage_healed":0,"gold_gain":70,"player_choice":"Gained Gold","damage_taken":0,"max_hp_gain":0,"max_hp_loss":0,"event_name":"Golden Wing","floor":10,"gold_loss":0},{"damage_healed":0,"gold_gain":0,"player_choice":"Entered Light","damage_taken":16,"max_hp_gain":0,"max_hp_loss":0,"event_name":"Shining Light","floor":13,"gold_loss":0,"cards_upgraded":["Seek","Electrodynamics"]}],"is_beta":false,"boss_relics":[{"not_picked":["Pandora\u0027s Box","Lizard Tail"],"picked":"Astrolabe"}],"items_purged_floors":[],"is_endless":false,"potions_floor_spawned":[4,7,18],"killed_by":"Shell Parasite","ascension_level":0}