{"gold_per_floor":[109,109,109,109,34,59,59,74,74,105,115,143,143,143,143,245,245,263,74,74,86,86,86],"floor_reached":23,"playtime":940,"items_purged":["Strike_B","Strike_B"],"score":236,"play_id":"6bb6eaa9-ba6d-441c-9e84-c2db113088c6","local_time":"20180803144210","is_ascension_mode":true,"campfire_choices":[{"floor":7,"key":"REST"},{"floor":13,"key":"REST"},{"data":"Zap","floor":15,"key":"SMITH"}],"neow_cost":"NONE","seed_source_timestamp":3278861535680749,"circlet_count":0,"master_deck":["Defend_B","Defend_B","Defend_B","Zap+1","Dualcast","Rebound","Ball Lightning","Rebound","Auto Shields","Ball Lightning","Machine Learning","Electrodynamics","Consume","Swift Strike","Self Repair","Purity"],"relics":["Cracked Core","NlothsMask","Bag of Preparation","Bag of Marbles","Orichalcum","Cables","Eternal Feather"],"potions_floor_usage":[10,23],"damage_taken":[{"damage":0,"enemies":"2 Louse","floor":1,"turns":1},{"damage":40,"enemies":"Gremlin Nob","floor":6,"turns":4},{"damage":0,"enemies":"Cultist","floor":8,"turns":2},{"damage":26,"enemies":"3 Sentries","floor":10,"turns":5},{"damage":0,"enemies":"Small Slimes","floor":11,"turns":2},{"damage":4,"enemies":"Lagavulin","floor":12,"turns":5},{"damage":46,"enemies":"Hexaghost","floor":16,"turns":8},{"damage":0,"enemies":"3 Byrds","floor":18,"turns":2},{"damage":6,"enemies":"Chosen","floor":21,"turns":3},{"damage":51,"enemies":"Book of Stabbing","floor":23,"turns":5}],"seed_played":"-9031911827665462029","potions_obtained":[{"floor":1,"key":"Regen Potion"},{"floor":16,"key":"SpeedPotion"}],"is_trial":false,"path_per_floor":["M","?","?","?","$","E","R","M","T","E","M","E","R","?","R","B",null,"M","$","?","M","?"],"character_chosen":"DEFECT","items_purchased":["Swift Strike"],"campfire_rested":2,"item_purchase_floors":[19],"current_hp_per_floor":[75,75,68,61,61,21,43,43,43,29,29,25,47,72,72,26,75,75,75,75,69,55,4],"gold":86,"neow_bonus":"REMOVE_CARD","is_prod":false,"is_daily":false,"chose_seed":false,"campfire_upgraded":1,"win_rate":0,"timestamp":1533325330,"path_taken":["M","?","?","?","$","E","R","M","T","E","M","E","R","?","R","BOSS","M","$","?","M","?","E"],"build_version":"2018-08-02","purchased_purges":2,"victory":false,"max_hp_per_floor":[75,75,75,75,75,75,75,75,75,75,75,75,75,75,75,75,75,75,75,75,75,75,75],"card_choices":[{"not_picked":["Chaos","Hello World"],"picked":"Rebound","floor":1},{"not_picked":["Rainbow","Coolheaded"],"picked":"Ball Lightning","floor":6},{"not_picked":["Storm","Reprogram"],"picked":"Rebound","floor":8},{"not_picked":["Ball Lightning","Force Field"],"picked":"Auto Shields","floor":10},{"not_picked":["Storm","Sweeping Beam"],"picked":"Ball Lightning","floor":11},{"not_picked":["Streamline","Gash"],"picked":"Machine Learning","floor":12},{"not_picked":["Rainbow","Meteor Strike"],"picked":"Electrodynamics","floor":16},{"not_picked":["Sweeping Beam","Scrape"],"picked":"Consume","floor":18},{"not_picked":["Gash","Streamline"],"picked":"Self Repair","floor":21}],"player_experience":431171,"relics_obtained":[{"floor":6,"key":"Bag of Marbles"},{"floor":10,"key":"Orichalcum"},{"floor":12,"key":"Cables"}],"event_choices":[{"event_name":"FaceTrader","player_choice":"Trade","floor":2,"damage_taken":0},{"event_name":"Scrap Ooze","player_choice":"success","floor":3,"damage_taken":7},{"event_name":"Golden Wing","player_choice":"Card Removal","floor":4,"damage_taken":0},{"event_name":"Big Fish","player_choice":"Banana","floor":14,"damage_taken":0},{"event_name":"Purifier","player_choice":"One Purge","floor":20,"damage_taken":0},{"event_name":"Knowing Skull","player_choice":"CARD ","floor":22,"damage_taken":0}],"is_beta":false,"boss_relics":[{"not_picked":["Calling Bell","Fusion Hammer"],"picked":"Eternal Feather"}],"items_purged_floors":[5,19],"is_endless":false,"potions_floor_spawned":[1,16],"killed_by":"Book of Stabbing","ascension_level":3}