{"gold_per_floor":[113,113,125,53,53,84,101,30,30,60,71,71,146,161,161,266,266,284,284,139,139,139,167,167,181,181,181],"floor_reached":27,"playtime":1645,"items_purged":["Strike_G"],"score":304,"play_id":"be195f4e-803c-431f-b2e9-8e06c5674593","local_time":"20180809090031","is_ascension_mode":true,"campfire_choices":[{"data":"Glass Knife","floor":12,"key":"SMITH"},{"floor":15,"key":"REST"},{"floor":24,"key":"REST"}],"neow_cost":"NONE","seed_source_timestamp":3776101202065557,"circlet_count":0,"master_deck":["Defend_G","Defend_G","Defend_G","Defend_G","Strike_G","Survivor","Neutralize","Flying Knee","Quick Slash","Leg Sweep","Slice","Backflip","Glass Knife+1","Noxious Fumes","Caltrops","Dash","Bullet Time","Acrobatics"],"relics":["Ring of the Snake","NeowsBlessing","Nunchaku","Orichalcum","Empty Cage","Nloth\u0027s Gift","Ginger","Molten Egg 2"],"potions_floor_usage":[16,23,23],"damage_taken":[{"damage":0,"enemies":"Cultist","floor":1,"turns":1},{"damage":0,"enemies":"Jaw Worm","floor":3,"turns":1},{"damage":0,"enemies":"3 Sentries","floor":6,"turns":1},{"damage":0,"enemies":"2 Louse","floor":7,"turns":2},{"damage":24,"enemies":"Lagavulin","floor":10,"turns":9},{"damage":0,"enemies":"Blue Slaver","floor":11,"turns":4},{"damage":1,"enemies":"Exordium Thugs","floor":14,"turns":4},{"damage":17,"enemies":"The Guardian","floor":16,"turns":11},{"damage":4,"enemies":"3 Byrds","floor":18,"turns":3},{"damage":25,"enemies":"Book of Stabbing","floor":23,"turns":5},{"damage":9,"enemies":"Shell Parasite","floor":25,"turns":6},{"damage":25,"enemies":"Gremlin Leader","floor":27,"turns":4}],"seed_played":"-8891156698060882175","potions_obtained":[{"floor":3,"key":"Fruit Juice"},{"floor":7,"key":"FairyPotion"},{"floor":10,"key":"Block Potion"},{"floor":16,"key":"LiquidBronze"},{"floor":23,"key":"SteroidPotion"}],"is_trial":false,"path_per_floor":["M","?","M","$","?","E","M","$","T","E","M","R","?","M","R","B",null,"M","?","$","?","?","E","R","M","T"],"character_chosen":"THE_SILENT","items_purchased":["Leg Sweep","Glass Knife","Dash"],"campfire_rested":2,"item_purchase_floors":[4,8,20],"current_hp_per_floor":[70,70,70,70,63,63,63,63,63,39,39,39,28,27,48,36,75,71,71,71,57,57,32,56,47,47,22],"gold":181,"neow_bonus":"THREE_ENEMY_KILL","is_prod":false,"is_daily":false,"chose_seed":false,"campfire_upgraded":1,"win_rate":0,"timestamp":1533823231,"path_taken":["M","?","M","$","?","E","M","$","T","E","?","R","?","M","R","BOSS","M","?","$","?","?","E","R","M","T","E"],"build_version":"2018-08-02","purchased_purges":1,"victory":false,"max_hp_per_floor":[70,70,70,70,70,70,70,70,70,70,70,70,70,70,70,75,75,75,75,75,80,80,80,80,80,80,80],"card_choices":[{"not_picked":["Bane","Sucker Punch"],"picked":"Flying Knee","floor":1},{"not_picked":["Prepared","Blade Dance"],"picked":"Quick Slash","floor":3},{"not_picked":["Calculated Gamble","Die Die Die"],"picked":"Slice","floor":6},{"not_picked":["Acrobatics","Bane"],"picked":"Backflip","floor":7},{"not_picked":["Dagger Throw","Slice"],"picked":"Noxious Fumes","floor":10},{"not_picked":["Dagger Throw","Eviscerate"],"picked":"Caltrops","floor":11},{"not_picked":["Dagger Spray","Endless Agony","Blade Dance"],"picked":"SKIP","floor":14},{"not_picked":["Dagger Throw+1","Blade Dance","Finisher+1"],"picked":"SKIP","floor":18},{"not_picked":["Prepared","Flying Knee"],"picked":"Bullet Time","floor":23},{"not_picked":["All Out Attack","Quick Slash"],"picked":"Acrobatics","floor":25}],"player_experience":463060,"relics_obtained":[{"floor":6,"key":"Turnip"},{"floor":9,"key":"Nunchaku"},{"floor":10,"key":"Orichalcum"},{"floor":23,"key":"Ginger"},{"floor":26,"key":"Molten Egg 2"}],"event_choices":[{"event_name":"Bonfire Elementals","player_choice":"BASIC","floor":2,"damage_taken":0},{"event_name":"Golden Wing","player_choice":"Card Removal","floor":5,"damage_taken":0},{"event_name":"World of Goop","player_choice":"Gather Gold","floor":13,"damage_taken":0},{"event_name":"The Lab","player_choice":"Got Potions","floor":19,"damage_taken":0},{"event_name":"Forgotten Altar","player_choice":"Shed Blood","floor":21,"damage_taken":0},{"event_name":"N\u0027loth","player_choice":"Traded a Turnip","floor":22,"damage_taken":0}],"is_beta":false,"boss_relics":[{"not_picked":["Coffee Dripper","Calling Bell"],"picked":"Empty Cage"}],"items_purged_floors":[20],"is_endless":false,"potions_floor_spawned":[3,7,10,14,16,18,23],"killed_by":"Gremlin Leader","ascension_level":3}