{"gold_per_floor":[119,119,44,62,9,35,53,79,79,44,71,81,93,104,104,209,209,221,239,257,257,76,76,106,106,106,137,137,137,137],"floor_reached":30,"playtime":3190,"items_purged":["Pain"],"score":278,"play_id":"6082499d-2dcd-471d-9bcd-ba09ca405a73","local_time":"20190628163333","is_ascension_mode":false,"campfire_choices":[{"floor":15,"key":"REST"},{"data":"RitualDagger","floor":23,"key":"SMITH"},{"floor":25,"key":"REST"}],"neow_cost":"NONE","seed_source_timestamp":1816162773374082,"circlet_count":0,"master_deck":["Strike_B","Strike_B","Strike_B","Defend_B","Defend_B","Defend_B","Defend_B","Zap","Dualcast","Redo","Fusion","Conserve Battery","Lockon","Hologram","Skim","Barrage","Thunder Strike","Amplify","Double Energy+1","Consume+1","Sweeping Beam+1","Coolheaded+1","Streamline+1","Sweeping Beam+1","RitualDagger+1","Finesse","Loop","Redo","BootSequence+1","Streamline+1"],"relics":["Cracked Core","WarpedTongs","Lantern","Ice Cream","Gremlin Horn","Strawberry","Astrolabe","PreservedInsect","Centennial Puzzle","Pen Nib"],"potions_floor_usage":[],"damage_taken":[{"damage":0,"enemies":"Small Slimes","floor":1,"turns":3},{"damage":0,"enemies":"Cultist","floor":4,"turns":2},{"damage":35,"enemies":"Gremlin Nob","floor":6,"turns":5},{"damage":6,"enemies":"Jaw Worm","floor":7,"turns":4},{"damage":13,"enemies":"Lagavulin","floor":8,"turns":6},{"damage":7,"enemies":"Looter","floor":12,"turns":3},{"damage":5,"enemies":"2 Fungi Beasts","floor":13,"turns":4},{"damage":4,"enemies":"3 Louse","floor":14,"turns":4},{"damage":36,"enemies":"Slime Boss","floor":16,"turns":10},{"damage":17,"enemies":"3 Byrds","floor":18,"turns":4},{"damage":10,"enemies":"Chosen","floor":19,"turns":4},{"damage":29,"enemies":"Snake Plant","floor":20,"turns":5},{"damage":16,"enemies":"Book of Stabbing","floor":24,"turns":8},{"damage":24,"enemies":"Slavers","floor":27,"turns":3},{"damage":18,"enemies":"Cultist and Chosen","floor":30,"turns":4}],"seed_played":"-3122063383622987610","potions_obtained":[{"floor":7,"key":"FairyPotion"},{"floor":12,"key":"SpeedPotion"},{"floor":16,"key":"Swift Potion"},{"floor":19,"key":"Strength Potion"},{"floor":27,"key":"Ancient Potion"}],"is_trial":false,"path_per_floor":["M","?","$","M","$","E","M","E","T","$","T","M","M","M","R","B",null,"M","M","M","?","$","R","E","R","T","E","?","?","M"],"character_chosen":"DEFECT","items_purchased":["Conserve Battery","Skim","Finesse","Loop","Redo"],"campfire_rested":2,"item_purchase_floors":[5,10,22,22,22],"current_hp_per_floor":[75,75,75,75,75,40,34,21,21,21,28,21,16,12,36,8,82,65,55,26,20,20,20,4,28,28,4,31,15,0],"gold":137,"neow_bonus":"TRANSFORM_CARD","is_prod":false,"is_daily":false,"chose_seed":false,"campfire_upgraded":1,"win_rate":0.0,"timestamp":1561761213,"path_taken":["M","?","?","?","$","E","M","E","T","?","?","M","M","M","R","BOSS","M","M","M","?","$","R","E","R","T","E","?","?","M"],"build_version":"2019-01-23","purchased_purges":1,"victory":false,"max_hp_per_floor":[75,75,75,75,75,75,75,75,75,75,82,82,82,82,82,82,82,82,82,82,82,82,82,82,82,82,82,82,87,87],"card_choices":[{"not_picked":["Rebound","Go for the Eyes"],"picked":"Redo","floor":1},{"not_picked":["Rebound","Streamline"],"picked":"Fusion","floor":4},{"not_picked":["Chill","Glacier"],"picked":"Creative AI","floor":6},{"not_picked":["Streamline","Go for the Eyes"],"picked":"Lockon","floor":7},{"not_picked":["Aggregate","Glacier"],"picked":"Hologram","floor":8},{"not_picked":["Stack","Double Energy"],"picked":"Beam Cell","floor":12},{"not_picked":["Steam","Reprogram"],"picked":"Barrage","floor":13},{"not_picked":["Streamline","Cold Snap"],"picked":"Thunder Strike","floor":14},{"not_picked":["Machine Learning","Biased Cognition"],"picked":"Amplify","floor":16},{"not_picked":["Rebound","Streamline+1"],"picked":"Coolheaded+1","floor":18},{"not_picked":["Hologram","Rip and Tear"],"picked":"Streamline+1","floor":19},{"not_picked":["Reprogram","Chaos"],"picked":"Sweeping Beam+1","floor":20},{"not_picked":["Streamline","Conserve Battery"],"picked":"BootSequence+1","floor":24},{"not_picked":["Go for the Eyes","Stack"],"picked":"Streamline+1","floor":27}],"player_experience":28659,"relics_obtained":[{"floor":6,"key":"Lantern"},{"floor":8,"key":"Ice Cream"},{"floor":9,"key":"Gremlin Horn"},{"floor":11,"key":"Strawberry"},{"floor":24,"key":"PreservedInsect"},{"floor":26,"key":"Centennial Puzzle"},{"floor":27,"key":"Pen Nib"}],"event_choices":[{"damage_healed":0,"gold_gain":0,"player_choice":"Rummage","damage_taken":0,"relics_obtained":["WarpedTongs"],"max_hp_gain":0,"max_hp_loss":0,"event_name":"Accursed Blacksmith","floor":2,"gold_loss":0,"cards_obtained":["Pain"]},{"damage_healed":0,"gold_gain":0,"player_choice":"Joined the Cult","damage_taken":6,"max_hp_gain":0,"max_hp_loss":0,"event_name":"Nest","floor":21,"gold_loss":0,"cards_obtained":["RitualDagger"]},{"damage_healed":27,"gold_gain":0,"player_choice":"Heal","damage_taken":0,"max_hp_gain":0,"max_hp_loss":0,"event_name":"The Library","floor":28,"gold_loss":0},{"damage_healed":0,"gold_gain":0,"player_choice":"Shed Blood","damage_taken":21,"max_hp_gain":5,"max_hp_loss":0,"event_name":"Forgotten Altar","floor":29,"gold_loss":0}],"is_beta":false,"boss_relics":[{"not_picked":["Snecko Eye","White Beast Statue"],"picked":"Astrolabe"}],"items_purged_floors":[3],"is_endless":false,"potions_floor_spawned":[7,12,16,19,27],"killed_by":"Cultist and Chosen","ascension_level":0}