{"gold_per_floor":[116,66,66,82,96,96,114,114,114,114,414,267,279,292,292,392,392,402,436,449,359,377,409,429,445,445,445,345,345,358,369,369,472,472,492,492,714,728,411,411,427,527,575,575,595,611,411,436,436,436,436,436,103,131,131],"floor_reached":56,"playtime":5773,"items_purged":["Strike_R","Defend_R","Strike_R","Strike_R+1","Defend_R"],"score":1216,"play_id":"02cfbad1-85a9-468b-9672-f6c28cd6ca24","local_time":"20190330121336","is_ascension_mode":false,"campfire_choices":[{"data":"Bash","floor":6.0,"key":"SMITH"},{"data":"Defend_R","floor":8.0,"key":"SMITH"},{"data":"Dropkick","floor":15.0,"key":"SMITH"},{"floor":27.0,"key":"REST"},{"floor":29.0,"key":"RECALL"},{"data":"Pommel Strike","floor":32.0,"key":"SMITH"},{"data":"Master of Strategy","floor":40.0,"key":"SMITH"},{"floor":44.0,"key":"REST"},{"floor":49.0,"key":"REST"},{"data":"Defend_R","floor":52.0,"key":"SMITH"}],"neow_cost":"NONE","seed_source_timestamp":1202668674699134,"circlet_count":0,"master_deck":["Defend_R+1","Defend_R+1","Bash+1","Pommel Strike+1","Dropkick+1","Dropkick","True Grit+1","Master of Strategy+1","Rage"],"special_seed":0,"relics":["Burning Blood","Nunchaku","Old Coin","Lizard Tail","Red Mask","Vajra","Black Star","Pocketwatch","Dream Catcher","Regal Pillow","Question Card","Bag of Marbles","Ornamental Fan"],"potions_floor_usage":[55],"damage_taken":[{"damage":5.0,"enemies":"Jaw Worm","floor":1.0,"turns":4.0},{"damage":2.0,"enemies":"Small Slimes","floor":4.0,"turns":5.0},{"damage":1.0,"enemies":"Cultist","floor":5.0,"turns":3.0},{"damage":7.0,"enemies":"Exordium Wildlife","floor":7.0,"turns":4.0},{"damage":2.0,"enemies":"2 Fungi Beasts","floor":13.0,"turns":3.0},{"damage":3.0,"enemies":"Red Slaver","floor":14.0,"turns":3.0},{"damage":76.0,"enemies":"Slime Boss","floor":16.0,"turns":13.0},{"damage":10.0,"enemies":"Chosen","floor":18.0,"turns":3.0},{"damage":42.0,"enemies":"Masked Bandits","floor":19.0,"turns":5.0},{"damage":20.0,"enemies":"2 Thieves","floor":20.0,"turns":4.0},{"damage":43.0,"enemies":"Sentry and Sphere","floor":22.0,"turns":6.0},{"damage":42.0,"enemies":"Gremlin Leader","floor":23.0,"turns":5.0},{"damage":2.0,"enemies":"Snecko","floor":24.0,"turns":4.0},{"damage":15.0,"enemies":"Snake Plant","floor":25.0,"turns":4.0},{"damage":6.0,"enemies":"Cultist and Chosen","floor":30.0,"turns":3.0},{"damage":17.0,"enemies":"Snecko","floor":31.0,"turns":4.0},{"damage":37.0,"enemies":"Champ","floor":33.0,"turns":4.0},{"damage":17.0,"enemies":"Orb Walker","floor":35.0,"turns":3.0},{"damage":29.0,"enemies":"3 Darklings","floor":38.0,"turns":6.0},{"damage":40.0,"enemies":"4 Shapes","floor":41.0,"turns":8.0},{"damage":7.0,"enemies":"Mind Bloom Boss Battle","floor":42.0,"turns":5.0},{"damage":0.0,"enemies":"Maw","floor":45.0,"turns":2.0},{"damage":40.0,"enemies":"Sphere and 2 Shapes","floor":46.0,"turns":8.0},{"damage":0.0,"enemies":"Giant Head","floor":48.0,"turns":1.0},{"damage":33.0,"enemies":"Awakened One","floor":50.0,"turns":3.0},{"damage":0.0,"enemies":"Shield and Spear","floor":54.0,"turns":2.0},{"damage":61,"enemies":"The Heart","floor":55,"turns":5}],"seed_played":"-8544718048980142606","potions_obtained":[{"floor":1.0,"key":"PowerPotion"},{"floor":7.0,"key":"Poison Potion"},{"floor":13.0,"key":"FairyPotion"},{"floor":19.0,"key":"Explosive Potion"},{"floor":22.0,"key":"FairyPotion"},{"floor":25.0,"key":"SkillPotion"},{"floor":30.0,"key":"Regen Potion"},{"floor":31.0,"key":"Swift Potion"},{"floor":42.0,"key":"Energy Potion"},{"floor":46.0,"key":"Energy Potion"}],"is_trial":false,"path_per_floor":["M","?","?","M","M","R","M","R","T","?","?","$","M","M","R","B",null,"M","?","M","?","M","E","M","M","T","R","$","R","M","M","R","B",null,"M","?","?","M","$","R","M","?","T","R","M","M","$","E","R","B",null,"R","$","E","B",null],"character_chosen":"IRONCLAD","items_purchased":["Dropkick","Master of Strategy","FearPotion","Rage","Regen Potion"],"campfire_rested":3,"item_purchase_floors":[12,39,47,53,53],"current_hp_per_floor":[88,88,88,88,88,88,87,87,87,87,87,87,88,88,88,18,88,84,48,34,34,14,38,42,33,33,59,59,59,59,48,48,29,88,77,77,77,54,54,54,20,19,19,45,51,17,17,23,64,37,88,88,88,88,42],"gold":131,"neow_bonus":"TEN_PERCENT_HP_BONUS","is_prod":false,"is_daily":false,"chose_seed":false,"campfire_upgraded":6,"win_rate":0,"timestamp":1553944416,"path_taken":["M","?","?","?","M","R","M","R","T","?","?","$","?","M","R","BOSS","M","?","M","?","?","E","M","M","T","R","$","R","M","?","R","BOSS","M","?","?","M","$","R","M","?","T","R","M","?","$","E","R","BOSS","R","$","E","BOSS"],"build_version":"2019-01-23","purchased_purges":5,"victory":true,"max_hp_per_floor":[88,88,88,88,88,88,88,88,88,88,88,88,88,88,88,88,88,88,88,88,88,88,88,88,88,88,88,88,88,88,88,88,88,88,88,88,88,88,88,88,88,88,88,88,88,88,88,88,88,88,88,88,88,88,88],"card_choices":[{"not_picked":["Second Wind","Body Slam","Headbutt"],"picked":"SKIP","floor":1.0},{"not_picked":["Iron Wave","Twin Strike"],"picked":"Pommel Strike","floor":4.0},{"not_picked":["Rage","Wild Strike","Thunderclap"],"picked":"SKIP","floor":5.0},{"not_picked":["Heavy Blade","Headbutt","Infernal Blade"],"picked":"SKIP","floor":7.0},{"not_picked":["Warcry","Shrug It Off","Feel No Pain"],"picked":"SKIP","floor":13.0},{"not_picked":["Bloodletting","Cleave","Iron Wave"],"picked":"SKIP","floor":14.0},{"not_picked":["Flex","Rampage+1"],"picked":"Dropkick","floor":18.0},{"not_picked":["Thunderclap","Armaments+1","Combust"],"picked":"SKIP","floor":20.0},{"not_picked":["Havoc+1","Warcry","Flex"],"picked":"SKIP","floor":22.0},{"not_picked":["Battle Trance","Whirlwind+1","Sentinel"],"picked":"SKIP","floor":23.0},{"not_picked":["Carnage","Searing Blow+1","Reaper"],"picked":"SKIP","floor":24.0},{"not_picked":["Cleave+1","Sentinel","Sword Boomerang"],"picked":"SKIP","floor":25.0},{"not_picked":["Clothesline","Bloodletting","Thunderclap"],"picked":"SKIP","floor":30.0},{"not_picked":["Perfected Strike","Sword Boomerang","Evolve+1"],"picked":"SKIP","floor":31.0},{"not_picked":["Fiend Fire","Reaper"],"picked":"Offering","floor":33.0},{"not_picked":["Anger","Iron Wave+1"],"picked":"True Grit+1","floor":35.0},{"not_picked":["Spot Weakness","Intimidate","Combust+1"],"picked":"SKIP","floor":38.0},{"not_picked":["Iron Wave+1","Evolve+1","Wild Strike+1"],"picked":"SKIP","floor":41.0},{"not_picked":["Anger+1","Heavy Blade","Carnage+1"],"picked":"SKIP","floor":45.0},{"not_picked":["Body Slam+1","Shrug It Off","Iron Wave+1"],"picked":"SKIP","floor":46.0},{"not_picked":["Thunderclap","Clothesline+1","Headbutt"],"picked":"SKIP","floor":48.0},{"not_picked":["Carnage+1","Hemokinesis","Twin Strike","Evolve+1"],"picked":"SKIP","floor":54.0}],"player_experience":256352,"relics_obtained":[{"floor":9.0,"key":"Nunchaku"},{"floor":19.0,"key":"Red Mask"},{"floor":23.0,"key":"Vajra"},{"floor":42.0,"key":"Pocketwatch"},{"floor":43.0,"key":"Dream Catcher"},{"floor":48.0,"key":"Regal Pillow"},{"floor":48.0,"key":"Question Card"},{"floor":54.0,"key":"Bag of Marbles"},{"floor":54.0,"key":"Ornamental Fan"}],"event_choices":[{"cards_removed":["Strike_R"],"damage_healed":0.0,"max_hp_gain":0.0,"max_hp_loss":0.0,"gold_gain":0.0,"event_name":"The Cleric","player_choice":"Card Removal","floor":2.0,"gold_loss":50.0,"damage_taken":0.0},{"damage_healed":0.0,"max_hp_gain":0.0,"max_hp_loss":0.0,"gold_gain":0.0,"event_name":"Match and Keep!","player_choice":"0 cards matched","floor":3.0,"gold_loss":0.0,"damage_taken":0.0,"cards_obtained":[]},{"damage_healed":0.0,"max_hp_gain":0.0,"max_hp_loss":0.0,"gold_gain":0.0,"event_name":"Liars Game","player_choice":"Ignored","floor":10.0,"gold_loss":0.0,"damage_taken":0.0},{"damage_healed":0.0,"max_hp_gain":0.0,"max_hp_loss":0.0,"gold_gain":0.0,"event_name":"WeMeetAgain","player_choice":"Gave Potion","floor":11.0,"gold_loss":0.0,"damage_taken":0.0,"relics_obtained":["Old Coin"]},{"damage_healed":0.0,"max_hp_gain":0.0,"max_hp_loss":0.0,"gold_gain":0.0,"event_name":"Masked Bandits","player_choice":"Fought Bandits","floor":19.0,"gold_loss":0.0,"damage_taken":0.0},{"cards_removed":["Strike_R"],"damage_healed":0.0,"max_hp_gain":0.0,"max_hp_loss":0.0,"gold_gain":0.0,"event_name":"Designer","player_choice":"Upgrade and Remove","floor":21.0,"gold_loss":90.0,"damage_taken":0.0,"cards_upgraded":["Strike_R"]},{"cards_removed":["Offering"],"damage_healed":0.0,"max_hp_gain":0.0,"max_hp_loss":0.0,"gold_gain":0.0,"event_name":"Falling","player_choice":"Removed Skill","floor":36.0,"gold_loss":0.0,"damage_taken":0.0},{"damage_healed":0.0,"max_hp_gain":0.0,"max_hp_loss":0.0,"gold_gain":222.0,"event_name":"Tomb of Lord Red Mask","player_choice":"Wore Mask","floor":37.0,"gold_loss":0.0,"damage_taken":0.0},{"damage_healed":0.0,"max_hp_gain":0.0,"max_hp_loss":0.0,"gold_gain":0.0,"event_name":"MindBloom","player_choice":"Fight","floor":42.0,"gold_loss":0.0,"damage_taken":0.0}],"is_beta":false,"boss_relics":[{"not_picked":["Cursed Key","Orrery"],"picked":"Lizard Tail"},{"not_picked":["Black Blood","Coffee Dripper"],"picked":"Black Star"}],"items_purged_floors":[12,28,39,47,53],"is_endless":false,"potions_floor_spawned":[1,7,13,19,22,25,30,31,42,46],"ascension_level":0}