{"gold_per_floor":[117,71,71,86,97,128,203,203,203,261,261,273,305,61,61,162,162,175,175,194,209,227,227,257,267,291,322,352,365,378,153,153,250,250,270,287,287,305,351,351,383,19,319,337,337,1,12,26,26,26],"floor_reached":51,"playtime":3244,"items_purged":["Strike_B"],"score":854,"play_id":"648cac79-2e71-4d1f-8776-26f009bb2276","local_time":"20190612093933","is_ascension_mode":false,"campfire_choices":[{"data":"Zap","floor":8,"key":"SMITH"},{"floor":11,"key":"REST"},{"data":"Streamline","floor":15,"key":"SMITH"},{"data":"Streamline","floor":23,"key":"SMITH"},{"floor":32,"key":"REST"},{"floor":40,"key":"REST"},{"data":"Streamline","floor":45,"key":"SMITH"},{"floor":49,"key":"REST"}],"neow_cost":"NONE","seed_source_timestamp":2382019202836030,"circlet_count":0,"master_deck":["Strike_B","Strike_B","Defend_B","Defend_B","Defend_B","Defend_B","Zap+1","Dualcast","Streamline+1","Streamline+1","Beam Cell","FTL","Conserve Battery","Cold Snap","Conserve Battery","BootSequence","Electrodynamics","Coolheaded","Conserve Battery","Glacier","Streamline+1","Streamline+1","Streamline+1","Go for the Eyes","Skim+1","Ball Lightning","Echo Form","Decay","Barrage+1","Ball Lightning+1","Coolheaded+1","Skim","Loop+1","FTL+1","Scrape+1","Melter"],"relics":["Cracked Core","Bottled Lightning","Ice Cream","Happy Flower","Ancient Tea Set","Cables","Gremlin Horn","Dream Catcher","Centennial Puzzle","Tiny Chest","DataDisk","Busted Crown","Du-Vu Doll","Frozen Egg 2","Mango","Old Coin","Shuriken"],"potions_floor_usage":[13,20,27,27,38,50,50],"damage_taken":[{"damage":1,"enemies":"Cultist","floor":1,"turns":3},{"damage":0,"enemies":"2 Louse","floor":4,"turns":2},{"damage":0,"enemies":"Small Slimes","floor":5,"turns":2},{"damage":16,"enemies":"Gremlin Nob","floor":6,"turns":4},{"damage":12,"enemies":"3 Sentries","floor":10,"turns":6},{"damage":3,"enemies":"Looter","floor":12,"turns":2},{"damage":2,"enemies":"Lagavulin","floor":13,"turns":3},{"damage":0,"enemies":"Slime Boss","floor":16,"turns":5},{"damage":8,"enemies":"Shell Parasite","floor":18,"turns":5},{"damage":0,"enemies":"3 Byrds","floor":20,"turns":2},{"damage":8,"enemies":"Snake Plant","floor":21,"turns":4},{"damage":2,"enemies":"Snecko","floor":22,"turns":5},{"damage":22,"enemies":"Slavers","floor":24,"turns":3},{"damage":0,"enemies":"Chosen and Byrds","floor":25,"turns":3},{"damage":18,"enemies":"Gremlin Leader","floor":27,"turns":7},{"damage":0,"enemies":"Cultist and Chosen","floor":29,"turns":4},{"damage":12,"enemies":"Snake Plant","floor":30,"turns":3},{"damage":1,"enemies":"Collector","floor":33,"turns":10},{"damage":0,"enemies":"Orb Walker","floor":35,"turns":3},{"damage":0,"enemies":"3 Shapes","floor":36,"turns":3},{"damage":17,"enemies":"Jaw Worm Horde","floor":38,"turns":3},{"damage":29,"enemies":"2 Orb Walkers","floor":39,"turns":4},{"damage":20,"enemies":"Nemesis","floor":41,"turns":9},{"damage":9,"enemies":"Maw","floor":44,"turns":6},{"damage":1,"enemies":"3 Darklings","floor":47,"turns":4},{"damage":11,"enemies":"Writhing Mass","floor":48,"turns":5},{"damage":42,"enemies":"Donu and Deca","floor":50,"turns":9}],"seed_played":"-8331358293415264332","potions_obtained":[{"floor":4,"key":"Fire Potion"},{"floor":5,"key":"LiquidBronze"},{"floor":13,"key":"Fruit Juice"},{"floor":18,"key":"GamblersBrew"},{"floor":24,"key":"Explosive Potion"},{"floor":25,"key":"Swift Potion"},{"floor":27,"key":"Dexterity Potion"},{"floor":33,"key":"FocusPotion"},{"floor":41,"key":"Dexterity Potion"}],"is_trial":false,"path_per_floor":["M","$","?","M","M","E","?","R","T","?","R","M","E","$","R","B",null,"M","?","M","M","M","R","E","M","T","E","T","M","M","$","R","B",null,"M","M","?","M","?","R","E","$","T","M","R","$","M","M","R","B",null],"character_chosen":"DEFECT","items_purchased":["Beam Cell","Cables","DataDisk","Mango","Skim","Shuriken","Loop+1"],"campfire_rested":4,"item_purchase_floors":[2,14,31,42,42,46,46],"current_hp_per_floor":[74,74,67,67,67,51,40,40,40,28,50,47,45,45,45,45,75,67,67,67,59,57,57,35,35,35,22,22,22,10,10,34,33,80,80,80,80,63,34,58,38,52,52,43,43,43,42,31,59,17],"gold":26,"neow_bonus":"THREE_CARDS","is_prod":false,"is_daily":false,"chose_seed":false,"campfire_upgraded":4,"win_rate":0,"timestamp":1560350373,"path_taken":["M","?","?","M","M","E","?","R","T","?","R","M","E","$","R","BOSS","M","?","?","M","?","R","E","M","T","E","?","M","M","?","R","BOSS","M","M","?","?","?","R","E","$","T","M","R","$","M","M","R","BOSS"],"build_version":"2019-01-23","purchased_purges":1,"victory":true,"max_hp_per_floor":[75,75,75,75,75,75,75,75,75,75,75,75,75,75,75,75,75,75,75,75,75,75,75,75,75,75,80,80,80,80,80,80,80,80,80,80,80,80,80,80,80,94,94,94,94,94,94,94,94,94],"card_choices":[{"not_picked":["Heatsinks","Hello World"],"picked":"Streamline","floor":0},{"not_picked":["Conserve Battery","Sweeping Beam"],"picked":"Streamline","floor":1},{"not_picked":["Coolheaded","Sunder"],"picked":"FTL","floor":4},{"not_picked":["Reprogram","Streamline"],"picked":"Conserve Battery","floor":5},{"not_picked":["Cold Snap","Leap","Blizzard"],"picked":"SKIP","floor":6},{"not_picked":["Chaos","Go for the Eyes"],"picked":"Cold Snap","floor":10},{"not_picked":["Steam","Biased Cognition"],"picked":"Conserve Battery","floor":12},{"not_picked":["Doom and Gloom","Chaos"],"picked":"BootSequence","floor":13},{"not_picked":["Reboot","Hyperbeam"],"picked":"Electrodynamics","floor":16},{"not_picked":["Aggregate","Sunder"],"picked":"Coolheaded","floor":18},{"not_picked":["Stack+1","Blizzard"],"picked":"Conserve Battery","floor":20},{"not_picked":["Lockon+1","Cold Snap"],"picked":"Glacier","floor":21},{"not_picked":["Barrage","Amplify"],"picked":"Streamline","floor":22},{"not_picked":["Rebound","Stack"],"picked":"Streamline+1","floor":24},{"not_picked":["Double Energy","Cold Snap"],"picked":"Streamline+1","floor":25},{"not_picked":["Cold Snap","Scrape"],"picked":"Go for the Eyes","floor":27},{"not_picked":["Ball Lightning","Fission"],"picked":"Skim+1","floor":29},{"not_picked":["Heatsinks","Hello World","Force Field"],"picked":"SKIP","floor":30},{"not_picked":["Gash+1","Auto Shields+1"],"picked":"Ball Lightning","floor":32},{"not_picked":["Hyperbeam","Machine Learning"],"picked":"Echo Form","floor":33},{"not_picked":["Leap"],"picked":"SKIP","floor":35},{"not_picked":["Fusion"],"picked":"SKIP","floor":36},{"not_picked":[],"picked":"Barrage+1","floor":38},{"not_picked":[],"picked":"Ball Lightning+1","floor":39},{"not_picked":[],"picked":"Coolheaded+1","floor":40},{"not_picked":["Streamline"],"picked":"SKIP","floor":41},{"not_picked":["BootSequence"],"picked":"SKIP","floor":44},{"not_picked":[],"picked":"FTL+1","floor":47},{"not_picked":[],"picked":"Scrape+1","floor":48},{"not_picked":[],"picked":"Melter","floor":49}],"player_experience":1447855,"relics_obtained":[{"floor":6,"key":"Bottled Lightning"},{"floor":9,"key":"Ice Cream"},{"floor":13,"key":"Ancient Tea Set"},{"floor":24,"key":"Gremlin Horn"},{"floor":26,"key":"Dream Catcher"},{"floor":27,"key":"Centennial Puzzle"},{"floor":28,"key":"Tiny Chest"},{"floor":39,"key":"Du-Vu Doll"},{"floor":41,"key":"Frozen Egg 2"},{"floor":43,"key":"Old Coin"}],"event_choices":[{"cards_removed":["Strike_B"],"damage_healed":0,"gold_gain":0,"player_choice":"Card Removal","damage_taken":7,"max_hp_gain":0,"max_hp_loss":0,"event_name":"Golden Wing","floor":3,"gold_loss":0},{"damage_healed":0,"gold_gain":75,"player_choice":"Gather Gold","damage_taken":11,"max_hp_gain":0,"max_hp_loss":0,"event_name":"World of Goop","floor":7,"gold_loss":0},{"damage_healed":0,"gold_gain":30,"player_choice":"Searched \u00273\u0027 times","damage_taken":0,"relics_obtained":["Happy Flower"],"max_hp_gain":0,"max_hp_loss":0,"event_name":"Dead Adventurer","floor":10,"gold_loss":0},{"damage_healed":0,"gold_gain":0,"player_choice":"Bought 0 Potions","damage_taken":0,"max_hp_gain":0,"max_hp_loss":0,"event_name":"The Woman in Blue","floor":19,"gold_loss":0},{"damage_healed":0,"gold_gain":0,"player_choice":"Cursed","damage_taken":0,"max_hp_gain":0,"max_hp_loss":0,"event_name":"Wheel of Change","floor":37,"gold_loss":0,"cards_obtained":["Decay"]},{"damage_healed":0,"gold_gain":0,"player_choice":"Fight","damage_taken":0,"max_hp_gain":0,"max_hp_loss":0,"event_name":"Mysterious Sphere","floor":39,"gold_loss":0}],"is_beta":false,"boss_relics":[{"not_picked":["Fusion Hammer","Runic Pyramid","Philosopher\u0027s Stone"]},{"not_picked":["White Beast Statue","Nuclear Battery"],"picked":"Busted Crown"}],"items_purged_floors":[31],"is_endless":false,"potions_floor_spawned":[4,5,13,18,24,25,27,33,41,44,48],"ascension_level":0}