{"gold_per_floor":[119,137,153,78,88,88,116,140,231,143,143,143,153,187,187,290,290,264,264,283,283,300,300],"floor_reached":23,"playtime":1492,"items_purged":["Defend_R","Strike_R"],"score":203,"play_id":"8fdedb8d-9a94-44ad-b78d-d07f6ce2093f","local_time":"20190529215129","is_ascension_mode":false,"campfire_choices":[{"data":"Bash","floor":6.0,"key":"SMITH"},{"data":"Shrug It Off","floor":12.0,"key":"SMITH"},{"floor":15.0,"key":"REST"}],"neow_cost":"NONE","seed_source_timestamp":183946598664089,"circlet_count":0,"master_deck":["Strike_R","Strike_R","Strike_R","Strike_R","Defend_R","Defend_R","Defend_R","Bash+1","Shrug It Off+1","Disarm"],"special_seed":0,"relics":["Burning Blood","Blood Vial","MawBank","Pantograph","StoneCalendar","Lizard Tail"],"potions_floor_usage":[21,23],"damage_taken":[{"damage":10.0,"enemies":"Small Slimes","floor":1.0,"turns":4.0},{"damage":5.0,"enemies":"2 Louse","floor":2.0,"turns":3.0},{"damage":0.0,"enemies":"Cultist","floor":3.0,"turns":3.0},{"damage":14.0,"enemies":"Exordium Wildlife","floor":5.0,"turns":5.0},{"damage":44.0,"enemies":"3 Sentries","floor":7.0,"turns":12.0},{"damage":12.0,"enemies":"Looter","floor":8.0,"turns":3.0},{"damage":11.0,"enemies":"Large Slime","floor":13.0,"turns":6.0},{"damage":39.0,"enemies":"Lagavulin","floor":14.0,"turns":8.0},{"damage":48.0,"enemies":"The Guardian","floor":16.0,"turns":15.0},{"damage":35.0,"enemies":"2 Thieves","floor":18.0,"turns":5.0},{"damage":41.0,"enemies":"Spheric Guardian","floor":20.0,"turns":7.0},{"damage":23,"enemies":"Colosseum Slavers","floor":21,"turns":7},{"damage":13,"enemies":"Centurion and Healer","floor":22,"turns":11},{"damage":60,"enemies":"Slavers","floor":23,"turns":4}],"seed_played":"3145570545245992362","potions_obtained":[{"floor":2.0,"key":"Swift Potion"},{"floor":5.0,"key":"Regen Potion"},{"floor":13.0,"key":"Swift Potion"},{"floor":14.0,"key":"Dexterity Potion"},{"floor":18.0,"key":"Regen Potion"}],"is_trial":false,"path_per_floor":["M","M","M","$","M","R","E","M","T","$","?","R","M","E","R","B",null,"M","?","M","?","M","E"],"character_chosen":"IRONCLAD","items_purchased":[],"campfire_rested":1,"item_purchase_floors":[],"current_hp_per_floor":[76,79,80,80,72,72,51,47,47,47,47,47,44,13,37,22,80,51,36,18,48,43,0],"gold":300,"neow_bonus":"RANDOM_COMMON_RELIC","is_prod":false,"is_daily":false,"chose_seed":false,"campfire_upgraded":2,"win_rate":0,"timestamp":1559159489,"path_taken":["M","M","M","$","M","R","E","M","T","$","?","R","M","E","R","BOSS","M","?","M","?","M","E"],"build_version":"2019-01-23","purchased_purges":2,"victory":false,"max_hp_per_floor":[80,80,80,80,80,80,80,80,80,80,80,80,80,80,80,80,80,80,85,85,85,85,85],"card_choices":[{"not_picked":["Wild Strike","Corruption"],"picked":"Shrug It Off","floor":1.0},{"not_picked":["Body Slam","Sever Soul","Cleave"],"picked":"SKIP","floor":2.0},{"not_picked":["Clash","Feel No Pain","Twin Strike"],"picked":"SKIP","floor":3.0},{"not_picked":["Shrug It Off","Intimidate","Thunderclap"],"picked":"SKIP","floor":5.0},{"not_picked":["Entrench","Clothesline","Corruption"],"picked":"SKIP","floor":7.0},{"not_picked":["Havoc","Bloodletting","Sword Boomerang"],"picked":"SKIP","floor":8.0},{"not_picked":["Flame Barrier","Twin Strike"],"picked":"Disarm","floor":13.0},{"not_picked":["Body Slam","Infernal Blade","Heavy Blade"],"picked":"SKIP","floor":14.0},{"not_picked":["Body Slam","Clothesline","Searing Blow+1"],"picked":"SKIP","floor":18.0},{"not_picked":["Clothesline+1","Clash+1","Iron Wave"],"picked":"SKIP","floor":20.0},{"not_picked":["Whirlwind","Blood for Blood+1","Armaments"],"picked":"SKIP","floor":22}],"player_experience":369053,"relics_obtained":[{"floor":7.0,"key":"MawBank"},{"floor":9.0,"key":"Pantograph"},{"floor":14.0,"key":"StoneCalendar"}],"event_choices":[{"damage_healed":0.0,"max_hp_gain":0.0,"max_hp_loss":0.0,"gold_gain":0.0,"event_name":"Liars Game","player_choice":"Ignored","floor":11.0,"gold_loss":0.0,"damage_taken":0.0},{"damage_healed":0.0,"max_hp_gain":5.0,"max_hp_loss":0.0,"gold_gain":0.0,"event_name":"Forgotten Altar","player_choice":"Shed Blood","floor":19.0,"gold_loss":0.0,"damage_taken":20.0},{"damage_healed":0,"gold_gain":0,"player_choice":"Fight","damage_taken":0,"max_hp_gain":0,"max_hp_loss":0,"event_name":"Colosseum","floor":21,"gold_loss":0},{"damage_healed":0,"gold_gain":0,"player_choice":"Fled From Nobs","damage_taken":0,"max_hp_gain":0,"max_hp_loss":0,"event_name":"Colosseum","floor":21,"gold_loss":0}],"is_beta":false,"boss_relics":[{"not_picked":["Ectoplasm","Tiny House"],"picked":"Lizard Tail"}],"items_purged_floors":[4,10],"is_endless":false,"potions_floor_spawned":[2,5,13,14,18],"killed_by":"Slavers","ascension_level":0}