{"gold_per_floor":[112,132,132,142,142,174,174,192,245,260,283,294,307,323,323,419,419,419],"floor_reached":18,"playtime":1433,"items_purged":[],"score":216,"play_id":"41b42e33-7111-457a-994c-997625b868b3","local_time":"20180909214101","is_ascension_mode":true,"campfire_choices":[{"floor":7,"key":"REST"},{"data":"Body Slam","floor":15,"key":"SMITH"}],"neow_cost":"NONE","seed_source_timestamp":1818578289198013,"circlet_count":0,"master_deck":["Strike_R","Strike_R","Strike_R","Strike_R","Strike_R","Defend_R","Defend_R","Defend_R","Defend_R","Bash","Cleave","Iron Wave+1","Body Slam+1","Pommel Strike","Carnage","Perfected Strike","Cleave","Wild Strike","Demon Form","Reaper"],"relics":["Burning Blood","Ornamental Fan","Art of War","Odd Mushroom","Eternal Feather"],"potions_floor_usage":[10,12,12],"damage_taken":[{"damage":6,"enemies":"Cultist","floor":1,"turns":4},{"damage":6,"enemies":"Small Slimes","floor":2,"turns":3},{"damage":0,"enemies":"2 Louse","floor":4,"turns":2},{"damage":49,"enemies":"Lagavulin","floor":6,"turns":9},{"damage":7,"enemies":"Looter","floor":8,"turns":3},{"damage":0,"enemies":"Exordium Wildlife","floor":10,"turns":2},{"damage":15,"enemies":"The Mushroom Lair","floor":11,"turns":3},{"damage":1,"enemies":"3 Louse","floor":12,"turns":2},{"damage":0,"enemies":"Large Slime","floor":13,"turns":3},{"damage":14,"enemies":"Red Slaver","floor":14,"turns":2},{"damage":63,"enemies":"Hexaghost","floor":16,"turns":9},{"damage":0,"enemies":"2 Thieves","floor":18,"turns":1}],"seed_played":"7216007044375728966","potions_obtained":[{"floor":2,"key":"SpeedPotion"},{"floor":6,"key":"SpeedPotion"},{"floor":8,"key":"Block Potion"},{"floor":10,"key":"BloodPotion"}],"is_trial":false,"path_per_floor":["M","M","?","M","?","E","R","M","T","M","?","M","M","M","R","B",null],"character_chosen":"IRONCLAD","items_purchased":[],"campfire_rested":1,"item_purchase_floors":[],"current_hp_per_floor":[72,72,72,78,83,40,65,64,64,70,61,74,80,72,72,15,68,68],"gold":419,"neow_bonus":"THREE_CARDS","is_prod":false,"is_daily":false,"chose_seed":false,"campfire_upgraded":1,"win_rate":0,"timestamp":1536547261,"path_taken":["M","?","?","M","?","E","R","M","T","M","?","M","M","?","R","BOSS","M"],"build_version":"2018-09-06","purchased_purges":0,"victory":false,"max_hp_per_floor":[80,80,80,80,85,85,85,85,85,85,85,85,85,85,85,85,85,85],"card_choices":[{"not_picked":["Second Wind","Feel No Pain"],"picked":"Cleave","floor":0},{"not_picked":["Havoc","Twin Strike"],"picked":"Iron Wave","floor":1},{"not_picked":["Havoc","Anger"],"picked":"Body Slam","floor":2},{"not_picked":["Clash","Headbutt"],"picked":"Pommel Strike","floor":4},{"not_picked":["Evolve","Hemokinesis"],"picked":"Carnage","floor":6},{"not_picked":["Pommel Strike","True Grit"],"picked":"Perfected Strike","floor":8},{"not_picked":["Sword Boomerang","Flex"],"picked":"Cleave","floor":10},{"not_picked":["Flex","Heavy Blade"],"picked":"Wild Strike","floor":11},{"not_picked":["True Grit","Barricade","Anger"],"picked":"SKIP","floor":12},{"not_picked":["Disarm","Combust","Clash"],"picked":"SKIP","floor":13},{"not_picked":["Headbutt","Evolve"],"picked":"Demon Form","floor":14},{"not_picked":["Offering","Juggernaut"],"picked":"Reaper","floor":16}],"player_experience":574530,"relics_obtained":[{"floor":6,"key":"Ornamental Fan"},{"floor":9,"key":"Art of War"},{"floor":11,"key":"Odd Mushroom"}],"event_choices":[{"event_name":"Accursed Blacksmith","player_choice":"Forge","floor":3,"damage_taken":0},{"event_name":"Big Fish","player_choice":"Donut","floor":5,"damage_taken":0},{"event_name":"Mushrooms","player_choice":"Fought Mushrooms","floor":11,"damage_taken":0}],"is_beta":false,"boss_relics":[{"not_picked":["Fusion Hammer","Philosopher\u0027s Stone"],"picked":"Eternal Feather"}],"items_purged_floors":[],"is_endless":false,"potions_floor_spawned":[2,6,8,10],"killed_by":"2 Thieves","ascension_level":6}