{"gold_per_floor":[367,367,382,332,180,214,230,40,63,63,75,94,114,132,132,230,230,218,238,256,273,372,372,384,395,395,408,137,137],"floor_reached":29,"playtime":2199,"items_purged":["Strike_R","Strike_R","Defend_R"],"score":233,"play_id":"8bbfe9c9-bad6-4bbf-8f10-94da01a3ac79","local_time":"20180715233142","is_ascension_mode":false,"campfire_choices":[{"floor":10,"key":"REST"},{"floor":15,"key":"REST"},{"floor":23,"key":"REST"}],"neow_cost":"FIFTY_PERCENT_DAMAGE","seed_source_timestamp":2432330462209118,"circlet_count":0,"master_deck":["Strike_R","Strike_R","Defend_R","Defend_R","Defend_R+1","Bash","Headbutt","Cleave","Flame Barrier","Iron Wave","Flex","Rampage","Flex+1","Shrug It Off","Pommel Strike","Iron Wave","Pommel Strike+1","Ghostly Armor"],"relics":["Burning Blood","Ancient Tea Set","Vajra","Mark of Pain","Anchor","War Paint"],"potions_floor_usage":[16,16,16,20,25],"damage_taken":[{"damage":5,"enemies":"Cultist","floor":1,"turns":4},{"damage":8,"enemies":"Jaw Worm","floor":3,"turns":3},{"damage":26,"enemies":"Gremlin Nob","floor":6,"turns":5},{"damage":1,"enemies":"2 Louse","floor":7,"turns":2},{"damage":10,"enemies":"Looter","floor":11,"turns":3},{"damage":0,"enemies":"Blue Slaver","floor":12,"turns":4},{"damage":2,"enemies":"2 Fungi Beasts","floor":13,"turns":3},{"damage":8,"enemies":"Gremlin Gang","floor":14,"turns":4},{"damage":49,"enemies":"Hexaghost","floor":16,"turns":9},{"damage":13,"enemies":"2 Thieves","floor":18,"turns":4},{"damage":13,"enemies":"3 Byrds","floor":19,"turns":7},{"damage":37,"enemies":"Sentry and Sphere","floor":20,"turns":6},{"damage":22,"enemies":"Snecko","floor":21,"turns":6},{"damage":7,"enemies":"Centurion and Healer","floor":24,"turns":8},{"damage":9,"enemies":"Cultist and Chosen","floor":25,"turns":5},{"damage":25,"enemies":"Sentry and Sphere","floor":27,"turns":6},{"damage":0,"floor":29,"turns":2}],"seed_played":"-2502914421937267713","potions_obtained":[{"floor":7,"key":"Weak Potion"},{"floor":11,"key":"Poison Potion"},{"floor":13,"key":"Poison Potion"},{"floor":16,"key":"Ancient Potion"},{"floor":19,"key":"Swift Potion"},{"floor":20,"key":"FearPotion"},{"floor":21,"key":"LiquidBronze"},{"floor":24,"key":"AttackPotion"}],"is_trial":false,"path_per_floor":["M","?","M","?","$","E","M","$","T","R","M","M","M","M","R","B",null,"M","M","M","M","?","R","M","M","T","M","$"],"character_chosen":"IRONCLAD","items_purchased":["Flame Barrier","Rampage","Flex","War Paint"],"campfire_rested":3,"item_purchase_floors":[5,8,8,28],"current_hp_per_floor":[41,41,39,39,39,19,24,24,24,48,44,50,54,52,76,33,80,73,66,35,19,19,43,42,39,39,20,20,20],"gold":137,"neow_bonus":"TWO_FIFTY_GOLD","is_prod":false,"is_daily":false,"chose_seed":false,"campfire_upgraded":0,"win_rate":0,"timestamp":1531715502,"path_taken":["M","?","M","?","$","E","M","$","T","R","M","?","M","M","R","BOSS","M","M","?","?","?","R","M","M","T","M","$","?"],"build_version":"2018-07-12","purchased_purges":3,"victory":false,"max_hp_per_floor":[80,80,80,80,80,80,80,80,80,80,80,80,80,80,80,80,80,80,80,80,80,80,80,80,80,80,80,80,80],"card_choices":[{"not_picked":["Armaments","Combust"],"picked":"Headbutt","floor":1},{"not_picked":["Perfected Strike","Armaments"],"picked":"Cleave","floor":3},{"not_picked":["Anger","Havoc"],"picked":"Iron Wave","floor":6},{"not_picked":["Clothesline","Ghostly Armor"],"picked":"Flex","floor":7},{"not_picked":["Double Tap","Armaments"],"picked":"Shrug It Off","floor":11},{"not_picked":["Dropkick","Clothesline","Armaments"],"picked":"SKIP","floor":12},{"not_picked":["Twin Strike","Burning Pact","Wild Strike"],"picked":"SKIP","floor":13},{"not_picked":["Sever Soul","Perfected Strike"],"picked":"Pommel Strike","floor":14},{"not_picked":["Twin Strike","Heavy Blade"],"picked":"Iron Wave","floor":18},{"not_picked":["Wild Strike","Clothesline","Perfected Strike"],"picked":"SKIP","floor":19},{"not_picked":["Reckless Charge","Cleave","Clash"],"picked":"SKIP","floor":20},{"not_picked":["Iron Wave","Headbutt"],"picked":"Pommel Strike+1","floor":21},{"not_picked":["Corruption+1","Sever Soul","Burning Pact+1"],"picked":"SKIP","floor":24},{"not_picked":["Heavy Blade","Uppercut"],"picked":"Ghostly Armor","floor":25},{"not_picked":["Heavy Blade","Barricade","Perfected Strike"],"picked":"SKIP","floor":27}],"player_experience":176497,"relics_obtained":[{"floor":6,"key":"Ancient Tea Set"},{"floor":9,"key":"Vajra"},{"floor":26,"key":"Anchor"}],"event_choices":[{"event_name":"Shining Light","player_choice":"Ignored","floor":2,"damage_taken":0},{"event_name":"The Cleric","player_choice":"Card Removal","floor":4,"damage_taken":0},{"event_name":"Nest","player_choice":"Stole From Cult","floor":22,"damage_taken":0},{"event_name":"Masked Bandits","player_choice":"Fought over 137 gold","floor":29,"damage_taken":0}],"boss_relics":[{"not_picked":["Lizard Tail","Velvet Choker"],"picked":"Mark of Pain"}],"items_purged_floors":[5,8,28],"is_endless":false,"potions_floor_spawned":[7,11,13,16,19,20,21,24],"ascension_level":0}