{"gold_per_floor":[109,109,126,126,3,3,33,33,33,43,75,91,105,116,116,214,214,229,154,171,97,109,134,134,134,179,179,195,214,224,235,235,331,331,348,348,63,73,88,88,38,38,38,66,66,111,122,133,133,133],"floor_reached":51,"playtime":7032,"items_purged":["Strike_B"],"score":1078,"play_id":"c63c0d05-3b26-4076-86b0-fd259dd22f8f","local_time":"20180719124057","is_ascension_mode":true,"campfire_choices":[{"data":"Zap","floor":6,"key":"SMITH"},{"data":"Coolheaded","floor":8,"key":"SMITH"},{"data":"Chaos","floor":15,"key":"SMITH"},{"floor":24,"key":"REST"},{"floor":27,"key":"REST"},{"data":"Defragment","floor":32,"key":"SMITH"},{"data":"BootSequence","floor":40,"key":"SMITH"},{"data":"Reboot","floor":42,"key":"SMITH"},{"floor":49,"key":"REST"}],"neow_cost":"NONE","seed_source_timestamp":87885703947408,"circlet_count":0,"master_deck":["Strike_B+1","Strike_B","Defend_B","Defend_B","Defend_B","Zap+1","Dualcast","BootSequence+1","Melter","Cold Snap+1","Coolheaded+1","Conserve Battery","Echo Form","Chaos+1","Fission","Chill+1","Defragment+1","Steam+1","Undo","Reboot+1","Meteor Strike"],"relics":["Cracked Core","Blood Vial","Whetstone","Meat on the Bone","Kunai","Eternal Feather","Juzu Bracelet","Strawberry","Runic Pyramid","Ice Cream","Lantern","Omamori","Unceasing Top","Gambling Chip"],"potions_floor_usage":[11,12,16,22,25,30,31,31,39,44,46,46,47],"damage_taken":[{"damage":2,"enemies":"Small Slimes","floor":1,"turns":3},{"damage":2,"enemies":"Jaw Worm","floor":3,"turns":3},{"damage":14,"enemies":"Lagavulin","floor":7,"turns":7},{"damage":0,"enemies":"Cultist","floor":10,"turns":3},{"damage":8,"enemies":"Gremlin Nob","floor":11,"turns":4},{"damage":0,"enemies":"Looter","floor":12,"turns":3},{"damage":0,"enemies":"Exordium Wildlife","floor":13,"turns":4},{"damage":2,"enemies":"Blue Slaver","floor":14,"turns":4},{"damage":8,"enemies":"The Guardian","floor":16,"turns":9},{"damage":0,"enemies":"Spheric Guardian","floor":18,"turns":1},{"damage":7,"enemies":"3 Byrds","floor":20,"turns":5},{"damage":10,"enemies":"Centurion and Healer","floor":22,"turns":5},{"damage":45,"enemies":"Book of Stabbing","floor":23,"turns":8},{"damage":51,"enemies":"Slavers","floor":25,"turns":6},{"damage":9,"enemies":"3 Cultists","floor":28,"turns":8},{"damage":9,"enemies":"Snake Plant","floor":29,"turns":4},{"damage":6,"enemies":"Snecko","floor":30,"turns":7},{"damage":9,"enemies":"Sentry and Sphere","floor":31,"turns":4},{"damage":62,"enemies":"Collector","floor":33,"turns":17},{"damage":1,"enemies":"3 Darklings","floor":35,"turns":7},{"damage":0,"enemies":"3 Shapes","floor":38,"turns":7},{"damage":16,"enemies":"Sphere and 2 Shapes","floor":39,"turns":5},{"damage":11,"enemies":"Nemesis","floor":44,"turns":9},{"damage":0,"floor":45,"turns":8},{"damage":35,"floor":46,"turns":7},{"damage":52,"enemies":"Transient","floor":47,"turns":5},{"damage":1,"enemies":"Spire Growth","floor":48,"turns":6},{"damage":6,"enemies":"Donu and Deca","floor":50,"turns":15}],"seed_played":"4964876078532141668","potions_obtained":[{"floor":1,"key":"SmokeBomb"},{"floor":3,"key":"Explosive Potion"},{"floor":11,"key":"Regen Potion"},{"floor":14,"key":"SkillPotion"},{"floor":16,"key":"SkillPotion"},{"floor":28,"key":"Regen Potion"},{"floor":29,"key":"Regen Potion"},{"floor":30,"key":"GamblersBrew"},{"floor":33,"key":"Weak Potion"},{"floor":35,"key":"Dexterity Potion"},{"floor":39,"key":"Block Potion"},{"floor":44,"key":"PowerPotion"},{"floor":48,"key":"FocusPotion"}],"is_trial":false,"path_per_floor":["M","?","M","?","$","R","E","R","T","M","E","M","M","M","R","B",null,"M","?","M","$","M","E","R","E","T","R","M","M","M","M","R","B",null,"M","?","$","M","M","R","$","R","T","E","?","?","M","M","R","B"],"character_chosen":"DEFECT","items_purchased":["Cold Snap","Defragment","Ice Cream","Explosive Potion"],"campfire_rested":3,"item_purchase_floors":[5,21,37,41],"current_hp_per_floor":[73,55,55,75,75,75,61,61,61,63,57,68,70,70,70,64,75,75,75,68,68,60,29,57,20,27,57,50,43,54,59,65,17,82,81,81,81,82,66,74,74,82,82,71,73,52,14,27,59,55],"gold":133,"neow_bonus":"REMOVE_CARD","is_prod":false,"is_daily":false,"chose_seed":false,"campfire_upgraded":6,"win_rate":0,"timestamp":1532029257,"path_taken":["M","?","M","?","?","R","E","R","T","?","E","M","M","M","R","BOSS","M","?","M","$","M","E","R","E","T","R","M","M","M","M","R","BOSS","M","?","$","M","M","R","$","R","T","E","?","?","M","M","R","BOSS"],"build_version":"2018-07-12","purchased_purges":1,"victory":true,"max_hp_per_floor":[75,75,75,75,75,75,75,75,75,75,75,75,75,75,75,75,75,75,75,75,75,75,75,75,75,82,82,82,82,82,82,82,82,82,82,82,82,82,82,82,82,82,82,82,82,82,82,82,82,82],"card_choices":[{"not_picked":["Go for the Eyes","Compile Driver"],"picked":"BootSequence","floor":1},{"not_picked":["Gash","Turbo"],"picked":"Melter","floor":3},{"not_picked":["Sweeping Beam","Static Discharge"],"picked":"Coolheaded","floor":7},{"not_picked":["Heatsinks","Lockon"],"picked":"Conserve Battery","floor":10},{"not_picked":["Streamline","Beam Cell"],"picked":"Echo Form","floor":11},{"not_picked":["Reprogram","Beam Cell"],"picked":"Chaos","floor":12},{"not_picked":["Blizzard","Coolheaded","Melter"],"picked":"SKIP","floor":13},{"not_picked":["Static Discharge","Cold Snap","White Noise"],"picked":"SKIP","floor":14},{"not_picked":["Echo Form","Creative AI"],"picked":"Fission","floor":16},{"not_picked":["Go for the Eyes+1","Tempest"],"picked":"Chill+1","floor":18},{"not_picked":["Reinforced Body","Rebound","Coolheaded+1"],"picked":"SKIP","floor":20},{"not_picked":["Blizzard+1","Conserve Battery","Auto Shields+1"],"picked":"SKIP","floor":22},{"not_picked":["Compile Driver+1","Amplify","Stack"],"picked":"SKIP","floor":23},{"not_picked":["Chill","Hologram+1","Coolheaded"],"picked":"SKIP","floor":28},{"not_picked":["Reprogram","Leap"],"picked":"Steam+1","floor":29},{"not_picked":["Steam","Gash+1","FTL"],"picked":"SKIP","floor":30},{"not_picked":["Steam","Go for the Eyes+1"],"picked":"Undo","floor":31},{"not_picked":["Biased Cognition","Fission"],"picked":"Reboot","floor":33},{"not_picked":["Coolheaded","Rebound+1","Blizzard+1"],"picked":"SKIP","floor":35},{"not_picked":["Go for the Eyes","Cold Snap+1","Steam"],"picked":"SKIP","floor":38},{"not_picked":["White Noise","Hello World+1"],"picked":"Meteor Strike","floor":39},{"not_picked":["Skim","Barrage","Auto Shields"],"picked":"SKIP","floor":44},{"not_picked":["Barrage+1","Conserve Battery","Go for the Eyes"],"picked":"SKIP","floor":47},{"not_picked":["Reprogram+1","Streamline","Stack"],"picked":"SKIP","floor":48}],"player_experience":107622,"relics_obtained":[{"floor":7,"key":"Whetstone"},{"floor":9,"key":"Meat on the Bone"},{"floor":11,"key":"Kunai"},{"floor":23,"key":"Juzu Bracelet"},{"floor":26,"key":"Strawberry"},{"floor":43,"key":"Lantern"},{"floor":44,"key":"Omamori"},{"floor":45,"key":"Unceasing Top"},{"floor":46,"key":"Gambling Chip"}],"event_choices":[{"event_name":"Scrap Ooze","player_choice":"success","floor":2,"damage_taken":18},{"event_name":"Big Fish","player_choice":"Banana","floor":4,"damage_taken":0},{"event_name":"Beggar","player_choice":"Gave Gold","floor":19,"damage_taken":0},{"event_name":"Tomb of Lord Red Mask","player_choice":"Ignored","floor":36,"damage_taken":0},{"event_name":"MindBloom","player_choice":"Fight","floor":45,"damage_taken":0},{"event_name":"Mysterious Sphere","player_choice":"Fight","floor":46,"damage_taken":0}],"boss_relics":[{"not_picked":["Runic Dome","Coffee Dripper"],"picked":"Eternal Feather"},{"not_picked":["Calling Bell","Philosopher\u0027s Stone"],"picked":"Runic Pyramid"}],"items_purged_floors":[5],"is_endless":false,"potions_floor_spawned":[1,3,11,14,16,25,28,29,30,33,35,39,44,48],"ascension_level":1}