{"gold_per_floor":[113,113,288,304,314,314,346,346,346,346,366,366,380,380,380,504,504,520,545,570,475,475,475],"floor_reached":23,"playtime":1035,"items_purged":[],"score":189,"play_id":"d1100303-43ac-425e-8a3e-71138e286b20","local_time":"20190609140441","is_ascension_mode":false,"campfire_choices":[{"data":"Defragment","floor":6,"key":"SMITH"},{"data":"Defragment","floor":8,"key":"SMITH"},{"data":"Dualcast","floor":10,"key":"SMITH"},{"data":"Zap","floor":15,"key":"SMITH"}],"neow_cost":"TEN_PERCENT_HP_LOSS","seed_source_timestamp":2044104061731390,"circlet_count":0,"master_deck":["Strike_B","Strike_B","Strike_B","Strike_B","Defend_B","Defend_B","Defend_B","Defend_B","Dualcast+1","Electrodynamics","Ball Lightning","Doubt","Defragment+1","Defragment+1","Streamline","Defragment","Injury","Hologram","Zap+1","Echo Form","Ball Lightning","Rebound+1","Self Repair","Hologram"],"relics":["Cracked Core","Ice Cream","Incense Burner","Golden Idol","Nuclear Battery","Ancient Tea Set","Art of War"],"potions_floor_usage":[11,13,16],"damage_taken":[{"damage":6,"enemies":"Jaw Worm","floor":1,"turns":3},{"damage":2,"enemies":"2 Louse","floor":4,"turns":2},{"damage":0,"enemies":"Small Slimes","floor":5,"turns":2},{"damage":11,"enemies":"Gremlin Nob","floor":7,"turns":4},{"damage":0,"enemies":"Exordium Thugs","floor":11,"turns":3},{"damage":11,"enemies":"Exordium Wildlife","floor":13,"turns":3},{"damage":22,"enemies":"Hexaghost","floor":16,"turns":6},{"damage":30,"enemies":"2 Thieves","floor":18,"turns":3},{"damage":14,"enemies":"Shell Parasite","floor":20,"turns":5},{"damage":38,"enemies":"Book of Stabbing","floor":23,"turns":3}],"seed_played":"5421046711087437554","potions_obtained":[{"floor":4,"key":"SpeedPotion"},{"floor":7,"key":"FocusPotion"},{"floor":11,"key":"Energy Potion"},{"floor":20,"key":"SteroidPotion"}],"is_trial":false,"path_per_floor":["M","?","?","M","M","R","E","R","T","R","M","?","M","?","R","B",null,"M","T","M","$","?","E"],"character_chosen":"DEFECT","items_purchased":["Self Repair","Hologram"],"campfire_rested":0,"item_purchase_floors":[21,21],"current_hp_per_floor":[62,55,55,53,53,53,42,42,42,42,42,42,31,31,31,9,68,38,38,24,24,24,0],"gold":475,"neow_bonus":"THREE_RARE_CARDS","is_prod":false,"is_daily":false,"chose_seed":false,"campfire_upgraded":4,"win_rate":0,"timestamp":1560107081,"path_taken":["M","?","?","M","M","R","E","R","T","R","M","?","?","?","R","BOSS","M","?","M","$","?","E"],"build_version":"2019-01-23","purchased_purges":0,"victory":false,"max_hp_per_floor":[68,68,68,68,68,68,68,68,68,68,68,68,68,68,68,68,68,68,68,68,68,68,68],"card_choices":[{"not_picked":["Biased Cognition","Multi-Cast"],"picked":"Electrodynamics","floor":0},{"not_picked":["Beam Cell","Hologram"],"picked":"Ball Lightning","floor":1},{"not_picked":["Tempest","Melter"],"picked":"Defragment","floor":4},{"not_picked":["Conserve Battery","Storm"],"picked":"Defragment","floor":5},{"not_picked":["Gash","Compile Driver"],"picked":"Streamline","floor":7},{"not_picked":["Streamline","Undo"],"picked":"Defragment","floor":11},{"not_picked":["Stack","Undo"],"picked":"Hologram","floor":13},{"not_picked":["Meteor Strike","Core Surge"],"picked":"Echo Form","floor":16},{"not_picked":["Blizzard","Double Energy"],"picked":"Ball Lightning","floor":18},{"not_picked":["Redo+1","Compile Driver"],"picked":"Rebound+1","floor":20}],"player_experience":1434964,"relics_obtained":[{"floor":7,"key":"Ice Cream"},{"floor":9,"key":"Incense Burner"},{"floor":19,"key":"Ancient Tea Set"}],"event_choices":[{"cards_removed":["Zap"],"damage_healed":0,"gold_gain":0,"player_choice":"Card Removal","damage_taken":7,"max_hp_gain":0,"max_hp_loss":0,"event_name":"Golden Wing","floor":2,"gold_loss":0},{"damage_healed":0,"gold_gain":175,"player_choice":"AGREE","damage_taken":0,"max_hp_gain":0,"max_hp_loss":0,"event_name":"Liars Game","floor":3,"gold_loss":0,"cards_obtained":["Doubt"]},{"damage_healed":0,"gold_gain":0,"player_choice":"Take Wound","damage_taken":0,"relics_obtained":["Golden Idol"],"max_hp_gain":0,"max_hp_loss":0,"event_name":"Golden Idol","floor":12,"gold_loss":0,"cards_obtained":["Injury"]},{"damage_healed":0,"gold_gain":0,"player_choice":"1 cards matched","damage_taken":0,"max_hp_gain":0,"max_hp_loss":0,"event_name":"Match and Keep!","floor":14,"gold_loss":0,"cards_obtained":["Zap"]},{"damage_healed":0,"gold_gain":0,"player_choice":"Opened","damage_taken":0,"relics_obtained":["Art of War"],"max_hp_gain":0,"max_hp_loss":0,"event_name":"The Mausoleum","floor":22,"gold_loss":0}],"is_beta":false,"boss_relics":[{"not_picked":["Lizard Tail","Philosopher\u0027s Stone"],"picked":"Nuclear Battery"}],"items_purged_floors":[],"is_endless":false,"potions_floor_spawned":[4,7,11,20],"killed_by":"Book of Stabbing","ascension_level":0}