{"gold_per_floor":[361,47,47,58,58,58,94,113,113,113,151,151,151,165,165,165],"floor_reached":16,"playtime":808,"items_purged":[],"score":146,"play_id":"1d4fbfc3-b193-477c-a89c-79a6c7cb2e73","local_time":"20190702103205","is_ascension_mode":true,"campfire_choices":[{"data":"Bash","floor":6.0,"key":"SMITH"},{"data":"Flame Barrier","floor":13.0,"key":"SMITH"},{"data":"Shockwave","floor":15.0,"key":"SMITH"}],"neow_cost":"TEN_PERCENT_HP_LOSS","seed_source_timestamp":9409281735019,"circlet_count":0,"master_deck":["Strike_R+1","Strike_R","Strike_R","Strike_R","Strike_R","Defend_R+1","Defend_R","Defend_R","Defend_R","Bash+1","Flame Barrier+1","Flex","Whirlwind+1","Shockwave+1"],"special_seed":0,"relics":["Burning Blood","Anchor","Pen Nib","Golden Idol","Letter Opener","Du-Vu Doll","Darkstone Periapt"],"potions_floor_usage":[16],"damage_taken":[{"damage":0.0,"enemies":"Small Slimes","floor":1.0,"turns":3.0},{"damage":0.0,"enemies":"Jaw Worm","floor":4.0,"turns":3.0},{"damage":26.0,"enemies":"3 Sentries","floor":7.0,"turns":9.0},{"damage":0.0,"enemies":"Cultist","floor":8.0,"turns":3.0},{"damage":10.0,"enemies":"Gremlin Nob","floor":11.0,"turns":3.0},{"damage":0.0,"enemies":"Looter","floor":14.0,"turns":3.0},{"damage":41,"enemies":"Hexaghost","floor":16,"turns":9}],"seed_played":"-6748670840618007638","potions_obtained":[{"floor":1.0,"key":"Dexterity Potion"},{"floor":8.0,"key":"Fruit Juice"}],"is_trial":false,"path_per_floor":["M","$","?","M","?","R","E","M","T","?","E","?","R","M","R","B"],"character_chosen":"IRONCLAD","items_purchased":["Anchor","Pen Nib"],"campfire_rested":0,"item_purchase_floors":[2,2],"current_hp_per_floor":[72,72,58,64,46,46,26,32,32,32,28,28,28,34,34,0],"gold":165,"neow_bonus":"TWO_FIFTY_GOLD","is_prod":false,"is_daily":false,"chose_seed":false,"campfire_upgraded":3,"win_rate":0,"timestamp":1562056325,"path_taken":["M","$","?","M","?","R","E","M","T","?","E","?","R","M","R","BOSS"],"build_version":"2019-07-01","purchased_purges":0,"victory":false,"max_hp_per_floor":[72,72,72,72,72,72,72,72,72,72,72,72,72,72,72,77],"card_choices":[{"not_picked":["Power Through","Pommel Strike","Headbutt"],"picked":"SKIP","floor":1.0},{"not_picked":["Infernal Blade","Metallicize"],"picked":"Flame Barrier","floor":4.0},{"not_picked":["Wild Strike","Twin Strike"],"picked":"Flex","floor":7.0},{"not_picked":["Fire Breathing","Body Slam"],"picked":"Whirlwind","floor":8.0},{"not_picked":["Power Through","Uppercut","Twin Strike"],"picked":"SKIP","floor":11.0},{"not_picked":["Armaments","Rage"],"picked":"Shockwave","floor":14.0}],"player_experience":392109,"relics_obtained":[{"floor":7.0,"key":"Letter Opener"},{"floor":9.0,"key":"Du-Vu Doll"},{"floor":11.0,"key":"Darkstone Periapt"}],"event_choices":[{"damage_healed":0.0,"max_hp_gain":0.0,"max_hp_loss":0.0,"gold_gain":0.0,"event_name":"Shining Light","player_choice":"Entered Light","floor":3.0,"gold_loss":0.0,"damage_taken":14.0,"cards_upgraded":["Strike_R","Defend_R"]},{"damage_healed":0.0,"max_hp_gain":0.0,"max_hp_loss":0.0,"gold_gain":0.0,"event_name":"Golden Idol","player_choice":"Take Damage","floor":5.0,"gold_loss":0.0,"damage_taken":18.0,"relics_obtained":["Golden Idol"]},{"damage_healed":0.0,"max_hp_gain":0.0,"max_hp_loss":0.0,"gold_gain":0.0,"event_name":"Living Wall","player_choice":"Grow","floor":10.0,"gold_loss":0.0,"damage_taken":0.0,"cards_upgraded":["Whirlwind"]},{"damage_healed":0.0,"max_hp_gain":0.0,"max_hp_loss":0.0,"gold_gain":0.0,"event_name":"Scrap Ooze","player_choice":"Fled","floor":12.0,"gold_loss":0.0,"damage_taken":0.0}],"is_beta":false,"boss_relics":[],"items_purged_floors":[],"is_endless":false,"potions_floor_spawned":[1,8],"killed_by":"Hexaghost","ascension_level":7}