{"gold_per_floor":[111,129,143,293,293,326,326,345,423,181,181,181,181,221,221,314,314,328,328,328,205,221,221,261,261,261,282,307,307],"floor_reached":29,"playtime":2516,"items_purged":["Injury"],"score":438,"play_id":"33d5f0d4-51ba-4ee3-a312-c0a4d0204a2f","local_time":"20190621094318","is_ascension_mode":true,"campfire_choices":[{"floor":7,"key":"REST"},{"floor":13,"key":"REST"},{"floor":15,"key":"REST"},{"data":"Predator","floor":23,"key":"SMITH"}],"neow_cost":"NONE","seed_source_timestamp":349782918824446,"circlet_count":0,"master_deck":["AscendersBane","Defend_G","Defend_G","Defend_G","Defend_G","Defend_G","Strike_G","Strike_G","Strike_G","Strike_G","Strike_G","Survivor","Neutralize+1","Flying Knee","Predator+1","Flying Knee","Calculated Gamble","Quick Slash","Unload","Quick Slash","Unload","Dagger Throw","All Out Attack","Venomology","Pain","Dagger Spray","Acrobatics+1","Cloak And Dagger"],"relics":["Ring of the Snake","Nunchaku","Anchor","Darkstone Periapt","Toy Ornithopter","Golden Idol","Vajra","Eternal Feather","Spirit Poop","Girya"],"potions_floor_usage":[8,14,16,16,18,22,24,27,27],"damage_taken":[{"damage":0,"enemies":"Small Slimes","floor":1,"turns":6},{"damage":1,"enemies":"2 Louse","floor":2,"turns":3},{"damage":0,"enemies":"Cultist","floor":3,"turns":3},{"damage":45,"enemies":"3 Sentries","floor":6,"turns":10},{"damage":0,"enemies":"Blue Slaver","floor":8,"turns":4},{"damage":28,"enemies":"Lagavulin","floor":14,"turns":6},{"damage":51,"enemies":"The Guardian","floor":16,"turns":12},{"damage":0,"enemies":"Spheric Guardian","floor":18,"turns":3},{"damage":2,"enemies":"Chosen","floor":22,"turns":3},{"damage":40,"enemies":"Slavers","floor":24,"turns":4},{"damage":11,"enemies":"Shelled Parasite and Fungi","floor":27,"turns":4},{"damage":36,"enemies":"3 Cultists","floor":28,"turns":5},{"damage":1,"enemies":"Snecko","floor":29,"turns":1}],"seed_played":"5729244759008505356","potions_obtained":[{"floor":6,"key":"PowerPotion"},{"floor":8,"key":"SteroidPotion"},{"floor":14,"key":"Weak Potion"},{"floor":16,"key":"Swift Potion"},{"floor":18,"key":"Strength Potion"},{"floor":24,"key":"AttackPotion"}],"is_trial":false,"path_per_floor":["M","M","M","?","?","E","R","M","T","$","?","?","R","E","R","B",null,"M","?","?","$","M","R","E","?","T","M","M","M"],"character_chosen":"THE_SILENT","items_purchased":["Toy Ornithopter","Strength Potion","Strength Potion"],"campfire_rested":3,"item_purchase_floors":[10,10,21],"current_hp_per_floor":[59,58,58,58,47,2,21,21,21,21,27,27,48,25,46,5,55,60,60,60,60,63,72,37,43,43,42,6,5],"gold":307,"neow_bonus":"UPGRADE_CARD","is_prod":false,"is_daily":false,"chose_seed":false,"campfire_upgraded":1,"win_rate":0,"timestamp":1561128198,"path_taken":["M","M","M","?","?","E","R","M","T","$","?","?","R","E","R","BOSS","M","?","?","$","?","R","E","?","T","M","M","?"],"build_version":"2019-01-23","purchased_purges":1,"victory":false,"max_hp_per_floor":[66,66,66,66,66,66,66,66,66,66,72,72,72,72,72,72,72,72,72,72,72,72,72,72,78,78,78,78,78],"card_choices":[{"not_picked":["Prepared","Bane"],"picked":"Flying Knee","floor":1},{"not_picked":["Poisoned Stab","PiercingWail"],"picked":"Predator","floor":2},{"not_picked":["Poisoned Stab","Accuracy"],"picked":"Flying Knee","floor":3},{"not_picked":["Accuracy","After Image"],"picked":"Calculated Gamble","floor":6},{"not_picked":["Outmaneuver","Poisoned Stab"],"picked":"Quick Slash","floor":8},{"not_picked":["Storm of Steel","Underhanded Strike"],"picked":"Quick Slash","floor":14},{"not_picked":["Malaise","Doppelganger"],"picked":"Unload","floor":16},{"not_picked":["Underhanded Strike","Blade Dance"],"picked":"Dagger Throw","floor":18},{"not_picked":["Bane","Dagger Spray"],"picked":"All Out Attack","floor":22},{"not_picked":["Outmaneuver","Predator"],"picked":"Venomology","floor":24},{"not_picked":["Calculated Gamble","Crippling Poison"],"picked":"Acrobatics+1","floor":27},{"not_picked":["Deadly Poison","Bane"],"picked":"Cloak And Dagger","floor":28}],"player_experience":1484776,"relics_obtained":[{"floor":6,"key":"Anchor"},{"floor":9,"key":"Darkstone Periapt"},{"floor":14,"key":"Vajra"},{"floor":24,"key":"Girya"}],"event_choices":[{"damage_healed":0,"gold_gain":150,"player_choice":"AGREE","damage_taken":0,"max_hp_gain":0,"max_hp_loss":0,"event_name":"Liars Game","floor":4,"gold_loss":0,"cards_obtained":["Doubt"]},{"damage_healed":0,"gold_gain":0,"player_choice":"Success","damage_taken":11,"relics_obtained":["Nunchaku"],"max_hp_gain":0,"max_hp_loss":0,"event_name":"Scrap Ooze","floor":5,"gold_loss":0},{"damage_healed":0,"gold_gain":0,"player_choice":"Take Wound","damage_taken":0,"relics_obtained":["Golden Idol"],"max_hp_gain":0,"max_hp_loss":0,"event_name":"Golden Idol","floor":11,"gold_loss":0,"cards_obtained":["Injury"]},{"damage_healed":0,"gold_gain":0,"player_choice":"1 cards matched","damage_taken":0,"max_hp_gain":0,"max_hp_loss":0,"event_name":"Match and Keep!","floor":12,"gold_loss":0,"cards_obtained":["Unload"]},{"damage_healed":0,"gold_gain":0,"player_choice":"Ignored","damage_taken":0,"max_hp_gain":0,"max_hp_loss":0,"event_name":"Vampires","floor":19,"gold_loss":0},{"cards_removed":["Doubt"],"damage_healed":0,"gold_gain":0,"player_choice":"Offered Curse","damage_taken":0,"relics_obtained":["Spirit Poop"],"max_hp_gain":0,"max_hp_loss":0,"event_name":"Bonfire Elementals","floor":20,"gold_loss":0},{"damage_healed":0,"gold_gain":0,"player_choice":"2 cards matched","damage_taken":0,"max_hp_gain":0,"max_hp_loss":0,"event_name":"Match and Keep!","floor":25,"gold_loss":0,"cards_obtained":["Pain","Dagger Spray"]}],"is_beta":false,"boss_relics":[{"not_picked":["HoveringKite","Pandora\u0027s Box"],"picked":"Eternal Feather"}],"items_purged_floors":[21],"is_endless":false,"potions_floor_spawned":[6,8,14,16,18,24],"killed_by":"Snecko","ascension_level":15}