{"gold_per_floor":[110,123,134,134,145,176,176,211,211,222,222,235,249,260,260,355,355,375,375,103,118,131,158,158,173,173,273,291,9,9,34,34,130,130,147,147,164,14,14,49,103,137,183,213,213,240,262,291,303,315],"floor_reached":50,"playtime":4746,"items_purged":["Defend_G"],"score":697,"play_id":"b11f2292-1824-4be5-875a-3918e8c325b4","local_time":"20180902221441","is_ascension_mode":true,"campfire_choices":[{"floor":7,"key":"REST"},{"floor":15,"key":"REST"},{"floor":24,"key":"REST"},{"data":"Panache","floor":30,"key":"SMITH"},{"data":"Bullet Time","floor":32,"key":"SMITH"},{"floor":45,"key":"DIG"},{"floor":49,"key":"DIG"}],"neow_cost":"TEN_PERCENT_HP_LOSS","seed_source_timestamp":299863405362817,"circlet_count":0,"master_deck":["Defend_G","Defend_G","Survivor","Neutralize","Calculated Gamble","PiercingWail","Dagger Spray","Dash","Dagger Throw","PiercingWail","Poisoned Stab","Doppelganger","Backflip","Backstab","Slice","Bullet Time+1","Prepared","Underhanded Strike","Bite","Bite","Bite","Bite","Bite","Panache+1","Escape Plan+1","Backstab","Crippling Poison","All Out Attack","Dagger Spray+1","Madness","Swift Strike","Backflip+1"],"relics":["Ring of the Snake","Shuriken","Centennial Puzzle","Ninja Scroll","Singing Bowl","Orrery","Bag of Marbles","Pantograph","Bottled Tornado","Bronze Scales","White Beast Statue","Oddly Smooth Stone","Dodecahedron","Bird Faced Urn","Shovel","Omamori","Dream Catcher","MawBank","Pear"],"potions_floor_usage":[3,6,6,13,16,23,40,41,42,42,44,44,47,50,50,50],"damage_taken":[{"damage":2,"enemies":"Jaw Worm","floor":1,"turns":6},{"damage":0,"enemies":"2 Louse","floor":2,"turns":3},{"damage":3,"enemies":"Cultist","floor":3,"turns":6},{"damage":2,"enemies":"Lots of Slimes","floor":5,"turns":5},{"damage":0,"enemies":"Gremlin Nob","floor":6,"turns":3},{"damage":14,"enemies":"3 Sentries","floor":8,"turns":6},{"damage":0,"enemies":"Blue Slaver","floor":10,"turns":2},{"damage":0,"enemies":"Looter","floor":12,"turns":2},{"damage":0,"enemies":"Lots of Slimes","floor":13,"turns":2},{"damage":0,"enemies":"2 Fungi Beasts","floor":14,"turns":2},{"damage":15,"enemies":"The Guardian","floor":16,"turns":10},{"damage":9,"enemies":"Shell Parasite","floor":18,"turns":4},{"damage":3,"enemies":"Chosen","floor":21,"turns":2},{"damage":20,"enemies":"Snake Plant","floor":22,"turns":5},{"damage":18,"enemies":"Slavers","floor":23,"turns":3},{"damage":10,"enemies":"Snecko","floor":25,"turns":3},{"damage":2,"enemies":"Shelled Parasite and Fungi","floor":28,"turns":3},{"damage":2,"enemies":"Gremlin Leader","floor":31,"turns":5},{"damage":1,"enemies":"Collector","floor":33,"turns":5},{"damage":4,"enemies":"3 Darklings","floor":35,"turns":2},{"damage":8,"enemies":"Orb Walker","floor":37,"turns":2},{"damage":7,"enemies":"2 Orb Walkers","floor":40,"turns":3},{"damage":6,"enemies":"Mysterious Sphere","floor":41,"turns":3},{"damage":26,"enemies":"Giant Head","floor":42,"turns":7},{"damage":6,"enemies":"2 Orb Walkers","floor":44,"turns":3},{"damage":0,"enemies":"Reptomancer","floor":46,"turns":2},{"damage":0,"enemies":"3 Darklings","floor":47,"turns":1},{"damage":0,"enemies":"Sphere and 2 Shapes","floor":48,"turns":2},{"damage":106,"enemies":"Time Eater","floor":50,"turns":8}],"seed_played":"-6663758185751601329","potions_obtained":[{"floor":1,"key":"Energy Potion"},{"floor":2,"key":"GhostInAJar"},{"floor":5,"key":"AttackPotion"},{"floor":10,"key":"Regen Potion"},{"floor":14,"key":"GhostInAJar"},{"floor":22,"key":"Strength Potion"},{"floor":28,"key":"Dexterity Potion"},{"floor":35,"key":"Weak Potion"},{"floor":37,"key":"Energy Potion"},{"floor":40,"key":"Energy Potion"},{"floor":41,"key":"SkillPotion"},{"floor":42,"key":"Regen Potion"},{"floor":44,"key":"AttackPotion"},{"floor":46,"key":"LiquidBronze"},{"floor":47,"key":"EssenceOfSteel"},{"floor":48,"key":"Ancient Potion"}],"is_trial":false,"path_per_floor":["M","M","M","?","M","E","R","E","T","M","?","M","M","M","R","B",null,"M","?","$","M","M","E","R","M","T","?","M","$","R","E","R","B",null,"M","?","M","$","?","E","?","E","T","E","R","M","M","M","R"],"character_chosen":"THE_SILENT","items_purchased":["Panache","Bottled Tornado","All Out Attack","Oddly Smooth Stone"],"campfire_rested":3,"item_purchase_floors":[20,29,29,38],"current_hp_per_floor":[61,61,58,46,44,44,62,48,48,48,48,48,53,53,63,48,69,62,49,49,49,39,31,46,42,42,42,46,46,46,53,53,55,55,55,48,48,48,48,45,45,39,39,52,52,56,60,68,78,0],"gold":315,"neow_bonus":"REMOVE_TWO","is_prod":false,"is_daily":false,"chose_seed":false,"campfire_upgraded":2,"win_rate":0,"timestamp":1535951681,"path_taken":["M","M","M","?","?","E","R","E","T","M","?","?","M","M","R","BOSS","M","?","$","M","M","E","R","M","T","?","M","?","R","E","R","BOSS","M","?","M","$","?","E","?","E","T","E","R","M","M","?","R","BOSS"],"build_version":"2018-08-30","purchased_purges":1,"victory":false,"max_hp_per_floor":[63,63,63,63,63,63,63,63,63,63,63,63,63,63,63,63,69,71,49,49,49,49,51,51,53,53,53,53,53,53,53,53,55,55,57,57,59,59,59,59,61,63,63,65,65,67,69,71,81,81],"card_choices":[{"not_picked":["Concentrate","Predator"],"picked":"Calculated Gamble","floor":1},{"not_picked":["Well Laid Plans","Slice"],"picked":"PiercingWail","floor":2},{"not_picked":["Backflip","Reflex"],"picked":"Dagger Spray","floor":3},{"not_picked":["Sucker Punch","Blur"],"picked":"Dash","floor":5},{"not_picked":["Cloak And Dagger","Outmaneuver"],"picked":"Dagger Throw","floor":6},{"not_picked":["Bouncing Flask","Night Terror"],"picked":"PiercingWail","floor":8},{"not_picked":["Acrobatics","Quick Slash"],"picked":"Poisoned Stab","floor":10},{"not_picked":["Tactician","Underhanded Strike"],"picked":"Backflip","floor":12},{"not_picked":["Terror","Predator"],"picked":"Backstab","floor":13},{"not_picked":["Blade Dance","Deadly Poison"],"picked":"Slice","floor":14},{"not_picked":["Adrenaline","Corpse Explosion"],"picked":"Bullet Time","floor":16},{"not_picked":["Sucker Punch","Bane","Reflex"],"picked":"Singing Bowl","floor":17},{"not_picked":["Deadly Poison","Blur","Unload"],"picked":"Singing Bowl","floor":17},{"not_picked":["Flechettes","Setup"],"picked":"Prepared","floor":17},{"not_picked":["Slice","Dagger Spray"],"picked":"Underhanded Strike","floor":17},{"not_picked":["Calculated Gamble","Accuracy","Deadly Poison"],"picked":"Singing Bowl","floor":17},{"not_picked":["A Thousand Cuts","Caltrops","Deadly Poison"],"picked":"Singing Bowl","floor":18},{"not_picked":["Finisher","Cloak And Dagger"],"picked":"Escape Plan+1","floor":21},{"not_picked":["Dodge and Roll+1","Bane"],"picked":"Backstab","floor":22},{"not_picked":["Sucker Punch","Malaise","Deflect+1"],"picked":"Singing Bowl","floor":23},{"not_picked":["Bane","Acrobatics","Terror+1"],"picked":"Singing Bowl","floor":25},{"not_picked":["Outmaneuver","Slice"],"picked":"Crippling Poison","floor":28},{"not_picked":["Footwork+1","Caltrops+1"],"picked":"Dagger Spray+1","floor":31},{"not_picked":["Wraith Form v2","Doppelganger","Bullet Time"],"picked":"Singing Bowl","floor":33},{"not_picked":["Blade Dance+1","Deadly Poison","Dagger Throw"],"picked":"Singing Bowl","floor":35},{"not_picked":["Deadly Poison+1","Outmaneuver","Bane+1"],"picked":"Singing Bowl","floor":37},{"not_picked":["Leg Sweep","Acrobatics"],"picked":"Backflip+1","floor":40},{"not_picked":["Endless Agony+1","Backflip","PiercingWail+1"],"picked":"Singing Bowl","floor":41},{"not_picked":["Sucker Punch","Prepared","Well Laid Plans+1"],"picked":"Singing Bowl","floor":42},{"not_picked":["Deadly Poison+1","Acrobatics","Venomology"],"picked":"Singing Bowl","floor":44},{"not_picked":["Backflip+1","Bane","Prepared"],"picked":"Singing Bowl","floor":46},{"not_picked":["Flying Knee","Quick Slash","Masterful Stab"],"picked":"Singing Bowl","floor":47},{"not_picked":["Setup","Terror","Caltrops"],"picked":"Singing Bowl","floor":48}],"player_experience":283258,"relics_obtained":[{"floor":6,"key":"Centennial Puzzle"},{"floor":8,"key":"Ninja Scroll"},{"floor":9,"key":"Singing Bowl"},{"floor":23,"key":"Bag of Marbles"},{"floor":26,"key":"Pantograph"},{"floor":31,"key":"Bronze Scales"},{"floor":40,"key":"Dodecahedron"},{"floor":41,"key":"Bird Faced Urn"},{"floor":42,"key":"Shovel"},{"floor":43,"key":"Omamori"},{"floor":44,"key":"Dream Catcher"},{"floor":45,"key":"MawBank"},{"floor":49,"key":"Pear"}],"event_choices":[{"event_name":"Scrap Ooze","player_choice":"success","floor":4,"damage_taken":12},{"event_name":"Transmorgrifier","player_choice":"Transform","floor":11,"damage_taken":0},{"event_name":"Vampires","player_choice":"Became a vampire","floor":19,"damage_taken":0},{"event_name":"Golden Shrine","player_choice":"Pray","floor":27,"damage_taken":0},{"event_name":"Winding Halls","player_choice":"Embrace Madness","floor":36,"damage_taken":0},{"event_name":"Transmorgrifier","player_choice":"Transform","floor":39,"damage_taken":0},{"event_name":"Mysterious Sphere","player_choice":"Fight","floor":41,"damage_taken":0}],"is_beta":false,"boss_relics":[{"not_picked":["Eternal Feather","Velvet Choker"],"picked":"Orrery"},{"not_picked":["Snecko Eye","Black Star"],"picked":"White Beast Statue"}],"items_purged_floors":[20],"is_endless":false,"potions_floor_spawned":[1,2,5,10,14,22,28,35,37,40,41,42,44,46,47,48],"killed_by":"Time Eater","ascension_level":2}