{"gold_per_floor":[117,135,85,14,89,107,136,136,136,9,23,54,4,19,19,123,123,138,88,107,124,124,124,151,151,151,5,16,16,29,39,39,140,140,150,166,166,166,212,239,239,256,256,272,300,300,300,18,18,18],"floor_reached":50,"playtime":4125,"items_purged":["Strike_B"],"score":580,"play_id":"a2f1d488-120d-4947-bb5e-bec7dead74ba","local_time":"20190701233617","is_ascension_mode":false,"campfire_choices":[{"data":"Genetic Algorithm","floor":8,"key":"SMITH"},{"floor":15,"key":"REST"},{"data":"Recycle","floor":23,"key":"SMITH"},{"data":"Redo","floor":25,"key":"SMITH"},{"floor":32,"key":"RECALL"},{"data":"Thunder Strike","floor":41,"key":"SMITH"},{"data":"Rainbow","floor":46,"key":"SMITH"},{"data":"Zap","floor":47,"key":"SMITH"},{"data":"Zap","floor":49,"key":"SMITH"}],"neow_cost":"NONE","seed_source_timestamp":2099800526792047,"circlet_count":0,"master_deck":["Strike_B+1","Strike_B+1","Defend_B","Defend_B","Defend_B","Defend_B","Zap+1","Dualcast","Forethought","Genetic Algorithm+1","Leap","FTL","Skim","Biased Cognition","Loop","Redo+1","Redo","Electrodynamics","Ball Lightning","Ball Lightning","Rainbow+1","Coolheaded","Lockon","Recycle+1","Electrodynamics","Ball Lightning","Zap+1","Electrodynamics","Conserve Battery","Thunder Strike+1","Ball Lightning+1","Madness","Madness","Forethought","Echo Form","Sweeping Beam+1","Parasite","Double Energy+1","Force Field+1"],"relics":["Cracked Core","Gambling Chip","Torii","Cables","Eternal Feather","PreservedInsect","Whetstone","Anchor","Philosopher\u0027s Stone","WingedGreaves","Mercury Hourglass","Strawberry","HandDrill"],"potions_floor_usage":[12,12,12,31,33,33,39,42,45,50],"damage_taken":[{"damage":1,"enemies":"Jaw Worm","floor":1,"turns":4},{"damage":5,"enemies":"2 Louse","floor":2,"turns":3},{"damage":0,"enemies":"Cultist","floor":6,"turns":3},{"damage":19,"enemies":"Lagavulin","floor":7,"turns":9},{"damage":14,"enemies":"3 Louse","floor":11,"turns":4},{"damage":1,"enemies":"Gremlin Nob","floor":12,"turns":4},{"damage":0,"enemies":"2 Fungi Beasts","floor":14,"turns":2},{"damage":28,"enemies":"The Guardian","floor":16,"turns":7},{"damage":1,"enemies":"Chosen","floor":18,"turns":4},{"damage":1,"enemies":"Spheric Guardian","floor":20,"turns":3},{"damage":15,"enemies":"Shelled Parasite and Fungi","floor":21,"turns":5},{"damage":18,"enemies":"Gremlin Leader","floor":24,"turns":6},{"damage":1,"enemies":"Centurion and Healer","floor":28,"turns":3},{"damage":0,"enemies":"Chosen and Byrds","floor":30,"turns":4},{"damage":19,"enemies":"Shelled Parasite and Fungi","floor":31,"turns":4},{"damage":41,"enemies":"Automaton","floor":33,"turns":8},{"damage":0,"enemies":"3 Shapes","floor":35,"turns":2},{"damage":9,"enemies":"Orb Walker","floor":36,"turns":3},{"damage":12,"enemies":"2 Orb Walkers","floor":39,"turns":3},{"damage":17,"enemies":"Nemesis","floor":40,"turns":5},{"damage":2,"enemies":"Writhing Mass","floor":42,"turns":4},{"damage":0,"enemies":"3 Darklings","floor":44,"turns":2},{"damage":15,"enemies":"Reptomancer","floor":45,"turns":5},{"damage":83,"enemies":"Donu and Deca","floor":50,"turns":6}],"seed_played":"-2120627949092483401","potions_obtained":[{"floor":2,"key":"Ancient Potion"},{"floor":6,"key":"EssenceOfSteel"},{"floor":7,"key":"Dexterity Potion"},{"floor":16,"key":"GamblersBrew"},{"floor":20,"key":"Energy Potion"},{"floor":24,"key":"Poison Potion"},{"floor":30,"key":"EssenceOfSteel"},{"floor":31,"key":"Swift Potion"},{"floor":40,"key":"Weak Potion"},{"floor":42,"key":"AttackPotion"},{"floor":45,"key":"PowerPotion"}],"is_trial":false,"path_per_floor":["M","M","?","$","?","M","E","R","T","$","M","E","$","M","R","B",null,"M","?","M","M","?","R","E","R","T","$","M","?","M","M","R","B",null,"M","M","?","?","?","E","R","M","T","M","E","R","R","$","R","B"],"character_chosen":"DEFECT","items_purchased":["FTL","Loop","Redo","Ball Lightning","Anchor","HandDrill"],"campfire_rested":1,"item_purchase_floors":[4,10,10,13,27,48],"current_hp_per_floor":[74,69,69,69,58,58,39,39,39,39,25,24,24,24,46,18,75,74,74,73,58,58,73,55,70,70,70,69,69,69,50,68,27,75,75,66,57,57,45,28,49,47,47,47,39,63,82,82,82,0],"gold":18,"neow_bonus":"RANDOM_COLORLESS","is_prod":false,"is_daily":false,"chose_seed":false,"campfire_upgraded":7,"win_rate":0,"timestamp":1562045777,"path_taken":["M","M","?","?","?","M","E","R","T","$","M","E","$","?","R","BOSS","M","?","M","?","?","R","E","R","T","$","M","?","?","?","R","BOSS","M","M","?","?","?","E","R","?","T","M","E","R","R","$","R","BOSS"],"build_version":"2019-07-01","purchased_purges":1,"victory":false,"max_hp_per_floor":[75,75,75,75,75,75,75,75,75,75,75,75,75,75,75,75,75,75,75,75,75,75,75,75,75,75,75,75,75,75,75,75,75,75,75,75,75,75,75,75,75,75,75,75,82,82,82,82,82,82],"card_choices":[{"not_picked":["Barrage","Leap"],"picked":"Genetic Algorithm","floor":1},{"not_picked":["Aggregate","Gash"],"picked":"Leap","floor":2},{"not_picked":["Gash","Steam"],"picked":"Skim","floor":6},{"not_picked":["Skim","Conserve Battery"],"picked":"Biased Cognition","floor":7},{"not_picked":["Static Discharge","Coolheaded"],"picked":"Redo","floor":11},{"not_picked":["Stack","Blizzard"],"picked":"Electrodynamics","floor":12},{"not_picked":["Defragment","Loop"],"picked":"Ball Lightning","floor":14},{"not_picked":["Echo Form","Amplify"],"picked":"Rainbow","floor":16},{"not_picked":["Compile Driver","Leap"],"picked":"Coolheaded","floor":18},{"not_picked":["Cold Snap+1","Leap"],"picked":"Lockon","floor":20},{"not_picked":["Beam Cell","Gash"],"picked":"Recycle","floor":21},{"not_picked":["Coolheaded","Cold Snap"],"picked":"Electrodynamics","floor":24},{"not_picked":["Cold Snap","Blizzard"],"picked":"Ball Lightning","floor":28},{"not_picked":["Streamline","Sweeping Beam"],"picked":"Electrodynamics","floor":30},{"not_picked":["Barrage","Aggregate"],"picked":"Conserve Battery","floor":31},{"not_picked":["Seek","Buffer"],"picked":"Thunder Strike","floor":33},{"not_picked":["Barrage+1","Skim"],"picked":"Ball Lightning+1","floor":35},{"not_picked":["Redo","Barrage","Cold Snap"],"picked":"SKIP","floor":36},{"not_picked":["Impatience","Swift Strike"],"picked":"Forethought","floor":38},{"not_picked":["Genetic Algorithm+1","Steam Power"],"picked":"Echo Form","floor":39},{"not_picked":["Go for the Eyes+1","Steam"],"picked":"Sweeping Beam+1","floor":40},{"not_picked":["Darkness+1","Genetic Algorithm+1"],"picked":"Double Energy+1","floor":42},{"not_picked":["Steam+1","Compile Driver","Steam Power+1"],"picked":"SKIP","floor":44},{"not_picked":["Beam Cell+1","Core Surge"],"picked":"Force Field+1","floor":45}],"player_experience":79901,"relics_obtained":[{"floor":7,"key":"Gambling Chip"},{"floor":9,"key":"Torii"},{"floor":12,"key":"Cables"},{"floor":24,"key":"PreservedInsect"},{"floor":26,"key":"Whetstone"},{"floor":39,"key":"WingedGreaves"},{"floor":40,"key":"Mercury Hourglass"},{"floor":45,"key":"Strawberry"}],"event_choices":[{"cards_removed":["Strike_B"],"damage_healed":0,"gold_gain":0,"player_choice":"Card Removal","damage_taken":0,"max_hp_gain":0,"max_hp_loss":0,"event_name":"The Cleric","floor":3,"gold_loss":50},{"damage_healed":0,"gold_gain":75,"player_choice":"Gather Gold","damage_taken":11,"max_hp_gain":0,"max_hp_loss":0,"event_name":"World of Goop","floor":5,"gold_loss":0},{"damage_healed":0,"gold_gain":0,"player_choice":"Bet on Owner","damage_taken":0,"max_hp_gain":0,"max_hp_loss":0,"event_name":"The Joust","floor":19,"gold_loss":50},{"damage_healed":0,"gold_gain":0,"player_choice":"Ignored","damage_taken":0,"max_hp_gain":0,"max_hp_loss":0,"event_name":"Ghosts","floor":22,"gold_loss":0},{"damage_healed":0,"gold_gain":0,"player_choice":"1 cards matched","damage_taken":0,"max_hp_gain":0,"max_hp_loss":0,"event_name":"Match and Keep!","floor":29,"gold_loss":0,"cards_obtained":["Zap"]},{"damage_healed":0,"gold_gain":0,"player_choice":"Embrace Madness","damage_taken":9,"max_hp_gain":0,"max_hp_loss":0,"event_name":"Winding Halls","floor":37,"gold_loss":0,"cards_obtained":["Madness","Madness"]},{"damage_healed":0,"gold_gain":0,"player_choice":"Memory 1","damage_taken":0,"max_hp_gain":0,"max_hp_loss":0,"event_name":"SensoryStone","floor":38,"gold_loss":0},{"damage_healed":0,"gold_gain":0,"player_choice":"Fight","damage_taken":0,"max_hp_gain":0,"max_hp_loss":0,"event_name":"Mysterious Sphere","floor":39,"gold_loss":0}],"is_beta":false,"boss_relics":[{"not_picked":["FrozenCore","Fusion Hammer"],"picked":"Eternal Feather"},{"not_picked":["Orrery","Empty Cage"],"picked":"Philosopher\u0027s Stone"}],"items_purged_floors":[48],"is_endless":false,"potions_floor_spawned":[2,6,7,16,20,24,30,31,40,42,45],"killed_by":"Donu and Deca","ascension_level":0}