{"gold_per_floor":[210,210,229,179,179,179,196,196,196,196,206,131,131,166,166,270,270,281,291,306,8,8,42,42,42,110,128,3,15,27,38,38,38],"floor_reached":33,"playtime":2871,"items_purged":["Strike_G","Defend_G","Strike_G"],"score":269,"play_id":"f592c9b1-07d1-45d3-8318-510c8e08e1ba","local_time":"20180719152248","is_ascension_mode":false,"campfire_choices":[{"data":"Neutralize","floor":6,"key":"SMITH"},{"data":"Quick Slash","floor":8,"key":"SMITH"},{"data":"Dagger Throw","floor":10,"key":"SMITH"},{"floor":13,"key":"REST"},{"data":"Envenom","floor":15,"key":"SMITH"},{"floor":24,"key":"REST"},{"floor":32,"key":"REST"}],"neow_cost":"NONE","seed_source_timestamp":1983204318633215,"circlet_count":0,"master_deck":["Defend_G","Defend_G","Defend_G","Defend_G","Strike_G","Survivor","Neutralize+1","Dagger Throw+1","Quick Slash+1","Blade Dance","Envenom+1","Tactician","Dash","Prepared","Cloak And Dagger","Prepared","Blade Dance","Backstab+1","Cloak And Dagger+1"],"relics":["Ring of the Serpent","Bronze Scales","Matryoshka","Ancient Tea Set","MealTicket","Omamori","Oddly Smooth Stone","Molten Egg 2"],"potions_floor_usage":[14,16,18,19,22],"damage_taken":[{"damage":4,"enemies":"Jaw Worm","floor":1,"turns":8},{"damage":0,"enemies":"2 Louse","floor":3,"turns":3},{"damage":0,"enemies":"Cultist","floor":7,"turns":3},{"damage":0,"enemies":"Large Slime","floor":11,"turns":4},{"damage":10,"enemies":"Gremlin Nob","floor":14,"turns":3},{"damage":25,"enemies":"Slime Boss","floor":16,"turns":9},{"damage":2,"enemies":"Shell Parasite","floor":18,"turns":6},{"damage":8,"enemies":"2 Thieves","floor":19,"turns":5},{"damage":12,"enemies":"Cultist and Chosen","floor":20,"turns":7},{"damage":0,"enemies":"Slaver and Parasite","floor":22,"turns":1},{"damage":42,"enemies":"Slavers","floor":23,"turns":7},{"damage":21,"enemies":"3 Cultists","floor":27,"turns":8},{"damage":2,"enemies":"Snecko","floor":29,"turns":6},{"damage":1,"enemies":"Centurion and Healer","floor":30,"turns":9},{"damage":7,"enemies":"Snake Plant","floor":31,"turns":4},{"damage":25,"enemies":"Automaton","floor":33,"turns":6}],"seed_played":"8029226655983913789","potions_obtained":[{"floor":1,"key":"GamblersBrew"},{"floor":11,"key":"PowerPotion"},{"floor":16,"key":"SkillPotion"},{"floor":18,"key":"Weak Potion"},{"floor":20,"key":"SmokeBomb"},{"floor":27,"key":"Ancient Potion"},{"floor":31,"key":"SpeedPotion"}],"is_trial":false,"path_per_floor":["M","?","M","?","?","R","M","R","T","R","M","$","R","E","R","B",null,"M","M","M","$","M","E","R","?","T","M","$","M","M","M","R"],"character_chosen":"THE_SILENT","items_purchased":["MealTicket"],"campfire_rested":3,"item_purchase_floors":[21],"current_hp_per_floor":[66,54,54,54,47,47,47,47,47,47,47,47,68,58,58,33,70,68,60,48,48,48,6,27,27,27,6,13,11,10,3,24,0],"gold":38,"neow_bonus":"HUNDRED_GOLD","is_prod":false,"is_daily":false,"chose_seed":false,"campfire_upgraded":4,"win_rate":0,"timestamp":1532031768,"path_taken":["M","?","?","?","?","R","M","R","T","R","M","?","R","E","R","BOSS","M","?","M","$","M","E","R","?","T","M","$","M","M","M","R","BOSS"],"build_version":"2018-07-12","purchased_purges":3,"victory":false,"max_hp_per_floor":[70,70,70,70,70,70,70,70,70,70,70,70,70,70,70,70,70,70,70,70,70,70,70,70,70,70,70,70,70,70,70,70,70],"card_choices":[{"not_picked":["Masterful Stab","Outmaneuver"],"picked":"Dagger Throw","floor":1},{"not_picked":["Masterful Stab","Sucker Punch","Distraction"],"picked":"SKIP","floor":3},{"not_picked":["Poisoned Stab","Acrobatics"],"picked":"Quick Slash","floor":7},{"not_picked":["Quick Slash","Acrobatics"],"picked":"Blade Dance","floor":11},{"not_picked":["Acrobatics","Dagger Throw"],"picked":"Envenom","floor":14},{"not_picked":["Unload","Venomology"],"picked":"Tactician","floor":16},{"not_picked":["Deadly Poison","Leg Sweep","Footwork"],"picked":"SKIP","floor":18},{"not_picked":["Quick Slash","Poisoned Stab"],"picked":"Dash","floor":19},{"not_picked":["Flying Knee+1","Masterful Stab"],"picked":"Prepared","floor":20},{"not_picked":["Deflect","Sucker Punch"],"picked":"Cloak And Dagger","floor":23},{"not_picked":["Sucker Punch+1","Acrobatics+1"],"picked":"Prepared","floor":27},{"not_picked":["Bullet Time","Acrobatics"],"picked":"Blade Dance","floor":29},{"not_picked":["Expertise","Prepared"],"picked":"Backstab+1","floor":30},{"not_picked":["Dodge and Roll","Backstab+1"],"picked":"Cloak And Dagger+1","floor":31}],"player_experience":234666,"relics_obtained":[{"floor":9,"key":"Matryoshka"},{"floor":14,"key":"Ancient Tea Set"},{"floor":23,"key":"Omamori"},{"floor":26,"key":"Oddly Smooth Stone"},{"floor":26,"key":"Molten Egg 2"}],"event_choices":[{"event_name":"Scrap Ooze","player_choice":"success","floor":2,"damage_taken":12},{"event_name":"The Cleric","player_choice":"Card Removal","floor":4,"damage_taken":0},{"event_name":"Wheel of Change","player_choice":"Damage","floor":5,"damage_taken":0},{"event_name":"Back to Basics","player_choice":"Elegance","floor":25,"damage_taken":0}],"boss_relics":[{"not_picked":["Cursed Key","Ectoplasm"],"picked":"Ring of the Serpent"}],"items_purged_floors":[12,21,28],"is_endless":false,"potions_floor_spawned":[1,11,16,18,20,27,31],"killed_by":"Automaton","ascension_level":0}