{"gold_per_floor":[145,145,191,191,207,207,238,238,264,276,296,18,29,43,43,148,148,158,158,158,6,6,6,38,38,64,89,89,103,103,132,132,132],"floor_reached":33,"playtime":2157,"items_purged":["Defend_B","Strike_B"],"score":361,"play_id":"6d642d9a-6324-439f-b829-14a9f32a94b7","local_time":"20181110194236","is_ascension_mode":true,"campfire_choices":[{"floor":6,"key":"REST"},{"floor":8,"key":"REST"},{"floor":15,"key":"REST"},{"floor":23,"key":"REST"},{"floor":25,"key":"REST"},{"floor":28,"key":"REST"},{"floor":30,"key":"REST"},{"floor":32,"key":"REST"}],"neow_cost":"NONE","seed_source_timestamp":554050341043685,"circlet_count":0,"master_deck":["Strike_B+1","Strike_B+1","Strike_B","Defend_B","Defend_B","Zap","Dualcast","Steam","Steam","BootSequence","Steam","Thunder Strike","Chill","Melter","Static Discharge","Genetic Algorithm","Defragment","RitualDagger","Electrodynamics","Glacier","Turbo"],"relics":["Cracked Core","Tiny Chest","Potion Belt","Dodecahedron","Sundial","Bag of Preparation","Fusion Hammer","Letter Opener","Whetstone","Blood Vial","Pen Nib"],"potions_floor_usage":[16,16,16,24,24,27,33],"damage_taken":[{"damage":4,"enemies":"2 Louse","floor":1,"turns":3},{"damage":2,"enemies":"Jaw Worm","floor":5,"turns":4},{"damage":39,"enemies":"Gremlin Nob","floor":7,"turns":5},{"damage":0,"enemies":"Cultist","floor":10,"turns":3},{"damage":22,"enemies":"Large Slime","floor":11,"turns":6},{"damage":1,"enemies":"Blue Slaver","floor":13,"turns":4},{"damage":3,"enemies":"Exordium Wildlife","floor":14,"turns":3},{"damage":18,"enemies":"Hexaghost","floor":16,"turns":6},{"damage":12,"enemies":"Shell Parasite","floor":18,"turns":5},{"damage":36,"enemies":"Slavers","floor":24,"turns":6},{"damage":24,"enemies":"Book of Stabbing","floor":27,"turns":5},{"damage":0,"enemies":"Spheric Guardian","floor":29,"turns":2},{"damage":6,"enemies":"Gremlin Leader","floor":31,"turns":5},{"damage":84,"enemies":"Automaton","floor":33,"turns":10}],"seed_played":"2091542375245731046","potions_obtained":[{"floor":1,"key":"LiquidBronze"},{"floor":13,"key":"Strength Potion"},{"floor":16,"key":"Swift Potion"},{"floor":24,"key":"SpeedPotion"},{"floor":29,"key":"Fire Potion"},{"floor":31,"key":"SmokeBomb"}],"is_trial":false,"path_per_floor":["M","?","T","T","M","R","E","R","T","M","M","$","M","M","R","B",null,"M","?","?","$","$","R","E","R","T","E","R","M","R","E","R","B"],"character_chosen":"DEFECT","items_purchased":["Chill","Melter","SkillPotion","Poison Potion"],"campfire_rested":8,"item_purchase_floors":[12,12,12,21],"current_hp_per_floor":[71,64,64,64,62,75,36,58,58,58,36,36,35,32,54,36,75,63,57,57,57,57,75,39,61,61,37,59,61,75,69,75,0],"gold":132,"neow_bonus":"RANDOM_COMMON_RELIC","is_prod":false,"is_daily":false,"chose_seed":false,"campfire_upgraded":0,"win_rate":0,"timestamp":1541907756,"path_taken":["M","?","?","?","M","R","E","R","T","M","?","$","M","M","R","BOSS","M","?","?","?","$","R","E","R","T","E","R","?","R","E","R","BOSS"],"build_version":"2018-11-08","purchased_purges":2,"victory":false,"max_hp_per_floor":[75,75,75,75,75,75,75,75,75,75,75,75,75,75,75,75,75,75,75,75,75,75,75,75,75,75,75,75,75,75,75,75,75],"card_choices":[{"not_picked":["Redo","Hello World"],"picked":"Steam","floor":1},{"not_picked":["Loop","Hologram"],"picked":"Steam","floor":5},{"not_picked":["Cold Snap","Rebound"],"picked":"BootSequence","floor":7},{"not_picked":["Gash","Double Energy"],"picked":"Steam","floor":10},{"not_picked":["Barrage","Go for the Eyes"],"picked":"Thunder Strike","floor":11},{"not_picked":["Leap","Darkness"],"picked":"Static Discharge","floor":13},{"not_picked":["Ball Lightning","Steam Power"],"picked":"Genetic Algorithm","floor":14},{"not_picked":["Leap+1","Tempest"],"picked":"Defragment","floor":18},{"not_picked":["Scrape","Compile Driver","Consume"],"picked":"SKIP","floor":24},{"not_picked":["Capacitor","Static Discharge"],"picked":"Electrodynamics","floor":27},{"not_picked":["Compile Driver","Consume"],"picked":"Glacier","floor":29},{"not_picked":["Steam+1","Tempest+1"],"picked":"Turbo","floor":31}],"player_experience":501625,"relics_obtained":[{"floor":3,"key":"Potion Belt"},{"floor":4,"key":"Dodecahedron"},{"floor":7,"key":"Sundial"},{"floor":9,"key":"Bag of Preparation"},{"floor":24,"key":"Letter Opener"},{"floor":26,"key":"Whetstone"},{"floor":27,"key":"Blood Vial"},{"floor":31,"key":"Pen Nib"}],"event_choices":[{"cards_removed":["Defend_B"],"damage_healed":0,"gold_gain":0,"player_choice":"Card Removal","damage_taken":7,"max_hp_gain":0,"max_hp_loss":0,"event_name":"Golden Wing","floor":2,"gold_loss":0},{"damage_healed":0,"gold_gain":0,"player_choice":"Joined the Cult","damage_taken":6,"max_hp_gain":0,"max_hp_loss":0,"event_name":"Nest","floor":19,"gold_loss":0,"cards_obtained":["RitualDagger"]},{"damage_healed":0,"gold_gain":0,"player_choice":"Ignored","damage_taken":0,"max_hp_gain":0,"max_hp_loss":0,"event_name":"Vampires","floor":20,"gold_loss":0}],"is_beta":false,"boss_relics":[{"not_picked":["Busted Crown","Philosopher\u0027s Stone"],"picked":"Fusion Hammer"}],"items_purged_floors":[12,21],"is_endless":false,"potions_floor_spawned":[1,13,16,24,29,31],"killed_by":"Automaton","ascension_level":4}