{"gold_per_floor":[117,136,156,167,191,191,191,191,191,204,204,217,231,249,249,352,352,362,374,105,105,115,115,141,141,141,176,176,195,207,387,387,490,490,500,25,38,58,70,70,70,82,82,82,100,135,187,205,205,205],"floor_reached":50,"playtime":6604,"items_purged":["Strike_R","Barricade"],"score":512,"play_id":"58829f79-da00-49d5-bf2f-00a84d5c29b6","local_time":"20190323190848","is_ascension_mode":false,"campfire_choices":[{"data":"Body Slam","floor":6.0,"key":"SMITH"},{"data":"Body Slam","floor":8.0,"key":"SMITH"},{"data":"Inflame","floor":11.0,"key":"SMITH"},{"data":"Dual Wield","floor":15.0,"key":"SMITH"},{"data":"Blind","floor":23.0,"key":"SMITH"},{"data":"Demon Form","floor":25.0,"key":"SMITH"},{"data":"Armaments","floor":28.0,"key":"SMITH"},{"floor":32.0,"key":"REST"},{"data":"Battle Trance","floor":41.0,"key":"SMITH"},{"floor":44,"key":"REST"},{"floor":49,"key":"REST"}],"neow_cost":"NONE","seed_source_timestamp":0,"circlet_count":0,"master_deck":["Strike_R","Strike_R","Defend_R","Defend_R","Defend_R","Defend_R+1","Thunderclap+1","Body Slam+1","Body Slam+1","Demon Form+1","Inflame+1","Dual Wield+1","Clash","Sword Boomerang+1","Blind+1","Armaments+1","Clash","Offering","Barricade+1","Entrench+1","Wild Strike+1","Battle Trance+1","Pummel","Iron Wave+1","Clash+1","Impervious","Spot Weakness+1","Heavy Blade+1","Sword Boomerang+1","Parasite","Pummel"],"special_seed":0,"relics":["Burning Blood","Bag of Marbles","Oddly Smooth Stone","Magic Flower","Cursed Key","ClockworkSouvenir","Boot","Dodecahedron","Astrolabe","Shuriken","Toxic Egg 2","Du-Vu Doll"],"potions_floor_usage":[46,47,48,50],"damage_taken":[{"damage":1.0,"enemies":"Cultist","floor":1.0,"turns":3.0},{"damage":1.0,"enemies":"Jaw Worm","floor":2.0,"turns":3.0},{"damage":0.0,"enemies":"Small Slimes","floor":3.0,"turns":3.0},{"damage":8.0,"enemies":"Red Slaver","floor":4.0,"turns":3.0},{"damage":4.0,"enemies":"Exordium Wildlife","floor":10.0,"turns":3.0},{"damage":0.0,"enemies":"Lots of Slimes","floor":12.0,"turns":1.0},{"damage":13.0,"enemies":"Red Slaver","floor":13.0,"turns":2.0},{"damage":0.0,"enemies":"Looter","floor":14.0,"turns":1.0},{"damage":37.0,"enemies":"The Guardian","floor":16.0,"turns":6.0},{"damage":19.0,"enemies":"3 Byrds","floor":18.0,"turns":4.0},{"damage":10.0,"enemies":"2 Thieves","floor":19.0,"turns":2.0},{"damage":9.0,"enemies":"Snecko","floor":22.0,"turns":4.0},{"damage":33.0,"enemies":"Book of Stabbing","floor":24.0,"turns":5.0},{"damage":6.0,"enemies":"Gremlin Leader","floor":27.0,"turns":6.0},{"damage":23.0,"enemies":"Snake Plant","floor":29.0,"turns":3.0},{"damage":0.0,"enemies":"Cultist and Chosen","floor":30.0,"turns":5.0},{"damage":34.0,"enemies":"Champ","floor":33.0,"turns":6.0},{"damage":9.0,"enemies":"Orb Walker","floor":35.0,"turns":3.0},{"damage":42.0,"enemies":"3 Shapes","floor":37.0,"turns":3.0},{"damage":14.0,"enemies":"Transient","floor":38.0,"turns":5.0},{"damage":18.0,"enemies":"Sphere and 2 Shapes","floor":39.0,"turns":4.0},{"damage":0.0,"enemies":"Writhing Mass","floor":40.0,"turns":1.0},{"damage":5.0,"enemies":"4 Shapes","floor":42.0,"turns":5.0},{"damage":14,"enemies":"Transient","floor":45,"turns":5},{"damage":11,"enemies":"Giant Head","floor":46,"turns":5},{"damage":49,"enemies":"2 Orb Walkers","floor":47,"turns":5},{"damage":16,"enemies":"Writhing Mass","floor":48,"turns":7},{"damage":42,"enemies":"Time Eater","floor":50,"turns":3}],"seed_played":"8577690976617356071","potions_obtained":[{"floor":2.0,"key":"AttackPotion"},{"floor":4.0,"key":"AttackPotion"},{"floor":12.0,"key":"SteroidPotion"},{"floor":22.0,"key":"EssenceOfSteel"},{"floor":24.0,"key":"Strength Potion"},{"floor":27.0,"key":"PowerPotion"},{"floor":30.0,"key":"Ancient Potion"},{"floor":33.0,"key":"SmokeBomb"},{"floor":37.0,"key":"Explosive Potion"},{"floor":38.0,"key":"Dexterity Potion"},{"floor":42.0,"key":"Dexterity Potion"},{"floor":46,"key":"Energy Potion"},{"floor":48,"key":"Energy Potion"}],"is_trial":false,"path_per_floor":["M","M","M","M","T","R","?","R","T","M","R","M","M","M","R","B",null,"M","M","$","?","M","R","E","R","T","E","R","M","M","?","R","B",null,"M","$","M","M","M","M","R","M","T","R","M","E","?","M","R","B"],"character_chosen":"IRONCLAD","items_purchased":["ClockworkSouvenir","Shuriken","Battle Trance","Pummel"],"campfire_rested":3,"item_purchase_floors":[20,36,36,36],"current_hp_per_floor":[80,80,80,78,78,78,62,62,62,67,67,76,72,80,80,52,80,70,69,69,69,69,69,45,45,45,48,48,34,43,19,43,18,80,80,80,47,42,33,42,42,46,46,70,65,63,23,16,40,0],"gold":205,"neow_bonus":"RANDOM_COMMON_RELIC","is_prod":false,"is_daily":false,"chose_seed":false,"campfire_upgraded":8,"win_rate":0,"timestamp":1553364528,"path_taken":["M","M","?","?","?","R","?","R","T","M","R","M","M","M","R","BOSS","M","M","$","?","?","R","E","R","T","E","R","M","M","?","R","BOSS","M","?","?","M","M","M","R","M","T","R","M","E","?","M","R","BOSS"],"build_version":"2019-01-23","purchased_purges":2,"victory":false,"max_hp_per_floor":[80,80,80,80,80,80,80,80,80,80,80,80,80,80,80,80,80,80,80,80,80,80,80,80,80,80,80,80,80,80,80,80,80,80,80,80,80,80,80,80,80,80,80,80,80,80,80,80,80,80],"card_choices":[{"not_picked":["True Grit","Hemokinesis"],"picked":"Thunderclap","floor":1.0},{"not_picked":["Shrug It Off","Sword Boomerang"],"picked":"Body Slam","floor":2.0},{"not_picked":["Warcry","True Grit"],"picked":"Body Slam","floor":3.0},{"not_picked":["Fire Breathing","Clash"],"picked":"Demon Form","floor":4.0},{"not_picked":["Headbutt","Dropkick"],"picked":"Inflame","floor":10.0},{"not_picked":["Sword Boomerang","Cleave"],"picked":"Dual Wield","floor":12.0},{"not_picked":["Heavy Blade","Anger"],"picked":"Clash","floor":13.0},{"not_picked":["Sword Boomerang","Iron Wave","Warcry"],"picked":"SKIP","floor":14.0},{"not_picked":["Juggernaut","Brutality"],"picked":"Barricade","floor":16.0},{"not_picked":["Iron Wave","Disarm"],"picked":"Sword Boomerang+1","floor":18.0},{"not_picked":["Iron Wave","Sever Soul+1","Wild Strike"],"picked":"SKIP","floor":19.0},{"not_picked":["Cleave","Iron Wave","Sword Boomerang"],"picked":"SKIP","floor":22.0},{"not_picked":["Flame Barrier","Bludgeon","Clothesline"],"picked":"SKIP","floor":24.0},{"not_picked":["Flex","Combust"],"picked":"Armaments","floor":27.0},{"not_picked":["Anger","Perfected Strike"],"picked":"Clash","floor":29.0},{"not_picked":["Wild Strike","True Grit","Heavy Blade"],"picked":"SKIP","floor":30.0},{"not_picked":["Barricade","Berserk"],"picked":"Offering","floor":33.0},{"not_picked":["Havoc+1","Thunderclap","Feel No Pain"],"picked":"SKIP","floor":35.0},{"not_picked":["Rampage","Iron Wave+1","Blood for Blood+1"],"picked":"SKIP","floor":37.0},{"not_picked":["Second Wind+1","Headbutt+1"],"picked":"Iron Wave+1","floor":38.0},{"not_picked":["Corruption","Thunderclap"],"picked":"Clash+1","floor":39.0},{"not_picked":["Headbutt+1","Searing Blow+1"],"picked":"Impervious","floor":42.0},{"not_picked":["Pommel Strike+1","Havoc+1"],"picked":"Spot Weakness+1","floor":45},{"not_picked":["Clash","Body Slam"],"picked":"Heavy Blade+1","floor":46},{"not_picked":["Clothesline","Thunderclap+1"],"picked":"Sword Boomerang+1","floor":47},{"not_picked":["Clash+1","Sword Boomerang+1"],"picked":"Pummel","floor":48}],"player_experience":175650,"relics_obtained":[{"floor":5.0,"key":"Oddly Smooth Stone"},{"floor":9.0,"key":"Magic Flower"},{"floor":24.0,"key":"Boot"},{"floor":27.0,"key":"Dodecahedron"},{"floor":46,"key":"Toxic Egg 2"},{"floor":47,"key":"Du-Vu Doll"}],"event_choices":[{"damage_healed":0.0,"max_hp_gain":0.0,"max_hp_loss":0.0,"gold_gain":0.0,"event_name":"Shining Light","player_choice":"Entered Light","floor":7.0,"gold_loss":0.0,"damage_taken":16.0,"cards_upgraded":["Thunderclap","Defend_R"]},{"damage_healed":0.0,"max_hp_gain":0.0,"max_hp_loss":0.0,"gold_gain":0.0,"event_name":"Match and Keep!","player_choice":"1 cards matched","floor":21.0,"gold_loss":0.0,"damage_taken":0.0,"cards_obtained":["Blind"]},{"damage_healed":0.0,"max_hp_gain":0.0,"max_hp_loss":0.0,"gold_gain":180.0,"event_name":"Knowing Skull","player_choice":"GOLD GOLD ","floor":31.0,"potions_obtained":[],"gold_loss":0.0,"damage_taken":24.0,"cards_obtained":[]},{"damage_healed":0,"gold_gain":0,"player_choice":"Fight","damage_taken":0,"max_hp_gain":0,"max_hp_loss":0,"event_name":"Mysterious Sphere","floor":47,"gold_loss":0}],"is_beta":false,"boss_relics":[{"not_picked":["Eternal Feather","Tiny House"],"picked":"Cursed Key"},{"not_picked":["Busted Crown","Philosopher\u0027s Stone"],"picked":"Astrolabe"}],"items_purged_floors":[20,36],"is_endless":false,"potions_floor_spawned":[2,4,12,22,24,27,30,33,37,38,42,46,48],"killed_by":"Time Eater","ascension_level":0}