{"gold_per_floor":[111,286,286,236,247,247,278,278,301,301,312,326,1,13,13,114,114,124,139,139,139,139,174,187,222,222,232,259,259,274,284,284,284],"floor_reached":33,"playtime":2621,"items_purged":["Doubt"],"score":357,"play_id":"8aea796e-71b9-4931-abe5-593f0e4df53f","local_time":"20190630224437","is_ascension_mode":false,"campfire_choices":[{"data":"Infernal Blade","floor":6,"key":"SMITH"},{"data":"Metallicize","floor":8,"key":"SMITH"},{"data":"Apotheosis","floor":15,"key":"SMITH"},{"floor":29,"key":"REST"},{"floor":32,"key":"REST"}],"neow_cost":"NONE","seed_source_timestamp":2011806468901740,"circlet_count":0,"master_deck":["Strike_R","Strike_R","Strike_R","Strike_R+1","Strike_R","Defend_R","Defend_R","Defend_R","Defend_R","Bash","Infernal Blade+1","Wild Strike+1","Metallicize+1","Dramatic Entrance","Shrug It Off","Flex","Apotheosis+1","Finesse","Twin Strike","Barricade","Intimidate+1","Combust","Warcry","Headbutt+1","Flex","Twin Strike+1","True Grit+1","Fiend Fire","Iron Wave"],"relics":["Burning Blood","Gremlin Horn","Vajra","Whetstone","Mark of Pain","Thread and Needle","Ancient Tea Set","PreservedInsect","Bottled Lightning"],"potions_floor_usage":[7,16,19,23,23,24,25,25,27],"damage_taken":[{"damage":11,"enemies":"2 Louse","floor":1,"turns":3},{"damage":1,"enemies":"Jaw Worm","floor":5,"turns":2},{"damage":29,"enemies":"Gremlin Nob","floor":7,"turns":4},{"damage":0,"enemies":"Small Slimes","floor":11,"turns":2},{"damage":4,"enemies":"2 Fungi Beasts","floor":12,"turns":2},{"damage":2,"enemies":"Exordium Thugs","floor":14,"turns":3},{"damage":3,"enemies":"The Guardian","floor":16,"turns":11},{"damage":8,"enemies":"Shell Parasite","floor":18,"turns":2},{"damage":13,"enemies":"3 Byrds","floor":19,"turns":5},{"damage":24,"enemies":"Slavers","floor":23,"turns":5},{"damage":3,"enemies":"Cultist and Chosen","floor":24,"turns":4},{"damage":13,"enemies":"Book of Stabbing","floor":25,"turns":5},{"damage":11,"enemies":"3 Cultists","floor":27,"turns":5},{"damage":31,"enemies":"Slavers","floor":28,"turns":5},{"damage":6,"enemies":"Shelled Parasite and Fungi","floor":30,"turns":5},{"damage":16,"enemies":"Snake Plant","floor":31,"turns":4},{"damage":67,"enemies":"Collector","floor":33,"turns":6}],"seed_played":"-45410063644894455","potions_obtained":[{"floor":5,"key":"BloodPotion"},{"floor":7,"key":"FearPotion"},{"floor":12,"key":"SpeedPotion"},{"floor":14,"key":"FearPotion"},{"floor":19,"key":"EntropicBrew"},{"floor":25,"key":"PowerPotion"},{"floor":31,"key":"SneckoOil"}],"is_trial":false,"path_per_floor":["M","?","?","?","M","R","E","R","T","?","M","M","$","M","R","B",null,"M","M","?","?","$","E","M","E","T","M","E","R","M","M","R","B"],"character_chosen":"IRONCLAD","items_purchased":["Apotheosis","Finesse"],"campfire_rested":2,"item_purchase_floors":[13,13],"current_hp_per_floor":[83,83,83,83,88,88,73,73,73,73,79,81,81,85,85,88,88,86,79,62,62,62,44,47,40,40,35,10,37,37,27,54,0],"gold":284,"neow_bonus":"TEN_PERCENT_HP_BONUS","is_prod":false,"is_daily":false,"chose_seed":false,"campfire_upgraded":3,"win_rate":0,"timestamp":1561956277,"path_taken":["M","?","?","?","M","R","E","R","T","?","?","M","$","?","R","BOSS","M","M","?","?","$","E","M","E","T","M","E","R","M","M","R","BOSS"],"build_version":"2019-01-23","purchased_purges":1,"victory":false,"max_hp_per_floor":[88,88,88,88,88,88,88,88,88,88,88,88,88,88,88,88,88,88,88,93,93,93,93,93,93,93,93,93,93,93,93,93,93],"card_choices":[{"not_picked":["Body Slam","Iron Wave"],"picked":"Infernal Blade","floor":1},{"not_picked":["True Grit","Cleave"],"picked":"Wild Strike","floor":5},{"not_picked":["Brutality","Heavy Blade"],"picked":"Metallicize","floor":7},{"not_picked":["Armaments","Ghostly Armor"],"picked":"Shrug It Off","floor":11},{"not_picked":["Power Through","Body Slam"],"picked":"Flex","floor":12},{"not_picked":["Entrench","Warcry"],"picked":"Twin Strike","floor":14},{"not_picked":["Fiend Fire","Impervious"],"picked":"Barricade","floor":16},{"not_picked":["Heavy Blade","Sword Boomerang"],"picked":"Intimidate+1","floor":18},{"not_picked":["Entrench","Heavy Blade"],"picked":"Combust","floor":19},{"not_picked":["Body Slam","Whirlwind"],"picked":"Warcry","floor":23},{"not_picked":["Dropkick","Body Slam+1"],"picked":"Headbutt+1","floor":24},{"not_picked":["Uppercut+1","Body Slam"],"picked":"Flex","floor":25},{"not_picked":["Warcry+1","Flex+1"],"picked":"Twin Strike+1","floor":27},{"not_picked":["Dual Wield","Clothesline"],"picked":"True Grit+1","floor":28},{"not_picked":["Warcry","Corruption"],"picked":"Fiend Fire","floor":30},{"not_picked":["Shockwave","Sword Boomerang"],"picked":"Iron Wave","floor":31}],"player_experience":65073,"relics_obtained":[{"floor":7,"key":"Vajra"},{"floor":9,"key":"Whetstone"},{"floor":23,"key":"Thread and Needle"},{"floor":25,"key":"Ancient Tea Set"},{"floor":26,"key":"PreservedInsect"},{"floor":28,"key":"Bottled Lightning"}],"event_choices":[{"damage_healed":0,"gold_gain":175,"player_choice":"AGREE","damage_taken":0,"max_hp_gain":0,"max_hp_loss":0,"event_name":"Liars Game","floor":2,"gold_loss":0,"cards_obtained":["Doubt"]},{"damage_healed":0,"gold_gain":0,"player_choice":"Box","damage_taken":0,"relics_obtained":["Gremlin Horn"],"max_hp_gain":0,"max_hp_loss":0,"event_name":"Big Fish","floor":3,"gold_loss":0,"cards_obtained":["Regret"]},{"cards_removed":["Regret"],"damage_healed":0,"gold_gain":0,"player_choice":"Card Removal","damage_taken":0,"max_hp_gain":0,"max_hp_loss":0,"event_name":"The Cleric","floor":4,"gold_loss":50},{"damage_healed":0,"gold_gain":0,"player_choice":"1 cards matched","damage_taken":0,"max_hp_gain":0,"max_hp_loss":0,"event_name":"Match and Keep!","floor":10,"gold_loss":0,"cards_obtained":["Dramatic Entrance"]},{"damage_healed":0,"gold_gain":0,"player_choice":"Shed Blood","damage_taken":22,"max_hp_gain":5,"max_hp_loss":0,"event_name":"Forgotten Altar","floor":20,"gold_loss":0},{"damage_healed":0,"gold_gain":0,"player_choice":"Ignored","damage_taken":0,"max_hp_gain":0,"max_hp_loss":0,"event_name":"Ghosts","floor":21,"gold_loss":0}],"is_beta":false,"boss_relics":[{"not_picked":["Cursed Key","Snecko Eye"],"picked":"Mark of Pain"}],"items_purged_floors":[13],"is_endless":false,"potions_floor_spawned":[5,7,12,14,19,25,31],"killed_by":"Collector","ascension_level":0}