{"gold_per_floor":[114,126,142,162,173,207,207,238,261,289,289,309,309,323,323,428,428,428,428,428,347,347,347,347],"floor_reached":24,"playtime":1912,"items_purged":[],"score":278,"play_id":"f2c3f614-c01c-4e43-9226-d3001e425faf","local_time":"20181030131123","is_ascension_mode":true,"campfire_choices":[{"data":"Zap","floor":7.0,"key":"SMITH"},{"data":"Chaos","floor":11.0,"key":"SMITH"},{"floor":13.0,"key":"REST"},{"data":"Darkness","floor":15,"key":"SMITH"},{"floor":23,"key":"REST"}],"neow_cost":"NONE","seed_source_timestamp":0,"circlet_count":0,"master_deck":["Strike_B","Strike_B","Strike_B","Strike_B","Defend_B","Defend_B","Defend_B","Defend_B","Zap+1","Dualcast","Cold Snap","Ball Lightning","Hologram","Barrage","Leap","Barrage","Darkness","Chaos+1","Darkness+1","White Noise","Rainbow","Turbo","Ball Lightning","Doom and Gloom","Seek","Conserve Battery+1"],"special_seed":0,"relics":["Cracked Core","Peace Pipe","Blue Candle","Happy Flower","Strawberry","Ectoplasm"],"potions_floor_usage":[16,18,20],"damage_taken":[{"damage":1.0,"enemies":"Cultist","floor":1.0,"turns":4.0},{"damage":0.0,"enemies":"Small Slimes","floor":2.0,"turns":4.0},{"damage":1.0,"enemies":"2 Louse","floor":3.0,"turns":3.0},{"damage":0.0,"enemies":"2 Fungi Beasts","floor":4.0,"turns":3.0},{"damage":1.0,"enemies":"Exordium Wildlife","floor":5.0,"turns":2.0},{"damage":16.0,"enemies":"Gremlin Nob","floor":6.0,"turns":4.0},{"damage":13.0,"enemies":"3 Sentries","floor":8.0,"turns":6.0},{"damage":16.0,"enemies":"Gremlin Nob","floor":10.0,"turns":4.0},{"damage":0.0,"enemies":"3 Louse","floor":12.0,"turns":2.0},{"damage":6,"enemies":"Blue Slaver","floor":14,"turns":2},{"damage":17,"enemies":"Hexaghost","floor":16,"turns":7},{"damage":2,"enemies":"3 Byrds","floor":18,"turns":4},{"damage":2,"enemies":"Shell Parasite","floor":19,"turns":4},{"damage":20,"enemies":"Snake Plant","floor":20,"turns":3},{"damage":25,"enemies":"Sentry and Sphere","floor":22,"turns":4},{"damage":19,"enemies":"Shelled Parasite and Fungi","floor":24,"turns":4}],"seed_played":"679655139008763481","potions_obtained":[{"floor":3.0,"key":"PowerPotion"},{"floor":6.0,"key":"Fire Potion"},{"floor":8.0,"key":"Dexterity Potion"},{"floor":12.0,"key":"Block Potion"},{"floor":16,"key":"Dexterity Potion"},{"floor":19,"key":"Block Potion"}],"is_trial":false,"path_per_floor":["M","M","M","M","M","E","R","E","T","E","R","M","R","M","R","B",null,"M","M","M","$","M","R"],"character_chosen":"DEFECT","items_purchased":["Seek"],"campfire_rested":2,"item_purchase_floors":[21],"current_hp_per_floor":[81,81,80,80,79,63,63,50,50,41,41,41,67,61,61,44,78,76,74,54,54,29,55,36],"gold":347,"neow_bonus":"TEN_PERCENT_HP_BONUS","is_prod":false,"is_daily":false,"chose_seed":false,"campfire_upgraded":3,"win_rate":0,"timestamp":1540923083,"path_taken":["M","M","?","M","M","E","R","E","T","E","R","?","R","M","R","BOSS","M","M","M","$","M","R","?"],"build_version":"2018-10-25v2","purchased_purges":0,"victory":false,"max_hp_per_floor":[82,82,82,82,82,82,82,82,82,89,89,89,89,89,89,89,89,89,89,89,89,89,89,89],"card_choices":[{"not_picked":["Sweeping Beam","Capacitor"],"picked":"Cold Snap","floor":1.0},{"not_picked":["Reinforced Body","Compile Driver"],"picked":"Ball Lightning","floor":2.0},{"not_picked":["Streamline","White Noise"],"picked":"Hologram","floor":3.0},{"not_picked":["Stack","Seek"],"picked":"Barrage","floor":4.0},{"not_picked":["Streamline","Barrage"],"picked":"Leap","floor":5.0},{"not_picked":["Genetic Algorithm","Coolheaded"],"picked":"Barrage","floor":6.0},{"not_picked":["Melter","Chaos"],"picked":"Darkness","floor":8.0},{"not_picked":["Lockon","Streamline"],"picked":"Chaos","floor":10.0},{"not_picked":["Hello World","Conserve Battery"],"picked":"Darkness","floor":12.0},{"not_picked":["Stack","Gash"],"picked":"White Noise","floor":14},{"not_picked":["Thunder Strike","Biased Cognition"],"picked":"Rainbow","floor":16},{"not_picked":["Beam Cell","Ball Lightning"],"picked":"Turbo","floor":18},{"not_picked":["Beam Cell","Gash"],"picked":"Ball Lightning","floor":19},{"not_picked":["Consume","Rip and Tear"],"picked":"Doom and Gloom","floor":20},{"not_picked":["Turbo","Leap"],"picked":"Conserve Battery+1","floor":22}],"player_experience":896733,"relics_obtained":[{"floor":6.0,"key":"Peace Pipe"},{"floor":8.0,"key":"Blue Candle"},{"floor":9.0,"key":"Happy Flower"},{"floor":10.0,"key":"Strawberry"}],"event_choices":[],"is_beta":false,"boss_relics":[{"not_picked":["Coffee Dripper","Fusion Hammer"],"picked":"Ectoplasm"}],"items_purged_floors":[],"is_endless":false,"potions_floor_spawned":[3,6,8,12,16,19],"killed_by":"Shelled Parasite and Fungi","ascension_level":5}