{"gold_per_floor":[99,99,49,49,49,49,49,49,49,49,49,49,49,49,49,49,49,49,49,49,49,49],"floor_reached":22,"playtime":2053,"items_purged":[],"score":221,"play_id":"9c9a7bc3-8897-4952-b72c-94e57ce34e0d","local_time":"20180715123216","is_ascension_mode":false,"campfire_choices":[{"data":"Slice","floor":6,"key":"SMITH"},{"floor":8,"key":"REST"},{"data":"Deflect","floor":10,"key":"SMITH"},{"floor":15,"key":"REST"}],"neow_cost":"NONE","seed_source_timestamp":9485440555203,"circlet_count":0,"master_deck":["Defend_G","Defend_G+1","Defend_G","Defend_G","Defend_G","Strike_G","Strike_G","Strike_G","Strike_G","Strike_G","Neutralize","Slice+1","Dagger Throw","Deflect+1","Leg Sweep+1","Crippling Poison","Sucker Punch","Backstab","Night Terror","Phantasmal Killer","Noxious Fumes","Ghostly","Ghostly","Ghostly","Ghostly","Ghostly","Riddle With Holes+1"],"relics":["Ectoplasm","Bottled Lightning","Blood Vial","Pen Nib","White Beast Statue","Ninja Scroll"],"potions_floor_usage":[14,16,16,16,16,20,20],"damage_taken":[{"damage":0,"enemies":"Cultist","floor":1,"turns":5},{"damage":4,"enemies":"Jaw Worm","floor":2,"turns":4},{"damage":0,"enemies":"Small Slimes","floor":4,"turns":2},{"damage":0,"enemies":"Exordium Wildlife","floor":5,"turns":4},{"damage":8,"enemies":"Lagavulin","floor":11,"turns":9},{"damage":3,"enemies":"Blue Slaver","floor":12,"turns":4},{"damage":0,"enemies":"2 Fungi Beasts","floor":13,"turns":3},{"damage":18,"enemies":"Gremlin Nob","floor":14,"turns":6},{"damage":17,"enemies":"The Guardian","floor":16,"turns":13},{"damage":4,"enemies":"3 Byrds","floor":18,"turns":6},{"damage":7,"enemies":"Spheric Guardian","floor":20,"turns":7},{"damage":31,"enemies":"Chosen and Byrds","floor":22,"turns":8}],"seed_played":"6903541400061796777","potions_obtained":[{"floor":12,"key":"FearPotion"},{"floor":13,"key":"Block Potion"},{"floor":14,"key":"EntropicBrew"},{"floor":18,"key":"AttackPotion"},{"floor":20,"key":"SteroidPotion"}],"is_trial":false,"path_per_floor":["M","M","?","M","M","R","?","R","T","R","E","M","M","E","R","B",null,"M","?","M","T"],"character_chosen":"THE_SILENT","items_purchased":[],"campfire_rested":2,"item_purchase_floors":[],"current_hp_per_floor":[70,66,66,66,66,66,52,70,70,70,62,61,63,47,68,53,70,66,35,28,28,0],"gold":49,"neow_bonus":"BOSS_RELIC","is_prod":false,"is_daily":false,"chose_seed":false,"campfire_upgraded":2,"win_rate":0.0,"timestamp":1531683136,"path_taken":["M","?","?","M","M","R","?","R","T","R","E","M","M","E","R","BOSS","M","?","?","?","?"],"build_version":"2018-07-12","purchased_purges":0,"victory":false,"max_hp_per_floor":[70,70,70,70,70,70,70,70,70,70,70,70,70,70,70,70,70,70,35,35,35,35],"card_choices":[{"not_picked":["Poisoned Stab","Deflect"],"picked":"Slice","floor":1},{"not_picked":["Acrobatics","Expertise"],"picked":"Dagger Throw","floor":2},{"not_picked":["Acrobatics","Deadly Poison"],"picked":"Deflect","floor":4},{"not_picked":["Outmaneuver","Flying Knee"],"picked":"Leg Sweep","floor":5},{"not_picked":["Malaise","Eviscerate"],"picked":"Crippling Poison","floor":11},{"not_picked":["Underhanded Strike","Reflex"],"picked":"Sucker Punch","floor":12},{"not_picked":["Dagger Spray","Underhanded Strike"],"picked":"Backstab","floor":13},{"not_picked":["Outmaneuver","Dagger Throw"],"picked":"Night Terror","floor":14},{"not_picked":["Venomology","Night Terror"],"picked":"Phantasmal Killer","floor":16},{"not_picked":["Terror","Dagger Throw"],"picked":"Noxious Fumes","floor":18},{"not_picked":["Skewer","PiercingWail+1"],"picked":"Riddle With Holes+1","floor":20}],"player_experience":19133,"relics_obtained":[{"floor":9,"key":"Bottled Lightning"},{"floor":11,"key":"Blood Vial"},{"floor":14,"key":"Pen Nib"},{"floor":21,"key":"Ninja Scroll"}],"event_choices":[{"event_name":"The Cleric","player_choice":"Card Removal","floor":3,"damage_taken":0},{"event_name":"Shining Light","player_choice":"Entered Light","floor":7,"damage_taken":0},{"event_name":"Ghosts","player_choice":"Became a Ghost","floor":19,"damage_taken":0}],"boss_relics":[{"not_picked":["Velvet Choker","Busted Crown"],"picked":"White Beast Statue"}],"items_purged_floors":[],"is_endless":false,"potions_floor_spawned":[12,13,14,18,20],"killed_by":"Chosen and Byrds","ascension_level":0}