{"gold_per_floor":[114,114,64,64,64,90,90,105,105,115,127,127,176,188,188,290,290,304,315,334,128,144,144,173,173,173,173,190,203,213,213,213,316,316,336,387,387,401,401,401,138,138,138,138,138,149,2,2,2,2],"floor_reached":51,"playtime":3937,"items_purged":["Strike_G","Strike_G"],"score":665,"play_id":"43c2073e-4e8a-49de-a527-c6b4d0967c22","local_time":"20181117110040","is_ascension_mode":false,"campfire_choices":[{"floor":7.0,"key":"REST"},{"data":"All Out Attack","floor":12.0,"key":"SMITH"},{"data":"Dash","floor":15.0,"key":"SMITH"},{"data":"Doppelganger","floor":23.0,"key":"SMITH"},{"data":"Dagger Spray","floor":25.0,"key":"SMITH"},{"data":"Quick Slash","floor":32.0,"key":"SMITH"},{"data":"Neutralize","floor":40,"key":"SMITH"},{"data":"Panache","floor":42,"key":"SMITH"},{"data":"Slice","floor":44,"key":"SMITH"},{"floor":49,"key":"REST"}],"neow_cost":"NONE","seed_source_timestamp":0,"circlet_count":0,"master_deck":["Defend_G","Defend_G","Defend_G","Defend_G","Survivor","Neutralize+1","Escape Plan","Dash+1","Quick Slash+1","Dagger Spray+1","All Out Attack+1","Slice+1","Deflect","Doppelganger+1","Slice+1","Cloak And Dagger+1","Dash+1","Quick Slash+1","Infinite Blades+1","Escape Plan","Doppelganger","Underhanded Strike+1","Sucker Punch+1","Predator+1","Noxious Fumes+1","Slice","Panache+1","Dagger Spray+1","Outmaneuver+1"],"special_seed":0,"relics":["Ring of the Serpent","Smiling Mask","Bag of Marbles","Incense Burner","Oddly Smooth Stone","Happy Flower","Dream Catcher","Thread and Needle","Busted Crown","FossilizedHelix","Sundial","Bronze Scales"],"potions_floor_usage":[33,36,46,50],"damage_taken":[{"damage":4.0,"enemies":"Jaw Worm","floor":1.0,"turns":6.0},{"damage":31.0,"enemies":"Lagavulin","floor":6.0,"turns":11.0},{"damage":0.0,"enemies":"Small Slimes","floor":8.0,"turns":2.0},{"damage":0.0,"enemies":"2 Louse","floor":10.0,"turns":1.0},{"damage":1.0,"enemies":"Red Slaver","floor":11.0,"turns":2.0},{"damage":0.0,"enemies":"Exordium Wildlife","floor":14.0,"turns":3.0},{"damage":3.0,"enemies":"Slime Boss","floor":16.0,"turns":11.0},{"damage":0.0,"enemies":"2 Thieves","floor":18.0,"turns":4.0},{"damage":6.0,"enemies":"3 Byrds","floor":19.0,"turns":4.0},{"damage":6.0,"enemies":"Snake Plant","floor":20.0,"turns":5.0},{"damage":0.0,"enemies":"Chosen and Byrds","floor":22.0,"turns":4.0},{"damage":0.0,"enemies":"Gremlin Leader","floor":24.0,"turns":6.0},{"damage":0.0,"enemies":"Shelled Parasite and Fungi","floor":28.0,"turns":4.0},{"damage":3.0,"enemies":"Sentry and Sphere","floor":29.0,"turns":4.0},{"damage":19.0,"enemies":"Snecko","floor":30.0,"turns":5.0},{"damage":35,"enemies":"Collector","floor":33,"turns":12},{"damage":8,"enemies":"3 Darklings","floor":35,"turns":3},{"damage":3,"enemies":"2 Orb Walkers","floor":36,"turns":3},{"damage":0,"enemies":"3 Shapes","floor":38,"turns":4},{"damage":1,"enemies":"Spire Growth","floor":46,"turns":3},{"damage":16,"enemies":"Awakened One","floor":50,"turns":14}],"seed_played":"3749293976368417463","potions_obtained":[{"floor":6.0,"key":"PowerPotion"},{"floor":10.0,"key":"Fire Potion"},{"floor":11.0,"key":"FearPotion"},{"floor":19.0,"key":"Energy Potion"},{"floor":22.0,"key":"Weak Potion"},{"floor":33,"key":"Weak Potion"},{"floor":38,"key":"Ancient Potion"}],"is_trial":false,"path_per_floor":["M","?","?","?","?","E","R","M","T","M","M","R","T","M","R","B",null,"M","M","M","$","M","R","E","R","T","?","M","M","M","?","R","B",null,"M","?","?","M","?","R","$","R","T","R","?","M","$","$","R","B",null],"character_chosen":"THE_SILENT","items_purchased":["Happy Flower","Slice","Panache","Bronze Scales"],"campfire_rested":2,"item_purchase_floors":[21,41,41,47],"current_hp_per_floor":[66,59,59,64,64,33,55,55,55,55,54,54,54,54,54,51,75,75,69,63,63,63,63,63,63,63,63,63,60,41,66,66,31,75,67,64,64,64,64,64,64,64,64,64,64,63,63,63,75,59],"gold":2,"neow_bonus":"RANDOM_COMMON_RELIC","is_prod":false,"is_daily":false,"chose_seed":false,"campfire_upgraded":8,"win_rate":0,"timestamp":1542474040,"path_taken":["M","?","?","?","?","E","R","M","T","?","M","R","?","M","R","BOSS","M","M","M","$","M","R","E","R","T","?","M","M","?","?","R","BOSS","M","?","?","M","?","R","$","R","T","R","?","?","?","$","R","BOSS"],"build_version":"2018-11-15","purchased_purges":2,"victory":true,"max_hp_per_floor":[70,70,70,75,75,75,75,75,75,75,75,75,75,75,75,75,75,75,75,75,75,75,75,75,75,75,75,75,75,75,75,75,75,75,75,75,75,75,75,75,75,75,75,75,75,75,75,75,75,75],"card_choices":[{"not_picked":["Outmaneuver","Dagger Throw"],"picked":"Escape Plan","floor":1.0},{"not_picked":["Bouncing Flask","Flying Knee"],"picked":"Quick Slash","floor":6.0},{"not_picked":["Eviscerate","Outmaneuver"],"picked":"Dagger Spray","floor":8.0},{"not_picked":["Finisher","Prepared"],"picked":"All Out Attack","floor":10.0},{"not_picked":["Sucker Punch","Quick Slash"],"picked":"Slice","floor":11.0},{"not_picked":["Well Laid Plans","Doppelganger"],"picked":"Deflect","floor":14.0},{"not_picked":["After Image","Venomology"],"picked":"Doppelganger","floor":16.0},{"not_picked":["Flying Knee","Blur+1"],"picked":"Slice+1","floor":18.0},{"not_picked":["Finisher","Prepared"],"picked":"Cloak And Dagger+1","floor":19.0},{"not_picked":["Poisoned Stab","Flying Knee"],"picked":"Dash","floor":20.0},{"not_picked":["Setup","Acrobatics"],"picked":"Quick Slash+1","floor":22.0},{"not_picked":["Escape Plan+1","Bouncing Flask"],"picked":"Infinite Blades+1","floor":24.0},{"not_picked":["Masterful Stab","Bane"],"picked":"Escape Plan","floor":28.0},{"not_picked":["Accuracy","Flying Knee"],"picked":"Doppelganger","floor":29.0},{"not_picked":["Predator","Crippling Poison"],"picked":"Underhanded Strike+1","floor":30.0},{"not_picked":["Night Terror","Storm of Steel"],"picked":"Tools of the Trade","floor":33},{"not_picked":[],"picked":"Sucker Punch+1","floor":35},{"not_picked":[],"picked":"Predator+1","floor":36},{"not_picked":[],"picked":"Noxious Fumes+1","floor":38},{"not_picked":[],"picked":"Dagger Spray+1","floor":46},{"not_picked":[],"picked":"Outmaneuver+1","floor":49}],"player_experience":1024295,"relics_obtained":[{"floor":6.0,"key":"Bag of Marbles"},{"floor":9.0,"key":"Incense Burner"},{"floor":13.0,"key":"Oddly Smooth Stone"},{"floor":24.0,"key":"Dream Catcher"},{"floor":26.0,"key":"Thread and Needle"},{"floor":36,"key":"FossilizedHelix"},{"floor":43,"key":"Sundial"}],"event_choices":[{"cards_removed":["Strike_G"],"damage_healed":0.0,"max_hp_gain":0.0,"max_hp_loss":0.0,"gold_gain":0.0,"event_name":"Golden Wing","player_choice":"Card Removal","floor":2.0,"gold_loss":0.0,"damage_taken":7.0},{"cards_removed":["Defend_G"],"damage_healed":0.0,"max_hp_gain":0.0,"max_hp_loss":0.0,"gold_gain":0.0,"event_name":"The Cleric","player_choice":"Card Removal","floor":3.0,"gold_loss":50.0,"damage_taken":0.0},{"damage_healed":0.0,"max_hp_gain":5.0,"max_hp_loss":0.0,"gold_gain":0.0,"event_name":"Big Fish","player_choice":"Donut","floor":4.0,"gold_loss":0.0,"damage_taken":0.0},{"damage_healed":0.0,"max_hp_gain":0.0,"max_hp_loss":0.0,"gold_gain":0.0,"cards_transformed":["Strike_G"],"event_name":"Transmorgrifier","player_choice":"Transformed","floor":5.0,"gold_loss":0.0,"damage_taken":0.0,"cards_obtained":["Dash"]},{"damage_healed":0.0,"max_hp_gain":0.0,"max_hp_loss":0.0,"gold_gain":0.0,"event_name":"Upgrade Shrine","player_choice":"Upgraded","floor":27.0,"gold_loss":0.0,"damage_taken":0.0,"cards_upgraded":["Dash"]},{"damage_healed":25.0,"max_hp_gain":0.0,"max_hp_loss":0.0,"gold_gain":0.0,"event_name":"The Library","player_choice":"Heal","floor":31.0,"gold_loss":0.0,"damage_taken":0.0},{"damage_healed":0,"gold_gain":0,"player_choice":"Fight","damage_taken":0,"max_hp_gain":0,"max_hp_loss":0,"event_name":"Mysterious Sphere","floor":36,"gold_loss":0},{"cards_removed":["Tools of the Trade"],"damage_healed":0,"gold_gain":0,"player_choice":"Removed Power","damage_taken":0,"max_hp_gain":0,"max_hp_loss":0,"event_name":"Falling","floor":37,"gold_loss":0},{"damage_healed":0,"gold_gain":0,"player_choice":"Memory 1","damage_taken":0,"max_hp_gain":0,"max_hp_loss":0,"event_name":"SensoryStone","floor":39,"gold_loss":0},{"cards_removed":["Strike_G"],"damage_healed":0,"gold_gain":0,"player_choice":"Offered Basic","damage_taken":0,"max_hp_gain":0,"max_hp_loss":0,"event_name":"Bonfire Elementals","floor":45,"gold_loss":0}],"is_beta":false,"boss_relics":[{"not_picked":["Runic Pyramid","Coffee Dripper"],"picked":"Ring of the Serpent"},{"not_picked":["Snecko Eye","WristBlade"],"picked":"Busted Crown"}],"items_purged_floors":[21,41],"is_endless":false,"potions_floor_spawned":[6,10,11,19,22,24,29,33,35,38],"ascension_level":0}