{"gold_per_floor":[109,127,138,138,138,138,0,0,0,14,14,44,44,75,75,180,180,193,207,103,103,121,154,154,171,171,171,171,181,213,213],"floor_reached":31,"playtime":3762,"items_purged":[],"score":283,"play_id":"4d2b6406-98f4-4e41-937b-1e99b3288a2e","local_time":"20190630004854","is_ascension_mode":false,"campfire_choices":[{"data":"Phantasmal Killer","floor":6,"key":"SMITH"},{"floor":8,"key":"REST"},{"data":"Well Laid Plans","floor":11,"key":"SMITH"},{"data":"Bullet Time","floor":13,"key":"SMITH"},{"floor":15,"key":"REST"},{"floor":24,"key":"REST"},{"floor":27,"key":"REST"}],"neow_cost":"NONE","seed_source_timestamp":1931719642782556,"circlet_count":0,"master_deck":["Defend_G","Defend_G","Defend_G","Defend_G","Strike_G","Strike_G","Survivor","Neutralize","Bane","Reflex","Prepared+1","Underhanded Strike","Phantasmal Killer+1","Well Laid Plans+1","Bouncing Flask+1","Bouncing Flask","Bullet Time+1","Acrobatics","Tools of the Trade","Finisher+1","Malaise+1","Dash+1","Bouncing Flask+1","Terror","Deadly Poison+1","Poisoned Stab","Pain","Deflect","Prepared","Flying Knee+1","Crippling Poison+1","Skewer+1"],"relics":["Ring of the Snake","The Specimen","PreservedInsect","Orichalcum","Astrolabe","WarpedTongs","War Paint","Matryoshka","Nilry\u0027s Codex","Shovel"],"potions_floor_usage":[19,30],"damage_taken":[{"damage":2,"enemies":"Small Slimes","floor":1,"turns":5},{"damage":18,"enemies":"Jaw Worm","floor":2,"turns":7},{"damage":1,"enemies":"Cultist","floor":3,"turns":4},{"damage":1,"enemies":"2 Fungi Beasts","floor":10,"turns":4},{"damage":13,"enemies":"Lagavulin","floor":12,"turns":7},{"damage":20,"enemies":"3 Sentries","floor":14,"turns":5},{"damage":27,"enemies":"The Guardian","floor":16,"turns":8},{"damage":0,"enemies":"Spheric Guardian","floor":18,"turns":3},{"damage":11,"enemies":"3 Byrds","floor":19,"turns":8},{"damage":26,"enemies":"Snake Plant","floor":22,"turns":6},{"damage":18,"enemies":"Gremlin Leader","floor":23,"turns":4},{"damage":10,"enemies":"Centurion and Healer","floor":25,"turns":6},{"damage":1,"enemies":"Snecko","floor":29,"turns":4},{"damage":14,"enemies":"Book of Stabbing","floor":30,"turns":4},{"damage":27,"enemies":"Shelled Parasite and Fungi","floor":31,"turns":4}],"seed_played":"7045623461368256202","potions_obtained":[{"floor":3,"key":"Ancient Potion"},{"floor":12,"key":"FearPotion"},{"floor":14,"key":"AttackPotion"},{"floor":19,"key":"SteroidPotion"},{"floor":25,"key":"Weak Potion"}],"is_trial":false,"path_per_floor":["M","M","M","?","?","R","$","R","T","M","R","E","R","E","R","B",null,"M","M","$","?","M","E","R","M","T","R","?","M","E","M"],"character_chosen":"THE_SILENT","items_purchased":["Well Laid Plans","Bouncing Flask","Deadly Poison","Poisoned Stab"],"campfire_rested":4,"item_purchase_floors":[7,7,20,20],"current_hp_per_floor":[68,50,49,49,49,49,49,70,70,69,69,56,56,36,57,30,70,70,59,59,59,33,15,36,26,26,47,31,30,16,0],"gold":213,"neow_bonus":"THREE_CARDS","is_prod":false,"is_daily":false,"chose_seed":false,"campfire_upgraded":3,"win_rate":0.0,"timestamp":1561877334,"path_taken":["M","M","M","?","?","R","$","R","T","M","R","E","R","E","R","BOSS","M","M","?","?","?","E","R","M","T","R","?","M","E","M"],"build_version":"2019-01-23","purchased_purges":0,"victory":false,"max_hp_per_floor":[70,70,70,70,70,70,70,70,70,70,70,70,70,70,70,70,70,70,70,70,70,70,70,70,70,70,70,70,70,70,70],"card_choices":[{"not_picked":["Backflip","Flying Knee"],"picked":"Bane","floor":0},{"not_picked":["Slice","Dagger Throw"],"picked":"Reflex","floor":1},{"not_picked":["Bane","Distraction"],"picked":"Prepared","floor":2},{"not_picked":["Sucker Punch","Finisher"],"picked":"Underhanded Strike","floor":3},{"not_picked":["Slice","Deflect"],"picked":"Bouncing Flask","floor":10},{"not_picked":["Night Terror","Dash"],"picked":"Bullet Time","floor":12},{"not_picked":["Distraction","Deflect"],"picked":"Acrobatics","floor":14},{"not_picked":["Bullet Time","Malaise"],"picked":"Tools of the Trade","floor":16},{"not_picked":["Dagger Spray","Deflect"],"picked":"Bouncing Flask+1","floor":18},{"not_picked":["Infinite Blades","Bane"],"picked":"Terror","floor":19},{"not_picked":["Dodge and Roll","All Out Attack"],"picked":"Deflect","floor":22},{"not_picked":["Dagger Spray+1","Quick Slash"],"picked":"Prepared","floor":23},{"not_picked":["Sucker Punch","Slice"],"picked":"Flying Knee+1","floor":25},{"not_picked":["Escape Plan","Wraith Form v2"],"picked":"Crippling Poison+1","floor":29},{"not_picked":["Dagger Spray","Infinite Blades"],"picked":"Skewer+1","floor":30}],"player_experience":45895,"relics_obtained":[{"floor":9,"key":"The Specimen"},{"floor":12,"key":"PreservedInsect"},{"floor":14,"key":"Orichalcum"},{"floor":23,"key":"War Paint"},{"floor":26,"key":"Matryoshka"},{"floor":28,"key":"Nilry\u0027s Codex"},{"floor":30,"key":"Shovel"}],"event_choices":[{"damage_healed":0,"gold_gain":0,"player_choice":"Grow","damage_taken":0,"max_hp_gain":0,"max_hp_loss":0,"event_name":"Living Wall","floor":4,"gold_loss":0,"cards_upgraded":["Prepared"]},{"damage_healed":0,"gold_gain":0,"cards_transformed":["Strike_G"],"player_choice":"Transformed","damage_taken":0,"max_hp_gain":0,"max_hp_loss":0,"event_name":"Transmorgrifier","floor":5,"gold_loss":0,"cards_obtained":["Phantasmal Killer"]},{"damage_healed":0,"gold_gain":0,"player_choice":"Rummage","damage_taken":0,"relics_obtained":["WarpedTongs"],"max_hp_gain":0,"max_hp_loss":0,"event_name":"Accursed Blacksmith","floor":21,"gold_loss":0,"cards_obtained":["Pain"]},{"damage_healed":0,"gold_gain":0,"player_choice":"Obtained Book","damage_taken":16,"max_hp_gain":0,"max_hp_loss":0,"event_name":"Cursed Tome","floor":28,"gold_loss":0}],"is_beta":false,"boss_relics":[{"not_picked":["HoveringKite","Cursed Key"],"picked":"Astrolabe"}],"items_purged_floors":[],"is_endless":false,"potions_floor_spawned":[3,12,14,19,25],"killed_by":"Shelled Parasite and Fungi","ascension_level":0}