{"gold_per_floor":[114,114,127,141,66,91,91,103,103,113,113,113,132,157,157,260,260,272,272,272,29,44,44,70,70,117,117,129,147,182,182,182,281,281,292,306,323,92,109,141,141,153,153,153,153,28,28,48,48,48],"floor_reached":51,"playtime":6792,"items_purged":["Strike_R","Defend_R","Madness+1"],"score":902,"play_id":"b8c11aa7-e7e2-447c-9809-0ee67d409e61","local_time":"20180717112148","is_ascension_mode":false,"campfire_choices":[{"data":"Metallicize","floor":12,"key":"SMITH"},{"data":"Shockwave","floor":15,"key":"SMITH"},{"data":"Anger","floor":23,"key":"SMITH"},{"floor":25,"key":"REST"},{"data":"Feed","floor":27,"key":"SMITH"},{"data":"Thunderclap","floor":32,"key":"SMITH"},{"data":"Whirlwind","floor":45,"key":"SMITH"},{"data":"Cleave","floor":49,"key":"SMITH"}],"neow_cost":"NONE","seed_source_timestamp":173311756208911,"circlet_count":0,"master_deck":["Defend_R","Defend_R+1","Bash","Shockwave+1","Twin Strike","Thunderclap+1","Shrug It Off","Metallicize+1","Anger+1","Armaments+1","Feed+1","Warcry+1","Bite","Bite","Bite","Bite","Bite","Clothesline","Infernal Blade+1","Shrug It Off+1","Whirlwind+1","Cleave+1","Feed","Bludgeon","Battle Trance+1","Pommel Strike+1","Dual Wield+1","Madness+1","Ghostly Armor+1"],"relics":["Burning Blood","Strawberry","Meat on the Bone","Kunai","Toxic Egg 2","Mango","Mark of Pain","Red Skull","Centennial Puzzle","Blood Vial","Incense Burner","Empty Cage","Toolbox","Bottled Flame","Matryoshka","Magic Flower","Lantern","Boot"],"potions_floor_usage":[4,6,6,8,14,16,18,28,33,33,39,44,50],"damage_taken":[{"damage":0,"enemies":"Small Slimes","floor":1,"turns":5},{"damage":0,"enemies":"2 Louse","floor":3,"turns":3},{"damage":0,"enemies":"Cultist","floor":4,"turns":4},{"damage":10,"enemies":"Gremlin Nob","floor":6,"turns":4},{"damage":9,"enemies":"3 Louse","floor":8,"turns":4},{"damage":0,"enemies":"Large Slime","floor":10,"turns":6},{"damage":2,"enemies":"Lots of Slimes","floor":13,"turns":3},{"damage":2,"enemies":"Lagavulin","floor":14,"turns":7},{"damage":5,"enemies":"The Guardian","floor":16,"turns":7},{"damage":26,"enemies":"Spheric Guardian","floor":18,"turns":6},{"damage":7,"enemies":"Chosen","floor":22,"turns":7},{"damage":31,"enemies":"Slavers","floor":24,"turns":7},{"damage":20,"enemies":"3 Cultists","floor":28,"turns":6},{"damage":16,"enemies":"Slaver and Parasite","floor":29,"turns":8},{"damage":15,"enemies":"Book of Stabbing","floor":30,"turns":7},{"damage":69,"enemies":"Champ","floor":33,"turns":11},{"damage":5,"enemies":"Orb Walker","floor":35,"turns":3},{"damage":17,"enemies":"Flame Bruiser 1 Orb","floor":36,"turns":7},{"damage":15,"enemies":"Transient","floor":37,"turns":5},{"damage":10,"enemies":"Flame Bruiser 2 Orb","floor":39,"turns":7},{"damage":7,"enemies":"Nemesis","floor":40,"turns":9},{"damage":18,"enemies":"4 Shapes","floor":42,"turns":4},{"damage":27,"floor":44,"turns":6},{"damage":7,"enemies":"Spire Growth","floor":48,"turns":4},{"damage":106,"enemies":"Donu and Deca","floor":50,"turns":12}],"seed_played":"-7257542614512538406","potions_obtained":[{"floor":6,"key":"Weak Potion"},{"floor":8,"key":"Weak Potion"},{"floor":14,"key":"PowerPotion"},{"floor":16,"key":"Strength Potion"},{"floor":24,"key":"Poison Potion"},{"floor":28,"key":"Strength Potion"},{"floor":29,"key":"Fire Potion"},{"floor":37,"key":"AttackPotion"},{"floor":40,"key":"SteroidPotion"},{"floor":44,"key":"Dexterity Potion"}],"is_trial":false,"path_per_floor":["M","?","M","M","$","E","?","M","T","M","T","R","M","E","R","B",null,"M","?","?","$","M","R","E","R","T","R","M","M","E","?","R","B",null,"M","M","M","$","M","E","?","M","T","?","R","$","T","M","R","B"],"character_chosen":"IRONCLAD","items_purchased":["Red Skull","Toolbox","Battle Trance+1"],"campfire_rested":1,"item_purchase_floors":[21,38,38],"current_hp_per_floor":[80,64,70,76,76,79,72,69,69,75,75,75,79,97,97,98,101,81,70,57,57,73,73,61,79,79,79,76,83,82,82,82,47,87,90,85,84,84,90,90,79,80,80,74,74,74,74,93,93,43],"gold":48,"neow_bonus":"THREE_SMALL_POTIONS","is_prod":false,"is_daily":false,"chose_seed":false,"campfire_upgraded":7,"win_rate":0.0,"timestamp":1531851708,"path_taken":["M","?","M","M","$","E","?","M","T","?","?","R","M","E","R","BOSS","M","?","?","$","M","R","E","R","T","R","M","?","E","?","R","BOSS","M","M","M","$","M","E","?","M","T","?","R","$","?","?","R","BOSS"],"build_version":"2018-07-12","purchased_purges":3,"victory":true,"max_hp_per_floor":[80,80,80,80,80,87,87,87,87,87,87,87,87,101,101,101,101,101,70,75,75,75,75,79,79,79,79,83,83,83,83,83,87,87,90,90,90,90,90,90,90,93,93,93,93,93,93,93,93,93],"card_choices":[{"not_picked":["Heavy Blade","True Grit"],"picked":"Shockwave","floor":1},{"not_picked":["Clothesline","Power Through"],"picked":"Twin Strike","floor":3},{"not_picked":["Second Wind","Warcry"],"picked":"Thunderclap","floor":4},{"not_picked":["Limit Break","Body Slam"],"picked":"Shrug It Off","floor":6},{"not_picked":["Blood for Blood","Feel No Pain"],"picked":"Metallicize","floor":8},{"not_picked":["Iron Wave","True Grit"],"picked":"Anger","floor":10},{"not_picked":["Thunderclap","Combust"],"picked":"Armaments+1","floor":13},{"not_picked":["Seeing Red+1","Rage+1"],"picked":"Clash","floor":14},{"not_picked":["Brutality","Double Tap+1"],"picked":"Feed","floor":16},{"not_picked":["Flex+1","Corruption"],"picked":"Warcry+1","floor":18},{"not_picked":["True Grit+1","Sever Soul"],"picked":"Clothesline","floor":22},{"not_picked":["Body Slam","Anger"],"picked":"Infernal Blade+1","floor":24},{"not_picked":["Armaments+1","Perfected Strike+1"],"picked":"Shrug It Off+1","floor":28},{"not_picked":["Clash","Perfected Strike+1"],"picked":"Whirlwind","floor":29},{"not_picked":["Dark Embrace","Armaments+1"],"picked":"Cleave","floor":30},{"not_picked":["Double Tap+1","Barricade"],"picked":"Feed","floor":33},{"not_picked":["Shrug It Off+1","Uppercut","Heavy Blade+1"],"picked":"SKIP","floor":35},{"not_picked":["True Grit+1","Perfected Strike+1","Body Slam"],"picked":"SKIP","floor":36},{"not_picked":["Battle Trance+1","Heavy Blade+1"],"picked":"Bludgeon","floor":37},{"not_picked":["Entrench+1","Headbutt"],"picked":"Pommel Strike+1","floor":39},{"not_picked":["Twin Strike","Pommel Strike+1"],"picked":"Dual Wield+1","floor":40},{"not_picked":["Disarm+1","Entrench+1","Armaments+1"],"picked":"SKIP","floor":42},{"not_picked":["Perfected Strike+1","Headbutt"],"picked":"Ghostly Armor+1","floor":48}],"player_experience":69591,"relics_obtained":[{"floor":6,"key":"Strawberry"},{"floor":9,"key":"Kunai"},{"floor":11,"key":"Toxic Egg 2"},{"floor":14,"key":"Mango"},{"floor":24,"key":"Centennial Puzzle"},{"floor":26,"key":"Blood Vial"},{"floor":30,"key":"Incense Burner"},{"floor":40,"key":"Bottled Flame"},{"floor":43,"key":"Matryoshka"},{"floor":44,"key":"Magic Flower"},{"floor":47,"key":"Lantern"},{"floor":47,"key":"Boot"}],"event_choices":[{"event_name":"Shining Light","player_choice":"Entered Light","floor":2,"damage_taken":0},{"event_name":"Scrap Ooze","player_choice":"success","floor":7,"damage_taken":7},{"event_name":"Vampires","player_choice":"Became a vampire","floor":19,"damage_taken":0},{"event_name":"Forgotten Altar","player_choice":"Shed Blood","floor":20,"damage_taken":0},{"event_name":"The Mausoleum","player_choice":"No","floor":31,"damage_taken":0},{"event_name":"Winding Halls","player_choice":"Embrace Madness","floor":41,"damage_taken":0},{"event_name":"MindBloom","player_choice":"Fight","floor":44,"damage_taken":0}],"boss_relics":[{"not_picked":["Tiny House","Velvet Choker"],"picked":"Mark of Pain"},{"not_picked":["White Beast Statue","Busted Crown"],"picked":"Empty Cage"}],"items_purged_floors":[5,21,46],"is_endless":false,"potions_floor_spawned":[3,6,8,14,16,24,28,29,37,40,44],"ascension_level":0}