{"gold_per_floor":[112,125,125,135,151,151,166,199,199,179,105,280,310,325,325,325],"floor_reached":16,"playtime":1470,"items_purged":[],"score":104,"play_id":"640d4512-b528-4d39-94e2-eb9322ef6019","local_time":"20190627230017","is_ascension_mode":false,"campfire_choices":[{"data":"Dagger Throw","floor":6,"key":"SMITH"},{"floor":15,"key":"REST"}],"neow_cost":"NONE","seed_source_timestamp":1754694168955750,"circlet_count":0,"master_deck":["Defend_G","Defend_G","Defend_G","Defend_G","Defend_G","Strike_G","Strike_G","Strike_G","Strike_G","Strike_G","Survivor","Underhanded Strike","Tactician+1","Escape Plan","Dagger Throw+1","Finisher","Dagger Spray","Blur","Noxious Fumes","Doubt","Dagger Throw"],"relics":["Ring of the Snake","Orichalcum","Mummified Hand","Strawberry"],"potions_floor_usage":[8,8,8],"damage_taken":[{"damage":0,"enemies":"Small Slimes","floor":1,"turns":3},{"damage":0,"enemies":"2 Louse","floor":2,"turns":3},{"damage":10,"enemies":"Jaw Worm","floor":4,"turns":5},{"damage":6,"enemies":"Gremlin Gang","floor":5,"turns":9},{"damage":8,"enemies":"Large Slime","floor":7,"turns":7},{"damage":22,"enemies":"3 Sentries","floor":8,"turns":10},{"damage":2,"enemies":"Exordium Thugs","floor":10,"turns":4},{"damage":7,"enemies":"2 Fungi Beasts","floor":14,"turns":5},{"damage":52,"enemies":"Slime Boss","floor":16,"turns":5}],"seed_played":"-101469360108087065","potions_obtained":[{"floor":4,"key":"Poison Potion"},{"floor":5,"key":"FearPotion"},{"floor":7,"key":"Energy Potion"},{"floor":14,"key":"EssenceOfSteel"}],"is_trial":false,"path_per_floor":["M","M","?","M","M","R","M","E","T","M","$","?","?","M","R","B"],"character_chosen":"THE_SILENT","items_purchased":["Noxious Fumes"],"campfire_rested":1,"item_purchase_floors":[11],"current_hp_per_floor":[70,70,70,60,54,54,46,24,24,22,22,22,29,22,45,0],"gold":325,"neow_bonus":"REMOVE_CARD","is_prod":false,"is_daily":false,"chose_seed":false,"campfire_upgraded":1,"win_rate":0.0,"timestamp":1561698017,"path_taken":["M","M","?","M","M","R","M","E","T","M","$","?","?","M","R","BOSS"],"build_version":"2019-01-23","purchased_purges":0,"victory":false,"max_hp_per_floor":[70,70,70,70,70,70,70,70,70,70,70,70,77,77,77,77],"card_choices":[{"not_picked":["Sucker Punch","Dodge and Roll"],"picked":"Underhanded Strike","floor":1},{"not_picked":["Well Laid Plans","Dodge and Roll"],"picked":"Tactician","floor":2},{"not_picked":["Leg Sweep","Noxious Fumes"],"picked":"Escape Plan","floor":4},{"not_picked":["Deflect","Deadly Poison"],"picked":"Dagger Throw","floor":5},{"not_picked":["Sucker Punch","Malaise"],"picked":"Finisher","floor":7},{"not_picked":["Outmaneuver","Acrobatics"],"picked":"Dagger Spray","floor":8},{"not_picked":["Leg Sweep","PiercingWail"],"picked":"Blur","floor":10},{"not_picked":["Reflex","Escape Plan"],"picked":"Dagger Throw","floor":14}],"player_experience":18309,"relics_obtained":[{"floor":8,"key":"Orichalcum"},{"floor":9,"key":"Mummified Hand"}],"event_choices":[{"damage_healed":0,"gold_gain":0,"player_choice":"Grow","damage_taken":0,"max_hp_gain":0,"max_hp_loss":0,"event_name":"Living Wall","floor":3,"gold_loss":0,"cards_upgraded":["Tactician"]},{"damage_healed":0,"gold_gain":175,"player_choice":"AGREE","damage_taken":0,"max_hp_gain":0,"max_hp_loss":0,"event_name":"Liars Game","floor":12,"gold_loss":0,"cards_obtained":["Doubt"]},{"damage_healed":0,"gold_gain":30,"player_choice":"Searched \u00273\u0027 times","damage_taken":0,"relics_obtained":["Strawberry"],"max_hp_gain":0,"max_hp_loss":0,"event_name":"Dead Adventurer","floor":13,"gold_loss":0}],"is_beta":false,"boss_relics":[],"items_purged_floors":[],"is_endless":false,"potions_floor_spawned":[4,5,7,14],"killed_by":"Slime Boss","ascension_level":0}