{"gold_per_floor":[115,115,115,131,142,142,142,153,153,185,185,198,123,138,138,138],"floor_reached":16,"playtime":1032,"items_purged":["Strike_B"],"score":102,"play_id":"caae2195-d945-456c-89c4-9c9f5f24c3ec","local_time":"20190618000118","is_ascension_mode":false,"campfire_choices":[{"data":"Redo","floor":7,"key":"SMITH"},{"floor":11,"key":"REST"},{"floor":15,"key":"REST"}],"neow_cost":"NONE","seed_source_timestamp":55303483364766,"circlet_count":0,"master_deck":["Strike_B","Strike_B+1","Defend_B","Defend_B","Defend_B","Defend_B+1","Zap","Dualcast","Tempest","Redo+1","Electrodynamics","Defragment","Rebound"],"relics":["Cracked Core","Singing Bowl","Ornamental Fan","Boot"],"potions_floor_usage":[],"damage_taken":[{"damage":0,"enemies":"Small Slimes","floor":1,"turns":4},{"damage":0,"enemies":"Jaw Worm","floor":4,"turns":3},{"damage":13,"enemies":"2 Louse","floor":5,"turns":2},{"damage":0,"enemies":"Red Slaver","floor":8,"turns":3},{"damage":28,"enemies":"Lagavulin","floor":10,"turns":6},{"damage":6,"enemies":"Exordium Thugs","floor":12,"turns":4},{"damage":7,"enemies":"2 Fungi Beasts","floor":14,"turns":2},{"damage":50,"enemies":"Hexaghost","floor":16,"turns":9}],"seed_played":"-4078668659548004957","potions_obtained":[{"floor":1,"key":"FearPotion"},{"floor":6,"key":"Ancient Potion"},{"floor":6,"key":"Swift Potion"}],"is_trial":false,"path_per_floor":["M","?","?","M","M","?","R","M","T","E","R","M","$","M","R","B"],"character_chosen":"DEFECT","items_purchased":[],"campfire_rested":2,"item_purchase_floors":[],"current_hp_per_floor":[75,68,53,53,40,40,40,40,40,12,34,30,30,25,48,0],"gold":138,"neow_bonus":"REMOVE_CARD","is_prod":false,"is_daily":false,"chose_seed":false,"campfire_upgraded":1,"win_rate":0.0,"timestamp":1560808878,"path_taken":["M","?","?","M","M","?","R","?","T","E","R","M","$","M","R","BOSS"],"build_version":"2019-01-23","purchased_purges":1,"victory":false,"max_hp_per_floor":[75,75,75,75,75,75,75,75,75,75,75,77,77,79,79,79],"card_choices":[{"not_picked":["Barrage","Stack"],"picked":"Tempest","floor":1},{"not_picked":["Go for the Eyes","Leap"],"picked":"Redo","floor":4},{"not_picked":["Gash","Stack"],"picked":"Electrodynamics","floor":5},{"not_picked":["Conserve Battery","Rebound"],"picked":"Defragment","floor":8},{"not_picked":["Electrodynamics","Gash"],"picked":"Rebound","floor":10},{"not_picked":["Hologram","Coolheaded","Chill"],"picked":"Singing Bowl","floor":12},{"not_picked":["Double Energy","Gash","Beam Cell"],"picked":"Singing Bowl","floor":14}],"player_experience":71511,"relics_obtained":[{"floor":9,"key":"Ornamental Fan"},{"floor":10,"key":"Boot"}],"event_choices":[{"damage_healed":0,"gold_gain":0,"player_choice":"Success","damage_taken":7,"relics_obtained":["Singing Bowl"],"max_hp_gain":0,"max_hp_loss":0,"event_name":"Scrap Ooze","floor":2,"gold_loss":0},{"damage_healed":0,"gold_gain":0,"player_choice":"Entered Light","damage_taken":15,"max_hp_gain":0,"max_hp_loss":0,"event_name":"Shining Light","floor":3,"gold_loss":0,"cards_upgraded":["Strike_B","Defend_B"]},{"damage_healed":0,"gold_gain":0,"player_choice":"Got Potions","damage_taken":0,"max_hp_gain":0,"max_hp_loss":0,"event_name":"Lab","floor":6,"gold_loss":0}],"is_beta":false,"boss_relics":[],"items_purged_floors":[13],"is_endless":false,"potions_floor_spawned":[1,8,14],"killed_by":"Hexaghost","ascension_level":0}