{"gold_per_floor":[110,128,78,78,78,78,95,108,134,185,35,35,48,66,66,163,163,174,89,89,41,59,59,77,93,169,16,16,16,32,42,42,42],"floor_reached":33,"playtime":2613,"items_purged":[],"score":335,"play_id":"bc193b3a-9c26-4439-a8dc-63ca945fd390","local_time":"20181019214536","is_ascension_mode":true,"campfire_choices":[{"data":"Dagger Spray","floor":6,"key":"SMITH"},{"floor":12,"key":"REST"},{"data":"Infinite Blades","floor":15,"key":"SMITH"},{"floor":23,"key":"REST"},{"floor":29,"key":"REST"},{"floor":32,"key":"REST"}],"neow_cost":"NONE","seed_source_timestamp":181505300584191,"circlet_count":0,"master_deck":["Defend_G+1","Defend_G+1","Defend_G+1","Defend_G+1","Defend_G+1","Strike_G+1","Strike_G+1","Strike_G+1","Strike_G+1","Survivor","Neutralize","Infinite Blades+1","Dagger Spray+1","Well Laid Plans","Acrobatics","Poisoned Stab","Backflip","Envenom","Backflip+1","Dagger Spray","Slice+1","Deadly Poison","Cloak And Dagger","Sucker Punch","Accuracy+1"],"relics":["Ring of the Snake","Potion Belt","Centennial Puzzle","Strawberry","Omamori","WristBlade","Pen Nib","Gremlin Horn","Regal Pillow"],"potions_floor_usage":[8,8,14,16,16,16,22,30,31,33,33],"damage_taken":[{"damage":1,"enemies":"Small Slimes","floor":1,"turns":4},{"damage":0,"enemies":"2 Louse","floor":2,"turns":4},{"damage":1,"enemies":"Jaw Worm","floor":7,"turns":3},{"damage":8,"enemies":"Exordium Thugs","floor":8,"turns":4},{"damage":6,"enemies":"Looter","floor":13,"turns":3},{"damage":2,"enemies":"Blue Slaver","floor":14,"turns":4},{"damage":20,"enemies":"The Guardian","floor":16,"turns":11},{"damage":32,"enemies":"Shell Parasite","floor":18,"turns":5},{"damage":26,"enemies":"2 Thieves","floor":22,"turns":4},{"damage":10,"enemies":"Snecko","floor":24,"turns":4},{"damage":9,"enemies":"3 Cultists","floor":25,"turns":5},{"damage":22,"enemies":"Snake Plant","floor":30,"turns":5},{"damage":15,"enemies":"Centurion and Healer","floor":31,"turns":5},{"damage":36,"enemies":"Collector","floor":33,"turns":6}],"seed_played":"6457207026056705389","potions_obtained":[{"floor":1,"key":"Block Potion"},{"floor":2,"key":"AttackPotion"},{"floor":13,"key":"EntropicBrew"},{"floor":25,"key":"Weak Potion"},{"floor":30,"key":"SkillPotion"},{"floor":31,"key":"Energy Potion"}],"is_trial":false,"path_per_floor":["M","M","?","?","?","R","M","M","T","T","$","R","M","M","R","B",null,"M","?","?","$","M","R","M","M","T","$","?","R","M","M","R"],"character_chosen":"THE_SILENT","items_purchased":["Omamori","Dagger Spray","Regal Pillow"],"campfire_rested":4,"item_purchase_floors":[11,21,27],"current_hp_per_floor":[62,62,62,62,48,48,47,39,39,46,46,69,63,61,61,41,68,36,36,36,36,10,33,23,14,14,14,14,52,30,15,53,17],"gold":42,"neow_bonus":"RANDOM_COMMON_RELIC","is_prod":false,"is_daily":false,"chose_seed":false,"campfire_upgraded":2,"win_rate":0,"timestamp":1540003536,"path_taken":["M","M","?","?","?","R","M","M","T","?","?","R","?","M","R","BOSS","M","?","?","$","M","R","M","M","T","$","?","R","M","M","R","BOSS"],"build_version":"2018-10-18","purchased_purges":0,"victory":false,"max_hp_per_floor":[70,70,70,70,70,70,70,70,70,77,77,77,77,77,77,77,77,77,77,77,77,77,77,77,77,77,77,77,77,77,77,77,77],"card_choices":[{"not_picked":["Prepared","Blur"],"picked":"Infinite Blades","floor":1},{"not_picked":["Calculated Gamble","Setup"],"picked":"Dagger Spray","floor":2},{"not_picked":["Outmaneuver","All Out Attack"],"picked":"Well Laid Plans","floor":7},{"not_picked":["Heel Hook","Underhanded Strike"],"picked":"Acrobatics","floor":8},{"not_picked":["Blade Dance","Bane"],"picked":"Poisoned Stab","floor":13},{"not_picked":["All Out Attack","Underhanded Strike"],"picked":"Backflip","floor":14},{"not_picked":["Bullet Time","Grand Finale"],"picked":"Envenom","floor":16},{"not_picked":["PiercingWail+1","Distraction"],"picked":"Backflip+1","floor":18},{"not_picked":["Eviscerate","Catalyst"],"picked":"Slice+1","floor":22},{"not_picked":["Outmaneuver+1","Noxious Fumes+1"],"picked":"Deadly Poison","floor":24},{"not_picked":["Catalyst","Flying Knee"],"picked":"Cloak And Dagger","floor":25},{"not_picked":["Underhanded Strike+1","Footwork"],"picked":"Sucker Punch","floor":30},{"not_picked":["Outmaneuver","Eviscerate"],"picked":"Accuracy+1","floor":31}],"player_experience":808898,"relics_obtained":[{"floor":9,"key":"Centennial Puzzle"},{"floor":10,"key":"Strawberry"},{"floor":26,"key":"Gremlin Horn"}],"event_choices":[{"cards_removed":["Strike_G"],"damage_healed":0,"gold_gain":0,"player_choice":"Card Removal","damage_taken":0,"max_hp_gain":0,"max_hp_loss":0,"event_name":"The Cleric","floor":3,"gold_loss":50},{"damage_healed":0,"gold_gain":0,"player_choice":"Ignored","damage_taken":0,"max_hp_gain":0,"max_hp_loss":0,"event_name":"Liars Game","floor":4,"gold_loss":0},{"damage_healed":0,"gold_gain":0,"player_choice":"Entered Light","damage_taken":14,"max_hp_gain":0,"max_hp_loss":0,"event_name":"Shining Light","floor":5,"gold_loss":0,"cards_upgraded":["Strike_G","Defend_G"]},{"damage_healed":0,"gold_gain":0,"player_choice":"Obtained Relic","damage_taken":0,"relics_obtained":["Pen Nib"],"max_hp_gain":0,"max_hp_loss":0,"event_name":"Addict","floor":19,"gold_loss":85},{"damage_healed":0,"gold_gain":0,"player_choice":"Ignored","damage_taken":0,"max_hp_gain":0,"max_hp_loss":0,"event_name":"Cursed Tome","floor":20,"gold_loss":0},{"damage_healed":0,"gold_gain":0,"player_choice":"Simplicity","damage_taken":0,"max_hp_gain":0,"max_hp_loss":0,"event_name":"Back to Basics","floor":28,"gold_loss":0,"cards_upgraded":["Defend_G","Defend_G","Defend_G","Defend_G","Strike_G","Strike_G","Strike_G"]}],"is_beta":false,"boss_relics":[{"not_picked":["Ectoplasm","Coffee Dripper"],"picked":"WristBlade"}],"items_purged_floors":[],"is_endless":false,"potions_floor_spawned":[1,2,13,25,30,31],"killed_by":"Collector","ascension_level":8}