{"gold_per_floor":[116,129,49,49,1,1,16,29,29,29,67,18,18,37,37,130,130,153,172,172,206,220,220,253,33,33,46,46,62,62,76,76,167,167,180,56,74,132,152,152,152,192,239,239,264,115,130,155,155,155],"floor_reached":51,"playtime":4003,"items_purged":["Injury","Eviscerate","Normality"],"score":1196,"play_id":"c922d332-3202-4b1f-9d55-9e98caee0025","local_time":"20190605231434","is_ascension_mode":true,"campfire_choices":[{"data":"Dash","floor":6.0,"key":"SMITH"},{"data":"Catalyst","floor":10.0,"key":"SMITH"},{"floor":15.0,"key":"REST"},{"data":"Corpse Explosion","floor":23.0,"key":"SMITH"},{"data":"Catalyst","floor":30.0,"key":"SMITH"},{"data":"Backflip","floor":32.0,"key":"SMITH"},{"data":"A Thousand Cuts","floor":40,"key":"SMITH"},{"data":"Envenom","floor":44,"key":"SMITH"},{"data":"Backflip","floor":49,"key":"SMITH"}],"neow_cost":"NONE","seed_source_timestamp":0,"circlet_count":0,"master_deck":["AscendersBane","Survivor","Neutralize","Deadly Poison+1","Footwork","Storm of Steel","Deadly Poison+1","Well Laid Plans","Setup","Adrenaline","Catalyst+1","Poisoned Stab","Slice","Dash+1","Cloak And Dagger","Backflip+1","Slice","Catalyst+1","Backflip+1","Acrobatics","Corpse Explosion+1","Poisoned Stab","Cloak And Dagger","Quick Slash","Acrobatics+1","Quick Slash","Doppelganger+1","Cloak And Dagger+1","A Thousand Cuts+1","Blade Dance+1","Parasite","Envenom+1","Cloak And Dagger+1","Blade Dance+1"],"special_seed":0,"relics":["Pandora\u0027s Box","Golden Idol","Meat on the Bone","Strawberry","Potion Belt","Eternal Feather","Red Mask","Blue Candle","Snake Skull","Singing Bowl","Toxic Egg 2","Cursed Key","Pocketwatch","Anchor","War Paint"],"potions_floor_usage":[35,42,42,50,50,50],"damage_taken":[{"damage":15.0,"enemies":"Small Slimes","floor":1.0,"turns":4.0},{"damage":6.0,"enemies":"Cultist","floor":2.0,"turns":3.0},{"damage":0.0,"enemies":"2 Louse","floor":7.0,"turns":2.0},{"damage":3.0,"enemies":"Large Slime","floor":8.0,"turns":7.0},{"damage":28.0,"enemies":"Lagavulin","floor":11.0,"turns":7.0},{"damage":10.0,"enemies":"Exordium Wildlife","floor":14.0,"turns":3.0},{"damage":24.0,"enemies":"The Guardian","floor":16.0,"turns":6.0},{"damage":21.0,"enemies":"Shell Parasite","floor":18.0,"turns":4.0},{"damage":23.0,"enemies":"3 Byrds","floor":19.0,"turns":3.0},{"damage":0.0,"enemies":"Masked Bandits","floor":21.0,"turns":2.0},{"damage":13.0,"enemies":"Cultist and Chosen","floor":22.0,"turns":4.0},{"damage":38.0,"enemies":"Slavers","floor":24.0,"turns":3.0},{"damage":0.0,"enemies":"Snecko","floor":27.0,"turns":2.0},{"damage":5.0,"enemies":"Chosen and Byrds","floor":29.0,"turns":4.0},{"damage":8.0,"enemies":"Shelled Parasite and Fungi","floor":31.0,"turns":3.0},{"damage":37.0,"enemies":"Collector","floor":33.0,"turns":5.0},{"damage":3,"enemies":"3 Shapes","floor":35,"turns":3},{"damage":10,"enemies":"Orb Walker","floor":37,"turns":3},{"damage":45,"enemies":"2 Orb Walkers","floor":38,"turns":4},{"damage":7,"enemies":"Writhing Mass","floor":39,"turns":4},{"damage":6,"enemies":"Reptomancer","floor":42,"turns":5},{"damage":0,"enemies":"Maw","floor":45,"turns":4},{"damage":6,"enemies":"Sphere and 2 Shapes","floor":47,"turns":3},{"damage":5,"enemies":"3 Darklings","floor":48,"turns":4},{"damage":57,"enemies":"Awakened One","floor":50,"turns":9}],"seed_played":"238405732693765113","potions_obtained":[{"floor":7.0,"key":"Regen Potion"},{"floor":16.0,"key":"EssenceOfSteel"},{"floor":19.0,"key":"SteroidPotion"},{"floor":21.0,"key":"Poison Potion"},{"floor":22.0,"key":"Strength Potion"},{"floor":33.0,"key":"Energy Potion"},{"floor":37,"key":"Strength Potion"},{"floor":38,"key":"LiquidBronze"},{"floor":41,"key":"SteroidPotion"},{"floor":41,"key":"Block Potion"},{"floor":42,"key":"AttackPotion"}],"is_trial":false,"path_per_floor":["M","M","$","?","$","R","M","M","T","R","E","$","?","M","R","B",null,"M","M","?","?","M","R","E","$","T","M","T","M","R","M","R","B",null,"M","$","M","?","M","R","?","E","T","R","M","$","M","M","R","B",null],"character_chosen":"THE_SILENT","items_purchased":["Dash","Cloak And Dagger","Backflip","Snake Skull","Blade Dance+1","Blade Dance+1"],"campfire_rested":1,"item_purchase_floors":[3,5,12,25,36,46],"current_hp_per_floor":[44,38,38,38,38,38,38,35,35,35,26,26,26,28,49,37,64,43,32,32,44,43,58,32,32,32,46,46,41,56,48,63,41,67,66,66,58,27,34,52,52,46,46,64,64,64,60,57,75,30],"gold":155,"neow_bonus":"BOSS_RELIC","is_prod":false,"is_daily":false,"chose_seed":false,"campfire_upgraded":8,"win_rate":0,"timestamp":1559794474,"path_taken":["M","M","$","?","$","R","M","M","T","R","E","$","?","M","R","BOSS","M","?","?","?","M","R","E","?","T","M","?","M","R","M","R","BOSS","M","$","M","?","M","R","?","E","T","R","M","$","M","?","R","BOSS"],"build_version":"2019-01-23","purchased_purges":3,"victory":true,"max_hp_per_floor":[66,66,66,66,66,66,66,66,66,66,73,73,73,73,73,73,73,73,73,73,73,73,73,73,73,73,75,75,75,75,75,75,75,75,77,77,79,81,83,83,83,83,83,83,83,83,85,87,87,87],"card_choices":[{"not_picked":["Sucker Punch","Deflect"],"picked":"Poisoned Stab","floor":1.0},{"not_picked":["Outmaneuver","Endless Agony"],"picked":"Slice","floor":2.0},{"not_picked":["Storm of Steel","Acrobatics"],"picked":"Backflip","floor":7.0},{"not_picked":["Bane","Prepared"],"picked":"Slice","floor":8.0},{"not_picked":["Caltrops","Backflip"],"picked":"Catalyst","floor":11.0},{"not_picked":["PiercingWail","Dodge and Roll"],"picked":"Acrobatics","floor":14.0},{"not_picked":["Unload","Grand Finale"],"picked":"Corpse Explosion","floor":16.0},{"not_picked":["Dagger Spray","Setup"],"picked":"Poisoned Stab","floor":18.0},{"not_picked":["Dagger Throw","Concentrate"],"picked":"Cloak And Dagger","floor":19.0},{"not_picked":["Dodge and Roll","Blade Dance"],"picked":"Quick Slash","floor":21.0},{"not_picked":["Dagger Throw","Tactician+1"],"picked":"Acrobatics+1","floor":22.0},{"not_picked":["Acrobatics","Prepared"],"picked":"Quick Slash","floor":24.0},{"not_picked":["Setup","Finisher","Acrobatics"],"picked":"Singing Bowl","floor":27.0},{"not_picked":["Reflex+1","Accuracy"],"picked":"Doppelganger+1","floor":29.0},{"not_picked":["Flying Knee","PiercingWail+1"],"picked":"Cloak And Dagger+1","floor":31.0},{"not_picked":["Grand Finale","Phantasmal Killer+1"],"picked":"A Thousand Cuts","floor":33.0},{"not_picked":["Bane","Skewer","Cloak And Dagger+1"],"picked":"Singing Bowl","floor":35},{"not_picked":["Blade Dance+1","Predator+1","PiercingWail+1"],"picked":"Singing Bowl","floor":37},{"not_picked":["Skewer","Acrobatics+1","Quick Slash"],"picked":"Singing Bowl","floor":38},{"not_picked":["Choke","Finisher+1","Leg Sweep+1"],"picked":"Singing Bowl","floor":39},{"not_picked":["Dagger Spray+1","Accuracy"],"picked":"Envenom","floor":42},{"not_picked":["Dodge and Roll+1","Dagger Throw"],"picked":"Cloak And Dagger+1","floor":45},{"not_picked":["Dodge and Roll+1","Tactician+1","Underhanded Strike"],"picked":"Singing Bowl","floor":47},{"not_picked":["All Out Attack","Dagger Spray","Masterful Stab+1"],"picked":"Singing Bowl","floor":48}],"player_experience":1407253,"relics_obtained":[{"floor":9.0,"key":"Meat on the Bone"},{"floor":11.0,"key":"Strawberry"},{"floor":21.0,"key":"Red Mask"},{"floor":24.0,"key":"Blue Candle"},{"floor":26.0,"key":"Singing Bowl"},{"floor":28.0,"key":"Toxic Egg 2"},{"floor":38,"key":"Pocketwatch"},{"floor":42,"key":"Anchor"},{"floor":43,"key":"War Paint"}],"event_choices":[{"damage_healed":0.0,"max_hp_gain":0.0,"max_hp_loss":0.0,"gold_gain":0.0,"event_name":"Golden Idol","player_choice":"Take Wound","floor":4.0,"gold_loss":0.0,"damage_taken":0.0,"relics_obtained":["Golden Idol"],"cards_obtained":["Injury"]},{"cards_removed":["Tools of the Trade"],"damage_healed":0.0,"max_hp_gain":0.0,"max_hp_loss":0.0,"gold_gain":0.0,"event_name":"WeMeetAgain","player_choice":"Gave Card","floor":13.0,"gold_loss":0.0,"damage_taken":0.0,"relics_obtained":["Potion Belt"]},{"damage_healed":0.0,"max_hp_gain":0.0,"max_hp_loss":0.0,"gold_gain":0.0,"event_name":"Beggar","player_choice":"Ignored","floor":20.0,"gold_loss":0.0,"damage_taken":0.0},{"damage_healed":0.0,"max_hp_gain":0.0,"max_hp_loss":0.0,"gold_gain":0.0,"event_name":"Masked Bandits","player_choice":"Fought Bandits","floor":21.0,"gold_loss":0.0,"damage_taken":0.0},{"damage_healed":0,"gold_gain":0,"player_choice":"Fight","damage_taken":0,"max_hp_gain":0,"max_hp_loss":0,"event_name":"Mysterious Sphere","floor":38,"gold_loss":0},{"damage_healed":0,"gold_gain":0,"player_choice":"Got Potions","damage_taken":0,"max_hp_gain":0,"max_hp_loss":0,"event_name":"Lab","floor":41,"gold_loss":0}],"is_beta":false,"boss_relics":[{"not_picked":["White Beast Statue","Philosopher\u0027s Stone"],"picked":"Eternal Feather"},{"not_picked":["Calling Bell","Fusion Hammer"],"picked":"Cursed Key"}],"items_purged_floors":[25,36,46],"is_endless":false,"potions_floor_spawned":[7,16,19,21,22,33,37,38,39,42],"ascension_level":14}