{"gold_per_floor":[111,12,32,45,58,58,87,87,87,116,116,126,138,152,152,248,248,263,188,188,204,216,248,248,258,258,301,323,25,25,40,40,136,136,151,151,163,182,182,182,233,268,268,283,297,297,297,307,307,307],"floor_reached":50,"playtime":4464,"items_purged":[],"score":657,"play_id":"c3ac6af1-0e21-4ea7-927b-d003b601d845","local_time":"20180928203109","is_ascension_mode":true,"campfire_choices":[{"floor":6,"key":"REST"},{"data":"Reaper","floor":15,"key":"SMITH"},{"floor":24,"key":"REST"},{"floor":32,"key":"REST"},{"floor":40,"key":"DIG"},{"floor":46,"key":"REST"},{"floor":49,"key":"REST"}],"neow_cost":"NONE","seed_source_timestamp":24641607345614,"circlet_count":0,"master_deck":["Bash","Uppercut","Anger+1","Cleave","Reaper+1","Rampage","Flame Barrier","Headbutt+1","Impervious","Flex","Anger","Blood for Blood","Cleave","Infernal Blade","Cleave","J.A.X.","Power Through+1","Twin Strike","Pommel Strike+1","Feed","Flex","Cleave+1","Demon Form","Shockwave+1","Panache","Iron Wave+1","Twin Strike","Ghostly Armor","Shrug It Off","Heavy Blade"],"relics":["Black Blood","Anchor","Question Card","Bag of Preparation","Dream Catcher","Pandora\u0027s Box","Magic Flower","MawBank","Boot","Shovel","Ancient Tea Set","Juzu Bracelet","Whetstone","Darkstone Periapt"],"potions_floor_usage":[7,10,12,14,23,23,25,33,42,42,44],"damage_taken":[{"damage":5,"enemies":"Small Slimes","floor":1,"turns":3},{"damage":10,"enemies":"Cultist","floor":3,"turns":5},{"damage":2,"enemies":"2 Louse","floor":4,"turns":3},{"damage":31,"enemies":"Gremlin Gang","floor":5,"turns":5},{"damage":16,"enemies":"Gremlin Nob","floor":7,"turns":4},{"damage":40,"enemies":"Lagavulin","floor":10,"turns":6},{"damage":0,"enemies":"Exordium Wildlife","floor":12,"turns":1},{"damage":3,"enemies":"3 Louse","floor":13,"turns":2},{"damage":1,"enemies":"Gremlin Gang","floor":14,"turns":4},{"damage":30,"enemies":"Slime Boss","floor":16,"turns":9},{"damage":5,"enemies":"Chosen","floor":18,"turns":3},{"damage":9,"enemies":"3 Byrds","floor":21,"turns":3},{"damage":36,"enemies":"Sentry and Sphere","floor":22,"turns":4},{"damage":32,"enemies":"Slavers","floor":23,"turns":5},{"damage":21,"enemies":"Cultist and Chosen","floor":25,"turns":6},{"damage":61,"enemies":"Gremlin Leader","floor":27,"turns":5},{"damage":21,"enemies":"Chosen and Byrds","floor":28,"turns":6},{"damage":17,"enemies":"Snake Plant","floor":31,"turns":3},{"damage":100,"enemies":"Automaton","floor":33,"turns":12},{"damage":32,"enemies":"3 Darklings","floor":35,"turns":3},{"damage":14,"enemies":"Orb Walker","floor":37,"turns":3},{"damage":27,"enemies":"Spire Growth","floor":38,"turns":6},{"damage":42,"enemies":"Giant Head","floor":42,"turns":6},{"damage":29,"enemies":"4 Shapes","floor":44,"turns":3},{"damage":41,"enemies":"3 Darklings","floor":45,"turns":4},{"damage":44,"enemies":"Reptomancer","floor":48,"turns":4},{"damage":110,"enemies":"Donu and Deca","floor":50,"turns":7}],"seed_played":"-8918721944370796565","potions_obtained":[{"floor":4,"key":"Ancient Potion"},{"floor":5,"key":"EssenceOfSteel"},{"floor":10,"key":"SteroidPotion"},{"floor":13,"key":"Energy Potion"},{"floor":14,"key":"FairyPotion"},{"floor":16,"key":"SkillPotion"},{"floor":22,"key":"EssenceOfSteel"},{"floor":23,"key":"Block Potion"},{"floor":31,"key":"SkillPotion"},{"floor":33,"key":"SpeedPotion"},{"floor":35,"key":"Explosive Potion"},{"floor":37,"key":"Weak Potion"},{"floor":38,"key":"Swift Potion"}],"is_trial":false,"path_per_floor":["M","?","M","M","M","R","E","?","T","E","?","M","M","M","R","B",null,"M","?","?","M","M","E","R","M","T","E","M","$","?","M","R","B",null,"M","?","M","M","?","R","T","E","T","M","M","R","?","M","R"],"character_chosen":"IRONCLAD","items_purchased":["Shovel"],"campfire_rested":5,"item_purchase_floors":[29],"current_hp_per_floor":[88,88,84,88,63,88,78,78,78,48,48,54,69,88,88,69,88,88,88,88,88,58,32,58,67,67,41,34,34,34,31,59,20,94,91,91,92,80,80,80,80,70,70,61,35,64,64,35,64,0],"gold":307,"neow_bonus":"TEN_PERCENT_HP_BONUS","is_prod":false,"is_daily":false,"chose_seed":false,"campfire_upgraded":1,"win_rate":0,"timestamp":1538191869,"path_taken":["M","?","M","?","M","R","E","?","T","E","?","M","M","?","R","BOSS","M","?","?","M","M","E","R","?","T","E","M","$","?","M","R","BOSS","M","?","M","?","?","R","?","E","T","M","M","R","?","M","R","BOSS"],"build_version":"2018-09-27","purchased_purges":0,"victory":false,"max_hp_per_floor":[88,88,88,88,88,88,88,88,88,88,88,88,88,88,88,88,88,88,88,88,88,88,88,88,88,88,88,91,91,91,94,94,94,94,94,94,94,94,94,94,94,94,94,97,97,97,97,97,97,97],"card_choices":[{"not_picked":["Warcry","Second Wind","Heavy Blade"],"picked":"SKIP","floor":1},{"not_picked":["Fire Breathing","Clash"],"picked":"Uppercut","floor":3},{"not_picked":["Second Wind","Body Slam"],"picked":"Anger","floor":4},{"not_picked":["Rampage","Body Slam"],"picked":"Cleave","floor":5},{"not_picked":["Flex","Armaments"],"picked":"Reaper","floor":7},{"not_picked":["Heavy Blade","Metallicize","Warcry","Clash"],"picked":"SKIP","floor":10},{"not_picked":["Wild Strike","Dropkick","Corruption"],"picked":"Flame Barrier","floor":12},{"not_picked":["Rupture","Warcry","Heavy Blade"],"picked":"Headbutt","floor":13},{"not_picked":["Rage","Hemokinesis","Wild Strike","Uppercut"],"picked":"SKIP","floor":14},{"not_picked":["Double Tap","Exhume","Feed"],"picked":"Impervious","floor":16},{"not_picked":["Evolve","Havoc","True Grit","Headbutt"],"picked":"SKIP","floor":18},{"not_picked":["Sword Boomerang","Anger","Perfected Strike"],"picked":"Power Through+1","floor":21},{"not_picked":["Rage+1","Perfected Strike","Armaments+1"],"picked":"Twin Strike","floor":22},{"not_picked":["Perfected Strike","Havoc","Rupture","Rampage"],"picked":"SKIP","floor":23},{"not_picked":["Iron Wave","Seeing Red","Flex"],"picked":"Pommel Strike+1","floor":25},{"not_picked":["Headbutt","Clash","Havoc+1"],"picked":"Feed","floor":27},{"not_picked":["Body Slam","Pommel Strike","Uppercut+1","True Grit"],"picked":"SKIP","floor":28},{"not_picked":["Clothesline+1","Shrug It Off","Twin Strike"],"picked":"Flex","floor":31},{"not_picked":["Double Tap","Armaments","Flex"],"picked":"Cleave+1","floor":32},{"not_picked":["Dark Embrace","Barricade","Exhume"],"picked":"Demon Form","floor":33},{"not_picked":["Pommel Strike+1","Thunderclap+1","Clothesline"],"picked":"Shockwave+1","floor":35},{"not_picked":["Purity","Finesse","Good Instincts"],"picked":"Panache","floor":36},{"not_picked":["Iron Wave+1","Metallicize","Feel No Pain+1","Uppercut"],"picked":"SKIP","floor":37},{"not_picked":["Blood for Blood+1","Pummel","Intimidate+1"],"picked":"Iron Wave+1","floor":38},{"not_picked":["Entrench","Dark Embrace","Flex"],"picked":"Twin Strike","floor":42},{"not_picked":["Clothesline","Warcry+1","Pommel Strike"],"picked":"Ghostly Armor","floor":44},{"not_picked":["Metallicize","Clothesline","Rampage"],"picked":"Shrug It Off","floor":45},{"not_picked":["Clothesline","Perfected Strike+1","Dark Embrace"],"picked":"Heavy Blade","floor":46},{"not_picked":["Thunderclap","Perfected Strike+1","True Grit","Inflame+1"],"picked":"SKIP","floor":48}],"player_experience":399902,"relics_obtained":[{"floor":7,"key":"Question Card"},{"floor":9,"key":"Bag of Preparation"},{"floor":10,"key":"Dream Catcher"},{"floor":23,"key":"Magic Flower"},{"floor":26,"key":"MawBank"},{"floor":27,"key":"Boot"},{"floor":40,"key":"Ancient Tea Set"},{"floor":41,"key":"Juzu Bracelet"},{"floor":42,"key":"Whetstone"},{"floor":43,"key":"Darkstone Periapt"}],"event_choices":[{"event_name":"WeMeetAgain","player_choice":"Gold","floor":2,"damage_taken":0},{"event_name":"Shining Light","player_choice":"Ignored","floor":8,"damage_taken":0},{"event_name":"Transmorgrifier","player_choice":"Transform","floor":11,"damage_taken":0},{"event_name":"Beggar","player_choice":"Gave Gold","floor":19,"damage_taken":0},{"event_name":"Drug Dealer","player_choice":"Got JAX","floor":20,"damage_taken":0},{"event_name":"Wheel of Change","player_choice":"Card Removal","floor":30,"damage_taken":0},{"event_name":"SensoryStone","player_choice":"Memory 1","floor":36,"damage_taken":0},{"event_name":"Tomb of Lord Red Mask","player_choice":"Ignored","floor":39,"damage_taken":0},{"event_name":"Mysterious Sphere","player_choice":"Ignore","floor":47,"damage_taken":0}],"is_beta":false,"boss_relics":[{"not_picked":["Snecko Eye","Tiny House"],"picked":"Pandora\u0027s Box"},{"not_picked":["Runic Pyramid","Runic Cube"],"picked":"Black Blood"}],"items_purged_floors":[],"is_endless":false,"potions_floor_spawned":[4,5,10,13,14,16,22,23,31,33,35,37,38],"killed_by":"Donu and Deca","ascension_level":3}