{"gold_per_floor":[362,362,362,362,49,49,85,103,181,197,210,210],"floor_reached":12,"playtime":945,"items_purged":["Defend_G"],"score":90,"play_id":"26fda57b-7fee-4bbd-ab88-ffd29e3f04ce","local_time":"20190525185754","is_ascension_mode":true,"campfire_choices":[{"floor":6,"key":"REST"}],"neow_cost":"PERCENT_DAMAGE","seed_source_timestamp":1538127770002384,"circlet_count":0,"master_deck":["Defend_G","Defend_G","Defend_G","Defend_G","Strike_G","Strike_G","Strike_G","Strike_G","Survivor","Neutralize","Crippling Poison","Blur","Outmaneuver","PiercingWail","Dash"],"relics":["Ring of the Snake","Pen Nib","Golden Idol","Pantograph","Question Card"],"potions_floor_usage":[7,11,12],"damage_taken":[{"damage":10,"enemies":"Small Slimes","floor":1,"turns":6},{"damage":29,"enemies":"Gremlin Nob","floor":7,"turns":5},{"damage":0,"enemies":"Jaw Worm","floor":8,"turns":6},{"damage":1,"enemies":"2 Louse","floor":10,"turns":3},{"damage":0,"enemies":"Looter","floor":11,"turns":4},{"damage":12,"enemies":"3 Sentries","floor":12,"turns":9}],"seed_played":"372019088139449005","potions_obtained":[{"floor":1,"key":"SkillPotion"},{"floor":8,"key":"Poison Potion"},{"floor":11,"key":"SpeedPotion"}],"is_trial":false,"path_per_floor":["M","?","?","?","$","R","E","M","T","M","M","E"],"character_chosen":"THE_SILENT","items_purchased":["Pantograph"],"campfire_rested":1,"item_purchase_floors":[5],"current_hp_per_floor":[39,32,14,14,14,33,4,4,4,3,3,0],"gold":210,"neow_bonus":"TWO_FIFTY_GOLD","is_prod":false,"is_daily":false,"chose_seed":false,"campfire_upgraded":0,"win_rate":0,"timestamp":1558803474,"path_taken":["M","?","?","?","$","R","E","M","T","M","M","E"],"build_version":"2019-01-23","purchased_purges":1,"victory":false,"max_hp_per_floor":[70,70,70,65,65,65,65,65,65,65,65,65],"card_choices":[{"not_picked":["Expertise","Escape Plan"],"picked":"Crippling Poison","floor":1},{"not_picked":["Dagger Throw","Poisoned Stab"],"picked":"Blur","floor":7},{"not_picked":["Slice","Caltrops","Infinite Blades"],"picked":"Outmaneuver","floor":8},{"not_picked":["Cloak And Dagger","Setup","Outmaneuver"],"picked":"PiercingWail","floor":10},{"not_picked":["Skewer","Dodge and Roll","Acrobatics"],"picked":"Dash","floor":11}],"player_experience":315275,"relics_obtained":[{"floor":7,"key":"Question Card"}],"event_choices":[{"cards_removed":["Strike_G"],"damage_healed":0,"gold_gain":0,"player_choice":"Card Removal","damage_taken":7,"max_hp_gain":0,"max_hp_loss":0,"event_name":"Golden Wing","floor":2,"gold_loss":0},{"damage_healed":0,"gold_gain":0,"player_choice":"Success","damage_taken":18,"relics_obtained":["Pen Nib"],"max_hp_gain":0,"max_hp_loss":0,"event_name":"Scrap Ooze","floor":3,"gold_loss":0},{"damage_healed":0,"gold_gain":0,"player_choice":"Lose Max HP","damage_taken":0,"relics_obtained":["Golden Idol"],"max_hp_gain":0,"max_hp_loss":5,"event_name":"Golden Idol","floor":4,"gold_loss":0}],"is_beta":false,"boss_relics":[],"items_purged_floors":[5],"is_endless":false,"potions_floor_spawned":[1,8,11],"killed_by":"3 Sentries","ascension_level":3}