{"gold_per_floor":[116,116,41,53,128,155,172,190,237,267,284,298,298,398,398,497,547,563,576,476,504,516,543,561,561,561,561],"floor_reached":27,"playtime":1917,"items_purged":["Regret","Strike_B"],"score":363,"play_id":"4de59a41-6a6a-4f4c-adfc-3fe22fcf39b2","local_time":"20181031220557","is_ascension_mode":true,"campfire_choices":[{"data":"Tempest","floor":13.0,"key":"SMITH"},{"floor":15.0,"key":"REST"},{"floor":25.0,"key":"REST"}],"neow_cost":"NONE","seed_source_timestamp":0,"circlet_count":0,"master_deck":["Strike_B","Strike_B","Strike_B","Defend_B+1","Defend_B","Defend_B","Defend_B","Zap","Dualcast+1","Ball Lightning","Compile Driver","Leap","Tempest+1","Go for the Eyes+1","Reboot","Cold Snap","Doom and Gloom","Turbo","Echo Form","Compile Driver","Glacier","Self Repair","Hologram+1","Doom and Gloom","Cold Snap+1","Ball Lightning+1"],"special_seed":0,"relics":["Cracked Core","NeowsBlessing","Pear","Oddly Smooth Stone","Dream Catcher","War Paint","Tiny House","Red Mask","Du-Vu Doll","Singing Bowl"],"potions_floor_usage":[],"damage_taken":[{"damage":0.0,"enemies":"Jaw Worm","floor":1.0,"turns":1.0},{"damage":0.0,"enemies":"Small Slimes","floor":4.0,"turns":1.0},{"damage":0.0,"enemies":"Lagavulin","floor":6.0,"turns":1.0},{"damage":0.0,"enemies":"2 Louse","floor":7.0,"turns":2.0},{"damage":2.0,"enemies":"Exordium Wildlife","floor":8.0,"turns":3.0},{"damage":28.0,"enemies":"Gremlin Nob","floor":10.0,"turns":4.0},{"damage":0.0,"enemies":"3 Louse","floor":11.0,"turns":3.0},{"damage":0.0,"enemies":"Exordium Thugs","floor":12.0,"turns":3.0},{"damage":22.0,"enemies":"Hexaghost","floor":16.0,"turns":10.0},{"damage":14.0,"enemies":"2 Thieves","floor":18.0,"turns":3.0},{"damage":0.0,"enemies":"Chosen","floor":19.0,"turns":5.0},{"damage":15.0,"enemies":"Masked Bandits","floor":21.0,"turns":3.0},{"damage":8.0,"enemies":"3 Cultists","floor":22.0,"turns":5.0},{"damage":40.0,"enemies":"Slavers","floor":23.0,"turns":7.0},{"damage":11.0,"enemies":"Sentry and Sphere","floor":24.0,"turns":3.0},{"damage":0,"enemies":"Snake Plant","floor":27,"turns":1}],"seed_played":"6071867945037837200","potions_obtained":[{"floor":6.0,"key":"EssenceOfSteel"},{"floor":10.0,"key":"SteroidPotion"},{"floor":12.0,"key":"SteroidPotion"},{"floor":17.0,"key":"Strength Potion"},{"floor":18.0,"key":"FocusPotion"},{"floor":23.0,"key":"PowerPotion"},{"floor":24.0,"key":"FocusPotion"}],"is_trial":false,"path_per_floor":["M","?","$","M","?","E","M","M","T","E","M","M","R","?","R","B",null,"M","M","$","?","M","E","M","R","T"],"character_chosen":"DEFECT","items_purchased":[],"campfire_rested":2,"item_purchase_floors":[],"current_hp_per_floor":[75,85,85,85,74,74,74,72,72,44,44,44,44,44,69,47,81,67,67,67,52,51,18,7,34,34,34],"gold":561,"neow_bonus":"THREE_ENEMY_KILL","is_prod":false,"is_daily":false,"chose_seed":false,"campfire_upgraded":1,"win_rate":0,"timestamp":1541041557,"path_taken":["M","?","$","M","?","E","M","M","T","E","M","M","R","?","R","BOSS","M","M","$","?","M","E","M","R","T","?"],"build_version":"2018-10-25v2","purchased_purges":2,"victory":false,"max_hp_per_floor":[75,85,85,85,85,85,85,85,85,85,85,85,85,85,85,85,90,90,90,90,90,90,90,90,90,90,90],"card_choices":[{"not_picked":["Turbo","Hologram"],"picked":"Ball Lightning","floor":1.0},{"not_picked":["Coolheaded","Beam Cell"],"picked":"Compile Driver","floor":4.0},{"not_picked":["Hello World","Stack"],"picked":"Leap","floor":6.0},{"not_picked":["Conserve Battery","Rebound"],"picked":"Tempest","floor":7.0},{"not_picked":["Multi-Cast","Coolheaded"],"picked":"Go for the Eyes","floor":8.0},{"not_picked":["Coolheaded","Go for the Eyes"],"picked":"Reboot","floor":10.0},{"not_picked":["Gash","Heatsinks"],"picked":"Cold Snap","floor":11.0},{"not_picked":["Compile Driver","Aggregate"],"picked":"Doom and Gloom","floor":12.0},{"not_picked":["Undo","Reprogram"],"picked":"Turbo","floor":15.0},{"not_picked":["Multi-Cast","Creative AI"],"picked":"Echo Form","floor":16.0},{"not_picked":["Barrage","Melter"],"picked":"Compile Driver","floor":17.0},{"not_picked":["Turbo","Genetic Algorithm"],"picked":"Glacier","floor":18.0},{"not_picked":["Cold Snap+1","Undo+1"],"picked":"Self Repair","floor":19.0},{"not_picked":["Recycle","Hello World"],"picked":"Hologram+1","floor":21.0},{"not_picked":["Go for the Eyes","Rip and Tear"],"picked":"Doom and Gloom","floor":22.0},{"not_picked":["Leap","Rip and Tear"],"picked":"Cold Snap+1","floor":23.0},{"not_picked":["Hologram+1","Lockon","Coolheaded"],"picked":"SKIP","floor":24.0},{"not_picked":["Leap","White Noise"],"picked":"Ball Lightning+1","floor":25.0}],"player_experience":907170,"relics_obtained":[{"floor":6.0,"key":"Oddly Smooth Stone"},{"floor":9.0,"key":"Dream Catcher"},{"floor":10.0,"key":"War Paint"},{"floor":21.0,"key":"Red Mask"},{"floor":23.0,"key":"Du-Vu Doll"},{"floor":26.0,"key":"Singing Bowl"}],"event_choices":[{"damage_healed":0.0,"max_hp_gain":0.0,"max_hp_loss":0.0,"gold_gain":0.0,"event_name":"Big Fish","player_choice":"Box","floor":2.0,"gold_loss":0.0,"damage_taken":0.0,"relics_obtained":["Pear"],"cards_obtained":["Regret"]},{"damage_healed":0.0,"max_hp_gain":0.0,"max_hp_loss":0.0,"gold_gain":75.0,"event_name":"World of Goop","player_choice":"Gather Gold","floor":5.0,"gold_loss":0.0,"damage_taken":11.0},{"damage_healed":0.0,"max_hp_gain":0.0,"max_hp_loss":0.0,"gold_gain":100.0,"event_name":"Wheel of Change","player_choice":"Gold","floor":14.0,"gold_loss":0.0,"damage_taken":0.0},{"damage_healed":0.0,"max_hp_gain":0.0,"max_hp_loss":0.0,"gold_gain":0.0,"event_name":"Masked Bandits","player_choice":"Fought Bandits","floor":21.0,"gold_loss":0.0,"damage_taken":0.0}],"is_beta":false,"boss_relics":[{"not_picked":["Cursed Key","Coffee Dripper"],"picked":"Tiny House"}],"items_purged_floors":[3,20],"is_endless":false,"potions_floor_spawned":[6,10,12,18,23,24],"killed_by":"Snake Plant","ascension_level":5}