{"gold_per_floor":[115,115,127,138,153,153,153,153,153,180,199,45,70,84,84,84],"floor_reached":16,"playtime":865,"items_purged":[],"score":134,"play_id":"027fd10b-e201-416a-a79c-67d77c3d2936","local_time":"20181007142014","is_ascension_mode":true,"campfire_choices":[{"floor":6,"key":"REST"},{"floor":8,"key":"REST"},{"floor":15,"key":"REST"}],"neow_cost":"NONE","seed_source_timestamp":783584356327705,"circlet_count":0,"master_deck":["Strike_B","Strike_B","Strike_B","Strike_B","Defend_B","Defend_B","Defend_B","Defend_B","Zap","Dualcast","Streamline","Hologram","Genetic Algorithm","Static Discharge","Consume","Conserve Battery","Darkness","Fusion"],"relics":["Cracked Core","Bag of Marbles","Shuriken","Torii","Frozen Egg 2","Anchor","Bird Faced Urn"],"potions_floor_usage":[11,14,16],"damage_taken":[{"damage":0,"enemies":"Small Slimes","floor":1,"turns":3},{"damage":12,"enemies":"Jaw Worm","floor":3,"turns":2},{"damage":0,"enemies":"Cultist","floor":4,"turns":2},{"damage":28,"enemies":"Lots of Slimes","floor":5,"turns":5},{"damage":22,"enemies":"Lagavulin","floor":10,"turns":5},{"damage":9,"enemies":"Exordium Thugs","floor":11,"turns":3},{"damage":38,"enemies":"Gremlin Nob","floor":13,"turns":4},{"damage":0,"enemies":"Red Slaver","floor":14,"turns":3},{"damage":56,"enemies":"Slime Boss","floor":16,"turns":5}],"seed_played":"6094129521270898407","potions_obtained":[{"floor":10,"key":"Fire Potion"},{"floor":13,"key":"Poison Potion"},{"floor":14,"key":"Energy Potion"}],"is_trial":false,"path_per_floor":["M","?","M","M","M","R","T","R","T","E","M","$","E","M","R"],"character_chosen":"DEFECT","items_purchased":["Anchor"],"campfire_rested":3,"item_purchase_floors":[12],"current_hp_per_floor":[82,79,67,67,39,63,63,82,82,60,51,51,13,13,37,0],"gold":84,"neow_bonus":"TEN_PERCENT_HP_BONUS","is_prod":false,"is_daily":false,"chose_seed":false,"campfire_upgraded":0,"win_rate":0,"timestamp":1538947214,"path_taken":["M","?","M","M","?","R","?","R","T","E","M","$","E","M","R","BOSS"],"build_version":"2018-10-04v2","purchased_purges":0,"victory":false,"max_hp_per_floor":[82,82,82,82,82,82,82,82,82,82,82,82,82,82,82,82],"card_choices":[{"not_picked":["Turbo","Stack"],"picked":"Streamline","floor":1},{"not_picked":["Gash","Stack"],"picked":"Hologram","floor":3},{"not_picked":["Recycle","Gash"],"picked":"Genetic Algorithm","floor":4},{"not_picked":["Leap","Turbo"],"picked":"Static Discharge","floor":5},{"not_picked":["Hologram","Coolheaded"],"picked":"Consume","floor":10},{"not_picked":["Redo","Barrage"],"picked":"Conserve Battery","floor":11},{"not_picked":["Hello World+1","Leap"],"picked":"Darkness","floor":13},{"not_picked":["Blizzard","Steam"],"picked":"Fusion","floor":14}],"player_experience":433398,"relics_obtained":[{"floor":7,"key":"Shuriken"},{"floor":9,"key":"Torii"},{"floor":10,"key":"Frozen Egg 2"},{"floor":13,"key":"Bird Faced Urn"}],"event_choices":[{"event_name":"Scrap Ooze","player_choice":"success","floor":2,"damage_taken":3}],"is_beta":false,"boss_relics":[],"items_purged_floors":[],"is_endless":false,"potions_floor_spawned":[10,13,14],"killed_by":"Slime Boss","ascension_level":4}