{"gold_per_floor":[119,119,133,133,147,147,166,166,190,190,219,230,242,242,242,337,337,352,352,203,203,223,223,223,235,288,288,307,50,50,68,68,68],"floor_reached":33,"playtime":1731,"items_purged":["Defend_R"],"score":272,"play_id":"0850812a-2bd4-44ef-b736-a1db584b02b0","local_time":"20180705145535","is_ascension_mode":false,"campfire_choices":[{"data":"Searing Blow","floor":6,"key":"SMITH"},{"floor":8,"key":"REST"},{"floor":10,"key":"REST"},{"data":"Searing Blow+1","floor":15,"key":"SMITH"},{"data":"Searing Blow+2","floor":23,"key":"SMITH"},{"data":"Searing Blow+3","floor":27,"key":"SMITH"},{"data":"Searing Blow+4","floor":32,"key":"SMITH"}],"neow_cost":"FIFTY_PERCENT_DAMAGE","seed_source_timestamp":773087512125252,"circlet_count":0,"master_deck":["Defend_R+1","Bash+1","Searing Blow+5","Spot Weakness","Pommel Strike","Heavy Blade","Flame Barrier","Fiend Fire","Bite","Bite","Bite","Bite","Bite","Infernal Blade","Flex","Warcry","Flex","Cleave","Shrug It Off"],"relics":["Burning Blood","Lantern","Eternal Feather","Boot","Shuriken"],"potions_floor_usage":[5,11,16,16,28,31],"damage_taken":[{"damage":0,"enemies":"Small Slimes","floor":1,"turns":3},{"damage":10,"enemies":"Jaw Worm","floor":3,"turns":4},{"damage":3,"enemies":"Cultist","floor":5,"turns":2},{"damage":19,"enemies":"Blue Slaver","floor":7,"turns":4},{"damage":39,"enemies":"Lagavulin","floor":11,"turns":8},{"damage":10,"enemies":"Looter","floor":12,"turns":3},{"damage":1,"enemies":"Exordium Wildlife","floor":13,"turns":3},{"damage":8,"enemies":"Slime Boss","floor":16,"turns":8},{"damage":29,"enemies":"Shell Parasite","floor":18,"turns":9},{"damage":5,"enemies":"3 Byrds","floor":22,"turns":4},{"damage":22,"enemies":"Snake Plant","floor":25,"turns":3},{"damage":31,"enemies":"Cultist and Chosen","floor":28,"turns":5},{"damage":15,"enemies":"Snecko","floor":31,"turns":3},{"damage":95,"enemies":"Champ","floor":33,"turns":9}],"seed_played":"-6721793702008326639","potions_obtained":[{"floor":1,"key":"AttackPotion"},{"floor":3,"key":"GamblersBrew"},{"floor":11,"key":"AttackPotion"},{"floor":12,"key":"AttackPotion"},{"floor":22,"key":"AttackPotion"},{"floor":28,"key":"SkillPotion"}],"is_trial":false,"path_per_floor":["M","?","M","?","M","R","M","R","T","R","E","M","M","?","R","B",null,"M","?","$","?","M","R","?","M","T","R","M","$","?","M","R"],"character_chosen":"IRONCLAD","items_purchased":["Infernal Blade","Shuriken"],"campfire_rested":2,"item_purchase_floors":[20,29],"current_hp_per_floor":[46,30,26,26,29,29,16,40,40,64,31,29,36,36,36,36,80,57,57,57,57,70,76,76,68,68,74,55,55,55,50,56,0],"gold":68,"neow_bonus":"REMOVE_TWO","is_prod":false,"is_daily":false,"chose_seed":false,"campfire_upgraded":5,"win_rate":0,"timestamp":1530820535,"path_taken":["M","?","?","?","M","R","M","R","T","R","E","M","?","?","R","BOSS","M","?","$","?","M","R","?","M","T","R","M","$","?","M","R","BOSS"],"build_version":"2018-06-28","purchased_purges":1,"victory":false,"max_hp_per_floor":[80,80,80,80,80,80,80,80,80,80,80,80,80,80,80,80,80,80,80,80,80,80,80,80,80,80,80,80,80,80,80,80,80],"card_choices":[{"not_picked":["Burning Pact","Warcry"],"picked":"Searing Blow","floor":1},{"not_picked":["Havoc","Burning Pact","Body Slam"],"picked":"SKIP","floor":3},{"not_picked":["Dual Wield","Clash"],"picked":"Spot Weakness","floor":5},{"not_picked":["Dual Wield","Metallicize"],"picked":"Pommel Strike","floor":7},{"not_picked":["Dark Embrace","Burning Pact","Evolve"],"picked":"SKIP","floor":11},{"not_picked":["Sword Boomerang","Clash"],"picked":"Heavy Blade","floor":12},{"not_picked":["Clash","Metallicize"],"picked":"Flame Barrier","floor":13},{"not_picked":["Dark Embrace","Exhume"],"picked":"Fiend Fire","floor":16},{"not_picked":["Body Slam","True Grit","Clash"],"picked":"SKIP","floor":18},{"not_picked":["Wild Strike","Flame Barrier","Body Slam"],"picked":"SKIP","floor":22},{"not_picked":["Havoc","Bloodletting+1"],"picked":"Flex","floor":25},{"not_picked":["Havoc","Power Through"],"picked":"Cleave","floor":28},{"not_picked":["Spot Weakness","Cleave"],"picked":"Shrug It Off","floor":31}],"player_experience":94755,"relics_obtained":[{"floor":9,"key":"Lantern"},{"floor":11,"key":"Blood Vial"},{"floor":26,"key":"Boot"}],"event_choices":[{"event_name":"Shining Light","player_choice":"Entered Light","floor":2,"damage_taken":0},{"event_name":"Liars Game","player_choice":"disagreed","floor":4,"damage_taken":0},{"event_name":"Living Wall","player_choice":"Forget","floor":14,"damage_taken":0},{"event_name":"Vampires","player_choice":"Became a vampire (Vial)","floor":19,"damage_taken":0},{"event_name":"The Library","player_choice":"Read","floor":21,"damage_taken":0},{"event_name":"Transmorgrifier","player_choice":"Transform","floor":24,"damage_taken":0},{"event_name":"Ghosts","player_choice":"Ignored","floor":30,"damage_taken":0}],"boss_relics":[{"not_picked":["Philosopher\u0027s Stone","Velvet Choker"],"picked":"Eternal Feather"}],"items_purged_floors":[20],"is_endless":false,"potions_floor_spawned":[1,3,11,12,22,28],"killed_by":"Champ","ascension_level":0}