{"gold_per_floor":[116,130,130,143,159,189,199,199,199,262,287,287,252,265,265,361,361,378,378,16,16,26,26,126,126,126,160,160,160,174,53,53,151,151,171,171,171,27,74,74,91,191,191,191,191,207,207,207,207,207],"floor_reached":50,"playtime":3119,"items_purged":[],"score":544,"play_id":"6a0ac23a-0df0-49eb-99cb-1ad49ddd63a0","local_time":"20190301144417","is_ascension_mode":false,"campfire_choices":[{"data":"Body Slam","floor":8.0,"key":"SMITH"},{"data":"Shrug It Off","floor":12.0,"key":"SMITH"},{"data":"Clothesline","floor":15.0,"key":"SMITH"},{"data":"Spot Weakness","floor":23.0,"key":"SMITH"},{"floor":28.0,"key":"REST"},{"floor":32.0,"key":"REST"},{"floor":40.0,"key":"RECALL"},{"data":"Inflame","floor":45.0,"key":"SMITH"},{"data":"Limit Break","floor":49,"key":"SMITH"}],"neow_cost":"NONE","seed_source_timestamp":0,"circlet_count":0,"master_deck":["Strike_R+1","Strike_R+1","Strike_R+1","Strike_R+1","Strike_R+1","Defend_R+1","Defend_R+1","Defend_R+1","Defend_R+1","Bash","Anger+1","Spot Weakness+1","Shrug It Off+1","Body Slam+1","Twin Strike+1","Clothesline+1","Headbutt+1","Reckless Charge+1","Limit Break+1","Headbutt+1","Body Slam+1","Body Slam+1","Dropkick+1","True Grit","Dropkick+1","Battle Trance","Master of Strategy","Sword Boomerang+1","Rage+1","Armaments+1","Flex","Flash of Steel+1","Inflame+1","Limit Break","Iron Wave+1","Whirlwind+1","Dropkick+1","Anger+1","Pummel+1","Madness","Madness","Thunderclap+1","Panacea"],"special_seed":0,"relics":["Burning Blood","Omamori","Juzu Bracelet","Letter Opener","The Courier","Molten Egg 2","Orrery","Paper Frog","Magic Flower","Blue Candle","Bag of Marbles","Pen Nib","Dodecahedron","White Beast Statue","Blood Vial","Champion Belt","Du-Vu Doll"],"potions_floor_usage":[48,50,50],"damage_taken":[{"damage":10.0,"enemies":"Small Slimes","floor":1.0,"turns":5.0},{"damage":8.0,"enemies":"Jaw Worm","floor":2.0,"turns":3.0},{"damage":6.0,"enemies":"2 Louse","floor":4.0,"turns":3.0},{"damage":10.0,"enemies":"Looter","floor":5.0,"turns":2.0},{"damage":14.0,"enemies":"3 Sentries","floor":6.0,"turns":4.0},{"damage":1.0,"enemies":"Exordium Wildlife","floor":7.0,"turns":2.0},{"damage":27.0,"enemies":"Gremlin Nob","floor":10.0,"turns":4.0},{"damage":8.0,"enemies":"Gremlin Nob","floor":11.0,"turns":3.0},{"damage":10.0,"enemies":"Exordium Thugs","floor":14.0,"turns":3.0},{"damage":22.0,"enemies":"Hexaghost","floor":16.0,"turns":8.0},{"damage":16.0,"enemies":"Chosen","floor":18.0,"turns":5.0},{"damage":10.0,"enemies":"Shell Parasite","floor":22.0,"turns":3.0},{"damage":28.0,"enemies":"Colosseum Slavers","floor":24.0,"turns":4.0},{"damage":27.0,"enemies":"Colosseum Nobs","floor":24.0,"turns":5.0},{"damage":17.0,"enemies":"Gremlin Leader","floor":27.0,"turns":6.0},{"damage":5.0,"enemies":"Centurion and Healer","floor":30.0,"turns":4.0},{"damage":58.0,"enemies":"Collector","floor":33.0,"turns":8.0},{"damage":0.0,"enemies":"3 Darklings","floor":35.0,"turns":2.0},{"damage":14.0,"enemies":"2 Orb Walkers","floor":39.0,"turns":4.0},{"damage":10.0,"enemies":"3 Shapes","floor":41.0,"turns":3.0},{"damage":0.0,"enemies":"Mind Bloom Boss Battle","floor":42.0,"turns":3.0},{"damage":18.0,"enemies":"Transient","floor":46.0,"turns":5.0},{"damage":0,"enemies":"Giant Head","floor":48,"turns":1},{"damage":84,"enemies":"Awakened One","floor":50,"turns":8}],"seed_played":"7202823128853144962","potions_obtained":[{"floor":1.0,"key":"SkillPotion"},{"floor":5.0,"key":"GamblersBrew"},{"floor":6.0,"key":"Explosive Potion"},{"floor":14.0,"key":"Block Potion"},{"floor":22.0,"key":"BloodPotion"},{"floor":35.0,"key":"GamblersBrew"},{"floor":39.0,"key":"SmokeBomb"},{"floor":41.0,"key":"Weak Potion"},{"floor":42.0,"key":"Weak Potion"},{"floor":46.0,"key":"Block Potion"}],"is_trial":false,"path_per_floor":["M","M","?","M","M","E","M","R","T","?","E","R","?","M","R","B",null,"M","?","$","?","M","R","?","?","T","E","R","?","M","$","R","B",null,"M","?","?","$","?","R","M","?","T","?","R","M","?","E","R","B"],"character_chosen":"IRONCLAD","items_purchased":["Master of Strategy","Paper Frog","Flash of Steel+1","Inflame","Blood Vial","Whirlwind+1"],"campfire_rested":2,"item_purchase_floors":[20,20,31,31,38,38],"current_hp_per_floor":[76,74,74,74,70,62,67,67,67,46,44,44,64,60,60,44,80,70,70,70,70,66,66,31,31,31,23,47,47,51,51,75,26,80,80,80,80,80,75,75,77,80,80,70,70,64,64,76,76,0],"gold":207,"neow_bonus":"RANDOM_COMMON_RELIC","is_prod":false,"is_daily":false,"chose_seed":false,"campfire_upgraded":6,"win_rate":0,"timestamp":1551473057,"path_taken":["M","M","?","M","M","E","M","R","T","?","E","R","?","M","R","BOSS","M","?","$","?","M","R","?","?","T","E","R","?","M","?","R","BOSS","M","?","?","$","?","R","M","?","T","?","R","M","?","E","R","BOSS"],"build_version":"2019-01-23","purchased_purges":0,"victory":false,"max_hp_per_floor":[80,80,80,80,80,80,80,80,80,80,80,80,80,80,80,80,80,80,80,80,80,80,80,80,80,80,80,80,80,80,80,80,80,80,80,80,80,80,80,80,80,80,80,80,80,80,80,80,80,80],"card_choices":[{"not_picked":["True Grit","Warcry"],"picked":"Anger","floor":1.0},{"not_picked":["Wild Strike","Headbutt"],"picked":"Spot Weakness","floor":2.0},{"not_picked":["Headbutt","Pommel Strike"],"picked":"Cleave","floor":4.0},{"not_picked":["Headbutt","Warcry"],"picked":"Shrug It Off","floor":5.0},{"not_picked":["Pummel","Armaments"],"picked":"Body Slam","floor":6.0},{"not_picked":["Spot Weakness","Second Wind"],"picked":"Twin Strike","floor":7.0},{"not_picked":["Warcry","Disarm"],"picked":"Clothesline","floor":10.0},{"not_picked":["Second Wind","Brutality"],"picked":"Headbutt","floor":11.0},{"not_picked":["Intimidate","Armaments"],"picked":"Reckless Charge+1","floor":14.0},{"not_picked":["Dark Embrace","Exhume"],"picked":"Limit Break","floor":16.0},{"not_picked":["Armaments","Second Wind"],"picked":"Headbutt+1","floor":17.0},{"not_picked":["Havoc","Thunderclap+1"],"picked":"Body Slam+1","floor":17.0},{"not_picked":["Heavy Blade+1","Warcry"],"picked":"Body Slam+1","floor":17.0},{"not_picked":["Dual Wield","Armaments"],"picked":"Dropkick+1","floor":17.0},{"not_picked":["Hemokinesis+1","Havoc"],"picked":"True Grit","floor":17.0},{"not_picked":["Iron Wave+1","Flame Barrier"],"picked":"Dropkick+1","floor":18.0},{"not_picked":["Sever Soul+1","Bludgeon+1"],"picked":"Sword Boomerang+1","floor":22.0},{"not_picked":["Dual Wield","Entrench"],"picked":"Rage+1","floor":24.0},{"not_picked":["Havoc","Searing Blow+1"],"picked":"Armaments+1","floor":27.0},{"not_picked":["Infernal Blade","Wild Strike+1"],"picked":"Flex","floor":30.0},{"not_picked":["Double Tap","Fiend Fire+1"],"picked":"Limit Break","floor":33.0},{"not_picked":["Havoc+1","Feel No Pain"],"picked":"Iron Wave+1","floor":35.0},{"not_picked":["True Grit","Flex"],"picked":"Dropkick+1","floor":39.0},{"not_picked":["Sword Boomerang+1","Warcry+1"],"picked":"Anger+1","floor":41.0},{"not_picked":["Perfected Strike+1","Clash+1"],"picked":"Pummel+1","floor":42.0},{"not_picked":["Blood for Blood+1","Sever Soul+1"],"picked":"Thunderclap+1","floor":46.0},{"not_picked":["Enlightenment","PanicButton"],"picked":"Panacea","floor":47.0}],"player_experience":1129720,"relics_obtained":[{"floor":6.0,"key":"Juzu Bracelet"},{"floor":9.0,"key":"Letter Opener"},{"floor":11.0,"key":"Molten Egg 2"},{"floor":24.0,"key":"Magic Flower"},{"floor":24.0,"key":"Blue Candle"},{"floor":26.0,"key":"Pen Nib"},{"floor":27.0,"key":"Dodecahedron"},{"floor":39.0,"key":"Champion Belt"},{"floor":42.0,"key":"Du-Vu Doll"}],"event_choices":[{"damage_healed":0.0,"max_hp_gain":0.0,"max_hp_loss":0.0,"gold_gain":0.0,"event_name":"Living Wall","player_choice":"Grow","floor":3.0,"gold_loss":0.0,"damage_taken":0.0,"cards_upgraded":["Anger"]},{"damage_healed":0.0,"max_hp_gain":0.0,"max_hp_loss":0.0,"gold_gain":0.0,"event_name":"Dead Adventurer","player_choice":"Searched \u00272\u0027 times","floor":10.0,"gold_loss":0.0,"damage_taken":0.0,"relics_obtained":["The Courier"]},{"damage_healed":20.0,"max_hp_gain":0.0,"max_hp_loss":0.0,"gold_gain":0.0,"event_name":"The Cleric","player_choice":"Healed","floor":13.0,"gold_loss":35.0,"damage_taken":0.0},{"damage_healed":0.0,"max_hp_gain":0.0,"max_hp_loss":0.0,"gold_gain":0.0,"event_name":"The Library","player_choice":"Read","floor":19.0,"gold_loss":0.0,"damage_taken":0.0,"cards_obtained":["Battle Trance"]},{"damage_healed":0.0,"max_hp_gain":0.0,"max_hp_loss":0.0,"gold_gain":0.0,"event_name":"Accursed Blacksmith","player_choice":"Forge","floor":21.0,"gold_loss":0.0,"damage_taken":0.0,"cards_upgraded":["Twin Strike"]},{"damage_healed":0.0,"max_hp_gain":0.0,"max_hp_loss":0.0,"gold_gain":0.0,"event_name":"Colosseum","player_choice":"Fight","floor":24.0,"gold_loss":0.0,"damage_taken":0.0},{"damage_healed":0.0,"max_hp_gain":0.0,"max_hp_loss":0.0,"gold_gain":0.0,"event_name":"Colosseum","player_choice":"Fought Nobs","floor":24.0,"gold_loss":0.0,"damage_taken":0.0},{"damage_healed":0.0,"max_hp_gain":0.0,"max_hp_loss":0.0,"gold_gain":0.0,"event_name":"Addict","player_choice":"Stole Relic","floor":25.0,"gold_loss":0.0,"damage_taken":0.0,"relics_obtained":["Bag of Marbles"],"cards_obtained":["Shame"]},{"damage_healed":0.0,"max_hp_gain":0.0,"max_hp_loss":0.0,"gold_gain":0.0,"event_name":"Back to Basics","player_choice":"Simplicity","floor":29.0,"gold_loss":0.0,"damage_taken":0.0,"cards_upgraded":["Strike_R","Strike_R","Strike_R","Strike_R","Strike_R","Defend_R","Defend_R","Defend_R","Defend_R"]},{"cards_removed":["Cleave"],"damage_healed":0.0,"max_hp_gain":0.0,"max_hp_loss":0.0,"gold_gain":0.0,"event_name":"Falling","player_choice":"Removed Attack","floor":36.0,"gold_loss":0.0,"damage_taken":0.0},{"damage_healed":0.0,"max_hp_gain":0.0,"max_hp_loss":0.0,"gold_gain":0.0,"event_name":"Tomb of Lord Red Mask","player_choice":"Ignored","floor":37.0,"gold_loss":0.0,"damage_taken":0.0},{"damage_healed":0.0,"max_hp_gain":0.0,"max_hp_loss":0.0,"gold_gain":0.0,"event_name":"Mysterious Sphere","player_choice":"Fight","floor":39.0,"gold_loss":0.0,"damage_taken":0.0},{"damage_healed":0.0,"max_hp_gain":0.0,"max_hp_loss":0.0,"gold_gain":0.0,"event_name":"MindBloom","player_choice":"Fight","floor":42.0,"gold_loss":0.0,"damage_taken":0.0},{"damage_healed":0.0,"max_hp_gain":0.0,"max_hp_loss":0.0,"gold_gain":0.0,"event_name":"Winding Halls","player_choice":"Embrace Madness","floor":44.0,"gold_loss":0.0,"damage_taken":10.0,"cards_obtained":["Madness","Madness"]},{"damage_healed":0.0,"max_hp_gain":0.0,"max_hp_loss":0.0,"gold_gain":0.0,"event_name":"SensoryStone","player_choice":"Memory 1","floor":47.0,"gold_loss":0.0,"damage_taken":0.0}],"is_beta":false,"boss_relics":[{"not_picked":["Fusion Hammer","Ectoplasm"],"picked":"Orrery"},{"not_picked":["Philosopher\u0027s Stone","Velvet Choker"],"picked":"White Beast Statue"}],"items_purged_floors":[],"is_endless":false,"potions_floor_spawned":[1,5,6,14,22,24,35,39,41,42,46,48],"killed_by":"Awakened One","ascension_level":0}