{"gold_per_floor":[119,136,86,86,86,86,107,72,72,72,85,125,150,168,168,289,289,308,333,357,371,386,425,340,340,414,414,414,429,429,99,99,99],"floor_reached":33,"playtime":2128,"items_purged":["Dualcast"],"score":294,"play_id":"28b0b272-8836-4e91-80a6-6f3a7e41b0c6","local_time":"20190703133431","is_ascension_mode":false,"campfire_choices":[{"data":"Conserve Battery","floor":6.0,"key":"SMITH"},{"data":"Strike_B","floor":15,"key":"SMITH"},{"floor":25,"key":"REST"},{"floor":30,"key":"REST"},{"data":"Go for the Eyes","floor":32,"key":"SMITH"}],"neow_cost":"NONE","seed_source_timestamp":105391354757325,"circlet_count":0,"master_deck":["Strike_B+1","Strike_B","Strike_B","Strike_B","Defend_B","Defend_B","Defend_B","Defend_B","Zap+1","Conserve Battery+1","Go for the Eyes+1","Conserve Battery","Compile Driver","Coolheaded+1","Steam","Stack","Cold Snap","Compile Driver"],"special_seed":0,"relics":["Cracked Core","Golden Idol","Darkstone Periapt","Gambling Chip","Runic Dome","Gremlin Horn","Potion Belt","Pear","MutagenicStrength","Pen Nib"],"potions_floor_usage":[14,16,16,22,23,23,29,33,33],"damage_taken":[{"damage":0.0,"enemies":"Small Slimes","floor":1.0,"turns":3.0},{"damage":6.0,"enemies":"Jaw Worm","floor":2.0,"turns":3.0},{"damage":0.0,"enemies":"2 Louse","floor":7.0,"turns":2.0},{"damage":6.0,"enemies":"2 Fungi Beasts","floor":11.0,"turns":3.0},{"damage":4.0,"enemies":"Lagavulin","floor":12.0,"turns":7.0},{"damage":3.0,"enemies":"Lots of Slimes","floor":13.0,"turns":5.0},{"damage":0,"enemies":"Gremlin Gang","floor":14,"turns":5},{"damage":20,"enemies":"Slime Boss","floor":16,"turns":8},{"damage":11,"enemies":"Chosen","floor":18,"turns":6},{"damage":12,"enemies":"Spheric Guardian","floor":19,"turns":4},{"damage":33,"enemies":"Centurion and Healer","floor":20,"turns":10},{"damage":12,"enemies":"Snake Plant","floor":21,"turns":5},{"damage":0,"enemies":"Snecko","floor":22,"turns":6},{"damage":0,"enemies":"Book of Stabbing","floor":23,"turns":7},{"damage":19,"enemies":"Cultist and Chosen","floor":29,"turns":8},{"damage":60,"enemies":"Collector","floor":33,"turns":12}],"seed_played":"6843084514314954629","potions_obtained":[{"floor":2.0,"key":"SteroidPotion"},{"floor":7.0,"key":"Fire Potion"},{"floor":11.0,"key":"Dexterity Potion"},{"floor":12.0,"key":"Weak Potion"},{"floor":13.0,"key":"SkillPotion"},{"floor":16,"key":"FocusPotion"},{"floor":18,"key":"Dexterity Potion"},{"floor":21,"key":"PowerPotion"},{"floor":22,"key":"Dexterity Potion"},{"floor":28,"key":"Energy Potion"},{"floor":28,"key":"Weak Potion"},{"floor":28,"key":"GamblersBrew"}],"is_trial":false,"path_per_floor":["M","M","$","?","?","R","M","?","T","?","M","E","M","M","R","B",null,"M","M","M","M","M","E","?","R","T","?","?","M","R","$","R","B"],"character_chosen":"DEFECT","items_purchased":["Conserve Battery","Pen Nib","Cold Snap","Compile Driver"],"campfire_rested":2,"item_purchase_floors":[3,31,31,31],"current_hp_per_floor":[75,69,69,51,51,51,51,69,69,69,63,59,56,56,56,36,75,64,52,19,7,7,7,7,29,39,39,39,20,45,45,45,0],"gold":99,"neow_bonus":"UPGRADE_CARD","is_prod":false,"is_daily":false,"chose_seed":false,"campfire_upgraded":3,"win_rate":0,"timestamp":1562153671,"path_taken":["M","M","$","?","?","R","M","?","T","?","?","E","M","M","R","BOSS","M","?","M","M","M","E","?","R","T","?","?","?","R","$","R","BOSS"],"build_version":"2019-07-01","purchased_purges":1,"victory":false,"max_hp_per_floor":[75,75,75,75,75,75,75,75,75,75,75,75,75,75,75,75,75,75,75,75,75,75,75,75,75,85,85,85,85,85,85,85,85],"card_choices":[{"not_picked":["Turbo","Gash","Redo"],"picked":"SKIP","floor":1.0},{"not_picked":["Recycle","Coolheaded","Turbo"],"picked":"SKIP","floor":2.0},{"not_picked":["Chaos","Reprogram","Stack"],"picked":"SKIP","floor":7.0},{"not_picked":["White Noise","Stack"],"picked":"Conserve Battery","floor":11.0},{"not_picked":["FTL","Hologram","Compile Driver"],"picked":"SKIP","floor":12.0},{"not_picked":["Thunder Strike","Glacier","Conserve Battery"],"picked":"SKIP","floor":13.0},{"not_picked":["Fusion","Hologram","Heatsinks"],"picked":"SKIP","floor":14},{"not_picked":["Chill+1","Leap"],"picked":"Compile Driver","floor":18},{"not_picked":["Streamline","Barrage","Rebound"],"picked":"SKIP","floor":19},{"not_picked":["Conserve Battery","Reboot"],"picked":"Coolheaded+1","floor":20},{"not_picked":["Redo","Heatsinks"],"picked":"Steam","floor":21},{"not_picked":["Double Energy","Redo","Rebound"],"picked":"SKIP","floor":22},{"not_picked":["Glacier","Darkness"],"picked":"Stack","floor":23},{"not_picked":["Sunder","Glacier+1","Undo+1"],"picked":"SKIP","floor":29}],"player_experience":442174,"relics_obtained":[{"floor":9.0,"key":"Darkstone Periapt"},{"floor":12.0,"key":"Gambling Chip"},{"floor":23,"key":"Gremlin Horn"},{"floor":26,"key":"Pear"}],"event_choices":[{"damage_healed":0.0,"max_hp_gain":0.0,"max_hp_loss":0.0,"gold_gain":0.0,"event_name":"Golden Idol","player_choice":"Take Damage","floor":4.0,"gold_loss":0.0,"damage_taken":18.0,"relics_obtained":["Golden Idol"]},{"damage_healed":0.0,"max_hp_gain":0.0,"max_hp_loss":0.0,"gold_gain":0.0,"event_name":"Liars Game","player_choice":"Ignored","floor":5.0,"gold_loss":0.0,"damage_taken":0.0},{"damage_healed":18.0,"max_hp_gain":0.0,"max_hp_loss":0.0,"gold_gain":0.0,"event_name":"The Cleric","player_choice":"Healed","floor":8.0,"gold_loss":35.0,"damage_taken":0.0},{"damage_healed":0.0,"max_hp_gain":0.0,"max_hp_loss":0.0,"gold_gain":0.0,"event_name":"Match and Keep!","player_choice":"1 cards matched","floor":10.0,"gold_loss":0.0,"damage_taken":0.0,"cards_obtained":["Go for the Eyes"]},{"damage_healed":0,"gold_gain":0,"player_choice":"Obtained Relic","damage_taken":0,"relics_obtained":["Potion Belt"],"max_hp_gain":0,"max_hp_loss":0,"event_name":"Addict","floor":24,"gold_loss":85},{"damage_healed":0,"gold_gain":0,"player_choice":"Inject Mutagens","damage_taken":0,"relics_obtained":["MutagenicStrength"],"max_hp_gain":0,"max_hp_loss":0,"event_name":"Drug Dealer","floor":27,"gold_loss":0},{"damage_healed":0,"gold_gain":0,"player_choice":"Got Potions","damage_taken":0,"max_hp_gain":0,"max_hp_loss":0,"event_name":"Lab","floor":28,"gold_loss":0}],"is_beta":false,"boss_relics":[{"not_picked":["Ectoplasm","Orrery"],"picked":"Runic Dome"}],"items_purged_floors":[31],"is_endless":false,"potions_floor_spawned":[2,7,11,12,13,16,18,21,22],"killed_by":"Collector","ascension_level":0}