{"gold_per_floor":[116,131,150,175,175,205,205,239,289,301,327,358,387,430,442,531,543,568,590,602,166,182,182,215,215,215,215,250,268,294,311,311,389,389,404,416,416,416,13,41,41,73,123,123],"floor_reached":44,"playtime":2339,"items_purged":["Strike_B","Strike_B"],"score":1142,"play_id":"81f5cfef-c5cf-427b-ad93-218a4e9714c1","local_time":"20190702200432","is_ascension_mode":true,"campfire_choices":[{"data":"Sweeping Beam","floor":7,"key":"SMITH"},{"floor":10,"key":"REST"},{"floor":15,"key":"REST"},{"data":"The Bomb","floor":23,"key":"SMITH"},{"data":"Leap","floor":25,"key":"SMITH"},{"data":"Glacier","floor":27,"key":"SMITH"},{"floor":32,"key":"REST"},{"floor":41,"key":"REST"}],"neow_cost":"NONE","seed_source_timestamp":25073392740728,"circlet_count":0,"master_deck":["AscendersBane","Strike_B","Strike_B","Defend_B","Defend_B","Defend_B","Zap","Dualcast","Sweeping Beam+1","Ball Lightning","Leap+1","Sweeping Beam","Cold Snap","FTL","Undo","Glacier+1","Echo Form","Glacier","Echo Form","The Bomb+1","Defragment","Coolheaded+1","Loop"],"relics":["Cracked Core","NeowsBlessing","Omamori","Nunchaku","Dream Catcher","Shuriken","MawBank","Meat on the Bone","Busted Crown","Orichalcum","Bronze Scales","DataDisk","Strawberry","Dodecahedron","Ornamental Fan","Black Star","Runic Capacitor","PreservedInsect","Unceasing Top","Letter Opener","Pantograph"],"potions_floor_usage":[8,14,22,24,28,30,35,42],"damage_taken":[{"damage":0,"enemies":"Cultist","floor":1,"turns":1},{"damage":0,"enemies":"2 Louse","floor":2,"turns":1},{"damage":0,"enemies":"Small Slimes","floor":3,"turns":1},{"damage":25,"enemies":"3 Sentries","floor":6,"turns":5},{"damage":23,"enemies":"Gremlin Nob","floor":8,"turns":4},{"damage":8,"enemies":"Blue Slaver","floor":11,"turns":4},{"damage":0,"enemies":"2 Fungi Beasts","floor":12,"turns":2},{"damage":16,"enemies":"Lots of Slimes","floor":13,"turns":3},{"damage":0,"enemies":"3 Sentries","floor":14,"turns":6},{"damage":3,"enemies":"Slime Boss","floor":16,"turns":9},{"damage":17,"enemies":"3 Byrds","floor":18,"turns":6},{"damage":0,"enemies":"Chosen","floor":19,"turns":4},{"damage":0,"enemies":"Snecko","floor":22,"turns":6},{"damage":32,"enemies":"Slavers","floor":24,"turns":4},{"damage":23,"enemies":"Gremlin Leader","floor":28,"turns":5},{"damage":0,"enemies":"Cultist and Chosen","floor":29,"turns":5},{"damage":31,"enemies":"Slavers","floor":30,"turns":3},{"damage":8,"enemies":"Centurion and Healer","floor":31,"turns":4},{"damage":32,"enemies":"Automaton","floor":33,"turns":10},{"damage":36,"enemies":"3 Shapes","floor":35,"turns":4},{"damage":29,"enemies":"3 Darklings","floor":36,"turns":5},{"damage":13,"enemies":"Giant Head","floor":40,"turns":11},{"damage":35,"enemies":"Reptomancer","floor":42,"turns":6},{"damage":31,"enemies":"Nemesis","floor":44,"turns":3}],"seed_played":"-7176597648572107119","potions_obtained":[{"floor":6,"key":"Weak Potion"},{"floor":11,"key":"PowerPotion"},{"floor":13,"key":"Swift Potion"},{"floor":14,"key":"Fruit Juice"},{"floor":22,"key":"AttackPotion"},{"floor":24,"key":"SkillPotion"},{"floor":30,"key":"Fire Potion"},{"floor":33,"key":"Dexterity Potion"},{"floor":40,"key":"GamblersBrew"}],"is_trial":false,"path_per_floor":["M","M","M","T","?","E","R","E","T","R","M","M","M","E","R","B",null,"M","M","?","$","M","R","E","R","T","R","E","M","E","M","R","B",null,"M","M","?","?","$","E","R","E","T","E"],"character_chosen":"DEFECT","items_purchased":["The Bomb","Bronze Scales","Runic Capacitor","Loop"],"campfire_rested":4,"item_purchase_floors":[21,21,39,39],"current_hp_per_floor":[64,64,64,64,64,39,39,16,16,37,29,29,13,13,34,43,64,47,47,47,47,52,52,32,32,39,39,28,40,21,25,49,29,70,46,29,29,29,29,28,51,28,28,0],"gold":123,"neow_bonus":"THREE_ENEMY_KILL","is_prod":false,"is_daily":false,"chose_seed":false,"campfire_upgraded":4,"win_rate":0,"timestamp":1562090672,"path_taken":["M","?","M","?","?","E","R","E","T","R","M","M","M","E","R","BOSS","M","M","?","$","M","R","E","R","T","R","E","M","E","M","R","BOSS","M","M","?","?","$","E","R","E","T","E"],"build_version":"2019-07-01","purchased_purges":2,"victory":false,"max_hp_per_floor":[71,71,71,71,71,71,71,71,71,71,71,71,71,71,71,71,71,71,71,71,71,76,76,76,76,83,83,83,83,83,83,83,83,83,83,83,79,79,79,79,79,79,79,79],"card_choices":[{"not_picked":["Turbo","Storm"],"picked":"Sweeping Beam","floor":1},{"not_picked":["Heatsinks","Hologram","Steam Power"],"picked":"SKIP","floor":2},{"not_picked":["Compile Driver","Leap"],"picked":"Ball Lightning","floor":3},{"not_picked":["Hologram","Beam Cell"],"picked":"Leap","floor":6},{"not_picked":["Steam Power","Meteor Strike"],"picked":"Sweeping Beam","floor":8},{"not_picked":["Darkness","Leap"],"picked":"Cold Snap","floor":10},{"not_picked":["Steam","Streamline"],"picked":"FTL","floor":11},{"not_picked":["Ball Lightning","Barrage"],"picked":"Undo","floor":12},{"not_picked":["Gash","BootSequence"],"picked":"Glacier","floor":13},{"not_picked":["Compile Driver","Tempest"],"picked":"Echo Form","floor":14},{"not_picked":["Chill","Conserve Battery"],"picked":"Glacier","floor":15},{"not_picked":["All For One","Buffer"],"picked":"Echo Form","floor":16},{"not_picked":["Rip and Tear"],"picked":"SKIP","floor":18},{"not_picked":["Barrage"],"picked":"SKIP","floor":19},{"not_picked":["Sweeping Beam"],"picked":"SKIP","floor":22},{"not_picked":["Steam Power"],"picked":"SKIP","floor":24},{"not_picked":["Redo"],"picked":"SKIP","floor":28},{"not_picked":["Redo"],"picked":"SKIP","floor":29},{"not_picked":["Hyperbeam"],"picked":"SKIP","floor":30},{"not_picked":[],"picked":"Defragment","floor":31},{"not_picked":[],"picked":"Coolheaded+1","floor":35},{"not_picked":["Barrage"],"picked":"SKIP","floor":36},{"not_picked":["Go for the Eyes"],"picked":"SKIP","floor":40},{"not_picked":["Leap"],"picked":"SKIP","floor":42}],"player_experience":1441930,"relics_obtained":[{"floor":4,"key":"Omamori"},{"floor":6,"key":"Dream Catcher"},{"floor":8,"key":"Shuriken"},{"floor":9,"key":"MawBank"},{"floor":14,"key":"Meat on the Bone"},{"floor":24,"key":"DataDisk"},{"floor":26,"key":"Strawberry"},{"floor":28,"key":"Dodecahedron"},{"floor":30,"key":"Ornamental Fan"},{"floor":40,"key":"PreservedInsect"},{"floor":40,"key":"Unceasing Top"},{"floor":42,"key":"Letter Opener"},{"floor":42,"key":"Pantograph"}],"event_choices":[{"damage_healed":0,"gold_gain":0,"player_choice":"Box","damage_taken":0,"relics_obtained":["Nunchaku"],"max_hp_gain":0,"max_hp_loss":0,"event_name":"Big Fish","floor":5,"gold_loss":0,"cards_obtained":["Regret"]},{"damage_healed":0,"gold_gain":0,"player_choice":"Stole Relic","damage_taken":0,"relics_obtained":["Orichalcum"],"max_hp_gain":0,"max_hp_loss":0,"event_name":"Addict","floor":20,"gold_loss":0,"cards_obtained":["Shame"]},{"damage_healed":0,"gold_gain":0,"player_choice":"Max HP","damage_taken":0,"max_hp_gain":0,"max_hp_loss":4,"event_name":"Winding Halls","floor":37,"gold_loss":0},{"cards_removed":["Defend_B"],"damage_healed":0,"gold_gain":0,"player_choice":"Removed Skill","damage_taken":0,"max_hp_gain":0,"max_hp_loss":0,"event_name":"Falling","floor":38,"gold_loss":0}],"is_beta":false,"boss_relics":[{"not_picked":["Eternal Feather","Lizard Tail"],"picked":"Busted Crown"},{"not_picked":["Velvet Choker","Runic Dome"],"picked":"Black Star"}],"items_purged_floors":[21,39],"is_endless":false,"potions_floor_spawned":[6,11,13,14,22,24,30,33,40],"killed_by":"Nemesis","ascension_level":20}