{"gold_per_floor":[109,125,200,218,230,230,260,274,301,330,376,376,438,457,457,560,560,577,594,594,19,38,73,85,97,133,175,207,12,23,37,37,133,133,145,50,96,108,68,68,96,96,96,96,96,130,130,143,143,143],"floor_reached":50,"playtime":10788,"items_purged":["Strike_R","Strike_R","Defend_R"],"score":711,"play_id":"f4b637f2-06ec-4ac9-8ff7-e1a8af25fa8d","local_time":"20181002201029","is_ascension_mode":true,"campfire_choices":[{"floor":6,"key":"REST"},{"floor":15,"key":"REST"},{"floor":25,"key":"REST"},{"floor":32,"key":"REST"},{"floor":40,"key":"REST"},{"floor":42,"key":"REST"},{"floor":44,"key":"REST"},{"floor":49,"key":"REST"}],"neow_cost":"NONE","seed_source_timestamp":362635791995229,"circlet_count":0,"master_deck":["Strike_R","Strike_R","Strike_R","Defend_R","Defend_R","Defend_R","Bash","Thunderclap","Shrug It Off","Flex+1","Heavy Blade","Pummel","Dropkick","Anger","Offering+1","Carnage+1","Whirlwind","Twin Strike+1","Flex","Swift Strike","Uppercut","Iron Wave","Immolate","Shrug It Off","Armaments+1","Intimidate+1","Rampage+1","Brutality","Ghostly Armor+1","Shrug It Off+1","Madness","Madness","Thunderclap+1","Dark Shackles","Pommel Strike"],"relics":["Burning Blood","Smiling Mask","Potion Belt","Anchor","Strawberry","Bag of Marbles","Fusion Hammer","Meat on the Bone","Red Skull","MawBank","Bronze Scales","Dream Catcher","Black Star","Torii","War Paint","Orichalcum","Darkstone Periapt","Bottled Tornado","Paper Frog"],"potions_floor_usage":[5,7,16,22,22,23,27,33,33,33,41,46,46,46,46],"damage_taken":[{"damage":10,"enemies":"Small Slimes","floor":1,"turns":4},{"damage":7,"enemies":"Jaw Worm","floor":2,"turns":3},{"damage":9,"enemies":"2 Louse","floor":4,"turns":3},{"damage":1,"enemies":"2 Fungi Beasts","floor":5,"turns":4},{"damage":51,"enemies":"Lagavulin","floor":7,"turns":8},{"damage":5,"enemies":"Red Slaver","floor":8,"turns":4},{"damage":18,"enemies":"Gremlin Nob","floor":10,"turns":3},{"damage":5,"enemies":"Exordium Wildlife","floor":14,"turns":4},{"damage":10,"enemies":"Slime Boss","floor":16,"turns":5},{"damage":36,"enemies":"Spheric Guardian","floor":18,"turns":4},{"damage":12,"enemies":"2 Thieves","floor":19,"turns":3},{"damage":6,"enemies":"Chosen and Byrds","floor":22,"turns":3},{"damage":19,"enemies":"Slavers","floor":23,"turns":4},{"damage":30,"enemies":"Book of Stabbing","floor":27,"turns":4},{"damage":10,"enemies":"Snake Plant","floor":28,"turns":2},{"damage":0,"enemies":"Centurion and Healer","floor":30,"turns":3},{"damage":6,"enemies":"Cultist and Chosen","floor":31,"turns":3},{"damage":65,"enemies":"Collector","floor":33,"turns":7},{"damage":11,"enemies":"3 Darklings","floor":35,"turns":2},{"damage":6,"enemies":"Mysterious Sphere","floor":37,"turns":2},{"damage":1,"enemies":"Orb Walker","floor":38,"turns":3},{"damage":6,"enemies":"2 Orb Walkers","floor":41,"turns":2},{"damage":31,"enemies":"Nemesis","floor":46,"turns":5},{"damage":21,"enemies":"4 Shapes","floor":48,"turns":4},{"damage":99,"enemies":"Donu and Deca","floor":50,"turns":8}],"seed_played":"-4051158203805585036","potions_obtained":[{"floor":2,"key":"Block Potion"},{"floor":5,"key":"Explosive Potion"},{"floor":8,"key":"Ancient Potion"},{"floor":14,"key":"PowerPotion"},{"floor":20,"key":"GamblersBrew"},{"floor":20,"key":"Block Potion"},{"floor":20,"key":"Ancient Potion"},{"floor":23,"key":"AttackPotion"},{"floor":27,"key":"FearPotion"},{"floor":33,"key":"Block Potion"},{"floor":39,"key":"Strength Potion"},{"floor":39,"key":"Regen Potion"},{"floor":39,"key":"Ancient Potion"},{"floor":41,"key":"SkillPotion"}],"is_trial":false,"path_per_floor":["M","M","?","M","M","R","E","M","T","E","T","?","?","M","R","B",null,"M","M","?","$","M","E","?","R","T","E","M","$","M","M","R","B",null,"M","$","?","M","?","R","E","R","T","R","?","E","?","M","R"],"character_chosen":"IRONCLAD","items_purchased":["Meat on the Bone","Red Skull","Whirlwind","Poison Potion","Energy Potion","Swift Strike","Shrug It Off"],"campfire_rested":8,"item_purchase_floors":[21,21,21,21,29,29,36],"current_hp_per_floor":[76,75,64,61,66,80,35,36,36,31,31,31,31,32,58,54,87,57,51,51,51,51,50,42,68,68,56,52,52,58,58,84,37,87,82,82,82,87,87,87,87,87,87,87,76,60,60,57,83,0],"gold":143,"neow_bonus":"RANDOM_COMMON_RELIC","is_prod":false,"is_daily":false,"chose_seed":false,"campfire_upgraded":0,"win_rate":0,"timestamp":1538536229,"path_taken":["M","M","?","M","M","R","E","M","T","E","?","?","?","M","R","BOSS","M","M","?","$","M","E","?","R","T","E","M","?","?","?","R","BOSS","M","$","?","M","?","R","E","R","T","R","?","E","?","?","R","BOSS"],"build_version":"2018-09-27","purchased_purges":3,"victory":false,"max_hp_per_floor":[80,80,80,80,80,80,80,80,80,87,87,87,87,87,87,87,87,87,87,87,87,87,87,87,87,87,87,87,87,87,87,87,87,87,87,87,87,87,87,87,87,87,87,87,87,87,87,87,87,87],"card_choices":[{"not_picked":["Wild Strike","Shrug It Off"],"picked":"Thunderclap","floor":1},{"not_picked":["Power Through","Inflame"],"picked":"Shrug It Off","floor":2},{"not_picked":["Pommel Strike","Havoc"],"picked":"Flex","floor":4},{"not_picked":["Havoc","Wild Strike"],"picked":"Heavy Blade","floor":5},{"not_picked":["Fire Breathing","Searing Blow","Feel No Pain"],"picked":"SKIP","floor":7},{"not_picked":["Double Tap","Body Slam"],"picked":"Pummel","floor":8},{"not_picked":["Perfected Strike","Spot Weakness"],"picked":"Dropkick","floor":10},{"not_picked":["Headbutt","Wild Strike"],"picked":"Anger","floor":14},{"not_picked":["Berserk","Exhume"],"picked":"Offering","floor":16},{"not_picked":["Clash","Sword Boomerang","Wild Strike"],"picked":"SKIP","floor":18},{"not_picked":["Headbutt","Perfected Strike+1"],"picked":"Carnage+1","floor":19},{"not_picked":["Sword Boomerang","Spot Weakness","Anger"],"picked":"SKIP","floor":22},{"not_picked":["Barricade","Havoc"],"picked":"Twin Strike+1","floor":23},{"not_picked":["Clothesline","Armaments+1"],"picked":"Flex","floor":27},{"not_picked":["Double Tap","Clothesline","Headbutt"],"picked":"SKIP","floor":28},{"not_picked":["Thunderclap","Heavy Blade","Twin Strike"],"picked":"SKIP","floor":30},{"not_picked":["Second Wind","Rupture"],"picked":"Uppercut","floor":31},{"not_picked":["Pommel Strike","Body Slam"],"picked":"Iron Wave","floor":32},{"not_picked":["Barricade","Juggernaut"],"picked":"Immolate","floor":33},{"not_picked":["Headbutt","Rage+1","Uppercut+1"],"picked":"SKIP","floor":35},{"not_picked":["Second Wind","Wild Strike"],"picked":"Armaments+1","floor":37},{"not_picked":["Corruption","Havoc"],"picked":"Intimidate+1","floor":38},{"not_picked":["Battle Trance+1","Headbutt+1"],"picked":"Rampage+1","floor":40},{"not_picked":["Corruption","Warcry"],"picked":"Brutality","floor":41},{"not_picked":["Infernal Blade+1","Burning Pact+1"],"picked":"Ghostly Armor+1","floor":42},{"not_picked":["Whirlwind+1","Iron Wave+1"],"picked":"Shrug It Off+1","floor":44},{"not_picked":["Havoc+1","Rupture"],"picked":"Thunderclap+1","floor":46},{"not_picked":["Good Instincts","Blind"],"picked":"Dark Shackles","floor":47},{"not_picked":["Anger+1","Twin Strike","Rupture"],"picked":"SKIP","floor":48},{"not_picked":["Perfected Strike","Searing Blow"],"picked":"Pommel Strike","floor":49}],"player_experience":406951,"relics_obtained":[{"floor":7,"key":"Potion Belt"},{"floor":9,"key":"Anchor"},{"floor":10,"key":"Strawberry"},{"floor":11,"key":"Bag of Marbles"},{"floor":23,"key":"MawBank"},{"floor":26,"key":"Bronze Scales"},{"floor":27,"key":"Dream Catcher"},{"floor":37,"key":"Torii"},{"floor":41,"key":"War Paint"},{"floor":41,"key":"Orichalcum"},{"floor":43,"key":"Darkstone Periapt"},{"floor":46,"key":"Bottled Tornado"},{"floor":46,"key":"Paper Frog"}],"event_choices":[{"event_name":"World of Goop","player_choice":"Gather Gold","floor":3,"damage_taken":0},{"event_name":"Scrap Ooze","player_choice":"unsuccessful","floor":12,"damage_taken":0},{"event_name":"Golden Wing","player_choice":"Gained Gold","floor":13,"damage_taken":0},{"event_name":"The Lab","player_choice":"Got Potions","floor":20,"damage_taken":0},{"event_name":"Knowing Skull","player_choice":"","floor":24,"damage_taken":0},{"event_name":"Mysterious Sphere","player_choice":"Fight","floor":37,"damage_taken":0},{"event_name":"The Woman in Blue","player_choice":"Bought 3 Potions","floor":39,"damage_taken":0},{"event_name":"Winding Halls","player_choice":"Embrace Madness","floor":45,"damage_taken":0},{"event_name":"SensoryStone","player_choice":"Memory 1","floor":47,"damage_taken":0}],"is_beta":false,"boss_relics":[{"not_picked":["Astrolabe","Black Blood"],"picked":"Fusion Hammer"},{"not_picked":["Orrery","Calling Bell"],"picked":"Black Star"}],"items_purged_floors":[21,29,36],"is_endless":false,"potions_floor_spawned":[2,5,8,14,23,27,33,41],"killed_by":"Donu and Deca","ascension_level":3}