{"gold_per_floor":[116,136,151,31,31,31,43,43,89,101,81,93,111,128,128,232,232,251,251,105,105,86,86,115,115,115,115,135,31,31,31],"floor_reached":31,"playtime":2105,"items_purged":[],"score":272,"play_id":"7b70b2d7-c1bb-437c-8a16-72b2dbf29b2d","local_time":"20180626122205","is_ascension_mode":false,"campfire_choices":[{"data":"Body Slam","floor":6,"key":"SMITH"},{"data":"Seeing Red","floor":8,"key":"SMITH"},{"data":"Heavy Blade","floor":15,"key":"SMITH"},{"floor":23,"key":"REST"},{"floor":27,"key":"REST"}],"neow_cost":"NONE","seed_source_timestamp":72766003268051,"circlet_count":0,"master_deck":["Defend_R","Defend_R","Defend_R","Defend_R","Bash+1","Reaper","Cleave","Body Slam+1","Thunderclap","Rage","Heavy Blade+1","Seeing Red+1","Fire Breathing","Flex","Anger","Demon Form","Feed+1","Evolve","Necronomicurse","Shrug It Off","Bite","Bite","Bite","Bite","Bite","Anger+1","Jack Of All Trades"],"relics":["Burning Blood","Bag of Marbles","Eternal Feather","Necronomicon","Orichalcum","Whetstone","Dodecahedron"],"potions_floor_usage":[13,16,16,16,18,22,24],"damage_taken":[{"damage":7,"enemies":"2 Louse","floor":1,"turns":4},{"damage":1,"enemies":"Jaw Worm","floor":2,"turns":5},{"damage":2,"enemies":"Small Slimes","floor":3,"turns":3},{"damage":4,"enemies":"Red Slaver","floor":7,"turns":5},{"damage":10,"enemies":"2 Fungi Beasts","floor":10,"turns":4},{"damage":8,"enemies":"Lots of Slimes","floor":12,"turns":3},{"damage":18,"enemies":"Exordium Thugs","floor":13,"turns":5},{"damage":0,"enemies":"Exordium Wildlife","floor":14,"turns":3},{"damage":53,"enemies":"Hexaghost","floor":16,"turns":6},{"damage":49,"enemies":"3 Byrds","floor":18,"turns":7},{"damage":27,"enemies":"2 Thieves","floor":22,"turns":4},{"damage":69,"enemies":"Gremlin Leader","floor":24,"turns":8},{"damage":54,"enemies":"Slaver and Parasite","floor":28,"turns":8},{"damage":24,"enemies":"Snake Plant","floor":31,"turns":2}],"seed_played":"1033720690337288389","potions_obtained":[{"floor":3,"key":"Regen Potion"},{"floor":10,"key":"PowerPotion"},{"floor":11,"key":"Energy Potion"},{"floor":13,"key":"PowerPotion"},{"floor":14,"key":"BloodPotion"},{"floor":16,"key":"Weak Potion"},{"floor":18,"key":"Fire Potion"},{"floor":22,"key":"AttackPotion"},{"floor":28,"key":"EntropicBrew"}],"is_trial":false,"path_per_floor":["M","M","M","$","?","R","M","R","T","M","?","M","M","M","R","B",null,"M","?","$","?","M","R","E","?","T","R","M","$","$"],"character_chosen":"IRONCLAD","items_purchased":["Rage","Heavy Blade","Orichalcum","Jack Of All Trades"],"campfire_rested":2,"item_purchase_floors":[4,4,20,29],"current_hp_per_floor":[80,80,80,80,85,85,85,85,85,81,81,83,71,77,77,64,85,48,32,32,32,23,59,25,25,25,53,17,17,17,0],"gold":31,"neow_bonus":"ONE_RANDOM_RARE_CARD","is_prod":false,"is_daily":false,"chose_seed":false,"campfire_upgraded":3,"win_rate":0.0,"timestamp":1530033725,"path_taken":["M","M","M","$","?","R","?","R","T","M","?","M","?","M","R","BOSS","M","?","$","?","M","R","E","?","T","R","?","?","$","M"],"build_version":"2018-06-21v2","purchased_purges":0,"victory":false,"max_hp_per_floor":[80,80,80,80,85,85,85,85,85,85,85,85,85,85,85,85,85,88,88,88,88,88,88,88,61,61,61,61,61,61,61],"card_choices":[{"not_picked":["Feel No Pain","Sword Boomerang"],"picked":"Cleave","floor":1},{"not_picked":["Shrug It Off","Metallicize"],"picked":"Body Slam","floor":2},{"not_picked":["Shockwave","Havoc"],"picked":"Thunderclap","floor":3},{"not_picked":["Heavy Blade","Armaments"],"picked":"Seeing Red","floor":7},{"not_picked":["Uppercut","Metallicize"],"picked":"Fire Breathing","floor":10},{"not_picked":["Burning Pact","Anger"],"picked":"Flex","floor":12},{"not_picked":["Metallicize","Burning Pact"],"picked":"Anger","floor":13},{"not_picked":["Thunderclap","Sword Boomerang"],"picked":"Demon Form","floor":14},{"not_picked":["Immolate","Berserk"],"picked":"Feed","floor":16},{"not_picked":["Power Through","Havoc"],"picked":"Evolve","floor":18},{"not_picked":["Headbutt","Armaments"],"picked":"Shrug It Off","floor":22},{"not_picked":["Headbutt","Thunderclap","Uppercut"],"picked":"SKIP","floor":24},{"not_picked":["Disarm","Fire Breathing"],"picked":"Anger+1","floor":28}],"player_experience":36544,"relics_obtained":[{"floor":9,"key":"Bag of Marbles"},{"floor":19,"key":"Necronomicon"},{"floor":24,"key":"Whetstone"},{"floor":26,"key":"Dodecahedron"}],"event_choices":[{"event_name":"Big Fish","player_choice":"Donut","floor":5,"damage_taken":0},{"event_name":"The Woman in Blue","player_choice":"Bought 1 Potion","floor":11,"damage_taken":0},{"event_name":"Cursed Tome","player_choice":"Obtained Book","floor":19,"damage_taken":0},{"event_name":"Accursed Blacksmith","player_choice":"Forge","floor":21,"damage_taken":0},{"event_name":"Vampires","player_choice":"Became a vampire","floor":25,"damage_taken":0}],"boss_relics":[{"not_picked":["Empty Cage","Calling Bell"],"picked":"Eternal Feather"}],"items_purged_floors":[],"is_endless":false,"potions_floor_spawned":[3,10,13,14,16,18,22,28],"killed_by":"Snake Plant","ascension_level":0}