{"gold_per_floor":[115,115,115,128,53,89,110,150,150,168,168,243,286,136,136,260,260,260],"floor_reached":18,"playtime":1059,"items_purged":["Injury"],"score":319,"play_id":"a2f7f1da-c7c9-4ac2-a4d0-862102e05473","local_time":"20181112232218","is_ascension_mode":true,"campfire_choices":[{"floor":11,"key":"REST"},{"floor":15,"key":"REST"}],"neow_cost":"NONE","seed_source_timestamp":1055435034757095,"circlet_count":0,"master_deck":["Strike_B","Strike_B","Strike_B","Strike_B","Defend_B","Defend_B","Defend_B","Defend_B","Zap","Dualcast","Streamline","Leap","Coolheaded","Streamline","Ball Lightning","Conserve Battery","Defragment","Machine Learning","Pain","Decay","Injury"],"relics":["Cracked Core","NeowsBlessing","Ginger","Golden Idol","Incense Burner","Singing Bowl","Bottled Lightning","Darkstone Periapt","Bag of Marbles","Calling Bell","Omamori","Shuriken","Bird Faced Urn"],"potions_floor_usage":[8,13,13],"damage_taken":[{"damage":0,"enemies":"Cultist","floor":1,"turns":1},{"damage":0,"enemies":"2 Louse","floor":4,"turns":1},{"damage":0,"enemies":"Gremlin Nob","floor":6,"turns":1},{"damage":0,"enemies":"Small Slimes","floor":7,"turns":3},{"damage":20,"enemies":"Lagavulin","floor":8,"turns":5},{"damage":18,"enemies":"Exordium Thugs","floor":10,"turns":5},{"damage":12,"enemies":"3 Sentries","floor":13,"turns":6},{"damage":43,"enemies":"Hexaghost","floor":16,"turns":12},{"damage":0,"enemies":"Chosen","floor":18,"turns":1}],"seed_played":"-573100844863787412","potions_obtained":[{"floor":1,"key":"FocusPotion"},{"floor":7,"key":"PowerPotion"},{"floor":8,"key":"Energy Potion"}],"is_trial":false,"path_per_floor":["M","T","?","M","$","E","M","E","T","M","R","?","E","$","R","B",null,"M"],"character_chosen":"DEFECT","items_purchased":["Bag of Marbles"],"campfire_rested":2,"item_purchase_floors":[14],"current_hp_per_floor":[68,68,68,68,68,68,68,48,48,30,52,45,33,33,55,12,77,77],"gold":260,"neow_bonus":"THREE_ENEMY_KILL","is_prod":false,"is_daily":false,"chose_seed":false,"campfire_upgraded":0,"win_rate":0,"timestamp":1542086538,"path_taken":["M","?","?","M","$","E","M","E","T","M","R","?","E","$","R","BOSS","M"],"build_version":"2018-11-08","purchased_purges":1,"victory":false,"max_hp_per_floor":[75,75,75,75,75,75,75,75,75,75,75,75,75,75,75,75,93,93],"card_choices":[{"not_picked":["Skim","Rebound"],"picked":"Streamline","floor":1},{"not_picked":["Compile Driver","Rip and Tear"],"picked":"Leap","floor":4},{"not_picked":["Aggregate","Amplify"],"picked":"Coolheaded","floor":6},{"not_picked":["FTL","Cold Snap"],"picked":"Streamline","floor":7},{"not_picked":["Gash","Reboot"],"picked":"Ball Lightning","floor":8},{"not_picked":["Streamline","Go for the Eyes"],"picked":"Conserve Battery","floor":10},{"not_picked":["Conserve Battery","Rip and Tear"],"picked":"Defragment","floor":13},{"not_picked":["Creative AI","Amplify"],"picked":"Machine Learning","floor":16}],"player_experience":995251,"relics_obtained":[{"floor":2,"key":"Ginger"},{"floor":6,"key":"Incense Burner"},{"floor":8,"key":"Singing Bowl"},{"floor":9,"key":"Bottled Lightning"},{"floor":13,"key":"Darkstone Periapt"},{"floor":17,"key":"Omamori"},{"floor":17,"key":"Shuriken"},{"floor":17,"key":"Bird Faced Urn"}],"event_choices":[{"damage_healed":0,"gold_gain":0,"player_choice":"Take Wound","damage_taken":0,"relics_obtained":["Golden Idol"],"max_hp_gain":0,"max_hp_loss":0,"event_name":"Golden Idol","floor":3,"gold_loss":0,"cards_obtained":["Injury"]},{"damage_healed":0,"gold_gain":75,"player_choice":"Touch","damage_taken":7,"max_hp_gain":0,"max_hp_loss":0,"event_name":"FaceTrader","floor":12,"gold_loss":0}],"is_beta":false,"boss_relics":[{"not_picked":["Eternal Feather","Orrery"],"picked":"Calling Bell"}],"items_purged_floors":[5],"is_endless":false,"potions_floor_spawned":[1,7,8],"killed_by":"Chosen","ascension_level":9}