{"gold_per_floor":[113,13,13,26,38,38,65,65,65,65,65,40,61,94,94,215,215,238,263,114,134,173,173,173],"floor_reached":24,"playtime":1419,"items_purged":["Defend_R","Strike_R"],"score":204,"play_id":"296b7e0f-a984-4542-97c7-3fd2085a12ab","local_time":"20190703010606","is_ascension_mode":false,"campfire_choices":[{"data":"Sword Boomerang","floor":6,"key":"SMITH"},{"floor":8,"key":"RECALL"},{"data":"Pummel","floor":10,"key":"SMITH"},{"data":"Barricade","floor":15,"key":"SMITH"},{"data":"Limit Break","floor":23,"key":"SMITH"}],"neow_cost":"PERCENT_DAMAGE","seed_source_timestamp":2194300940206294,"circlet_count":0,"master_deck":["Strike_R","Strike_R","Strike_R","Strike_R+1","Defend_R","Defend_R","Defend_R","Bash","Demon Form+1","Flex","Flex","Sword Boomerang+1","Power Through","Pummel+1","Injury","Sword Boomerang","Heavy Blade","Barricade+1","Limit Break+1","Sword Boomerang","Flex","Inflame","Armaments+1"],"relics":["Burning Blood","Incense Burner","StoneCalendar","Golden Idol","Lantern","Coffee Dripper","Red Mask"],"potions_floor_usage":[21,21,21,21,22,24],"damage_taken":[{"damage":7,"enemies":"2 Louse","floor":1,"turns":3},{"damage":0,"enemies":"Small Slimes","floor":4,"turns":2},{"damage":3,"enemies":"Jaw Worm","floor":5,"turns":3},{"damage":14,"enemies":"Gremlin Nob","floor":7,"turns":3},{"damage":0,"enemies":"Looter","floor":13,"turns":2},{"damage":19,"enemies":"Lagavulin","floor":14,"turns":7},{"damage":2,"enemies":"Slime Boss","floor":16,"turns":6},{"damage":0,"enemies":"Spheric Guardian","floor":18,"turns":2},{"damage":18,"enemies":"Shell Parasite","floor":19,"turns":4},{"damage":21,"enemies":"Shelled Parasite and Fungi","floor":21,"turns":4},{"damage":69,"enemies":"Masked Bandits","floor":22,"turns":5},{"damage":13,"enemies":"Book of Stabbing","floor":24,"turns":2}],"seed_played":"-5662211896586895747","potions_obtained":[{"floor":7,"key":"EntropicBrew"},{"floor":13,"key":"Explosive Potion"},{"floor":16,"key":"Dexterity Potion"},{"floor":18,"key":"BloodPotion"}],"is_trial":false,"path_per_floor":["M","$","?","M","M","R","E","R","T","R","?","$","M","E","R","B",null,"M","M","$","M","?","R","E"],"character_chosen":"IRONCLAD","items_purchased":["Flex","Sword Boomerang","Flex"],"campfire_rested":0,"item_purchase_floors":[2,12,20],"current_hp_per_floor":[55,55,39,45,48,48,40,40,40,40,40,40,46,33,33,37,80,80,68,68,73,10,10,0],"gold":173,"neow_bonus":"THREE_RARE_CARDS","is_prod":false,"is_daily":false,"chose_seed":false,"campfire_upgraded":4,"win_rate":0,"timestamp":1562137566,"path_taken":["M","$","?","M","M","R","E","R","T","R","?","$","M","E","R","BOSS","M","M","$","M","?","R","E"],"build_version":"2019-07-01","purchased_purges":2,"victory":false,"max_hp_per_floor":[80,80,80,80,80,80,80,80,80,80,80,80,80,80,80,80,80,80,80,80,80,80,80,80],"card_choices":[{"not_picked":["Limit Break","Impervious"],"picked":"Demon Form","floor":0},{"not_picked":["Cleave","Pommel Strike"],"picked":"Flex","floor":1},{"not_picked":["Body Slam","Anger"],"picked":"Sword Boomerang","floor":4},{"not_picked":["Carnage","Clash"],"picked":"Power Through","floor":5},{"not_picked":["Sentinel","Spot Weakness"],"picked":"Pummel","floor":7},{"not_picked":["Warcry","Thunderclap"],"picked":"Heavy Blade","floor":13},{"not_picked":["True Grit","Clash"],"picked":"Barricade","floor":14},{"not_picked":["Barricade","Brutality"],"picked":"Limit Break","floor":16},{"not_picked":["Second Wind","Iron Wave","Corruption"],"picked":"SKIP","floor":18},{"not_picked":["Thunderclap","Sever Soul"],"picked":"Sword Boomerang","floor":19},{"not_picked":["Havoc+1","True Grit"],"picked":"Inflame","floor":21},{"not_picked":["Iron Wave","Body Slam+1"],"picked":"Armaments+1","floor":22}],"player_experience":113141,"relics_obtained":[{"floor":7,"key":"Incense Burner"},{"floor":9,"key":"StoneCalendar"},{"floor":14,"key":"Lantern"},{"floor":22,"key":"Red Mask"}],"event_choices":[{"damage_healed":0,"gold_gain":0,"player_choice":"Entered Light","damage_taken":16,"max_hp_gain":0,"max_hp_loss":0,"event_name":"Shining Light","floor":3,"gold_loss":0,"cards_upgraded":["Strike_R","Demon Form"]},{"damage_healed":0,"gold_gain":0,"player_choice":"Take Wound","damage_taken":0,"relics_obtained":["Golden Idol"],"max_hp_gain":0,"max_hp_loss":0,"event_name":"Golden Idol","floor":11,"gold_loss":0,"cards_obtained":["Injury"]},{"damage_healed":0,"gold_gain":0,"player_choice":"Fought Bandits","damage_taken":0,"max_hp_gain":0,"max_hp_loss":0,"event_name":"Masked Bandits","floor":22,"gold_loss":0}],"is_beta":false,"boss_relics":[{"not_picked":["Astrolabe","Fusion Hammer"],"picked":"Coffee Dripper"}],"items_purged_floors":[2,20],"is_endless":false,"potions_floor_spawned":[7,13,16,18,19],"killed_by":"Book of Stabbing","ascension_level":0}