{"gold_per_floor":[113,130,130,55,67,96,96,116,116,136,136,136,151,171,171,275,275,200],"floor_reached":18,"playtime":2089,"items_purged":["Defend_R"],"score":164,"play_id":"300b9f30-d5c7-4006-8c2e-279b459ff79c","local_time":"20180710090252","is_ascension_mode":false,"campfire_choices":[{"data":"Infernal Blade","floor":7,"key":"SMITH"},{"data":"Searing Blow","floor":12,"key":"SMITH"},{"floor":15,"key":"REST"}],"neow_cost":"TEN_PERCENT_HP_LOSS","seed_source_timestamp":1183621668925058,"circlet_count":0,"master_deck":["Strike_R","Strike_R","Strike_R","Strike_R","Defend_R","Defend_R","Defend_R","Bash","Searing Blow+1","Flex","Thunderclap","Iron Wave","Infernal Blade+1","Flex","Spot Weakness","Parasite","Reaper"],"relics":["Burning Blood","Dead Branch","Charon\u0027s Ashes","Girya"],"potions_floor_usage":[6,6,13,14],"damage_taken":[{"damage":4,"enemies":"Small Slimes","floor":1,"turns":4},{"damage":5,"enemies":"Cultist","floor":2,"turns":4},{"damage":11,"enemies":"Jaw Worm","floor":5,"turns":2},{"damage":39,"enemies":"Lagavulin","floor":6,"turns":6},{"damage":16,"enemies":"Red Slaver","floor":8,"turns":4},{"damage":5,"enemies":"Looter","floor":10,"turns":2},{"damage":6,"enemies":"Large Slime","floor":13,"turns":3},{"damage":12,"enemies":"Exordium Thugs","floor":14,"turns":2},{"damage":39,"enemies":"Slime Boss","floor":16,"turns":8},{"damage":41,"enemies":"2 Thieves","floor":18,"turns":5}],"seed_played":"3427827996185949057","potions_obtained":[{"floor":2,"key":"BloodPotion"},{"floor":5,"key":"Energy Potion"},{"floor":6,"key":"Explosive Potion"},{"floor":13,"key":"AttackPotion"}],"is_trial":false,"path_per_floor":["M","M","?","$","M","E","R","M","T","M","?","R","M","M","R","B",null],"character_chosen":"IRONCLAD","items_purchased":[],"campfire_rested":1,"item_purchase_floors":[],"current_hp_per_floor":[72,72,72,72,67,41,41,31,31,32,50,50,50,44,65,32,72,31],"gold":200,"neow_bonus":"ONE_RARE_RELIC","is_prod":false,"is_daily":false,"chose_seed":false,"campfire_upgraded":2,"win_rate":0,"timestamp":1531231372,"path_taken":["M","M","?","$","M","E","R","?","T","M","?","R","M","M","R","BOSS","M"],"build_version":"2018-07-05","purchased_purges":1,"victory":false,"max_hp_per_floor":[72,72,72,72,72,72,72,72,72,72,72,72,72,72,72,72,72,72],"card_choices":[{"not_picked":["Heavy Blade","True Grit"],"picked":"Searing Blow","floor":1},{"not_picked":["Carnage","Twin Strike"],"picked":"Flex","floor":2},{"not_picked":["Warcry","Pummel"],"picked":"Iron Wave","floor":5},{"not_picked":["Body Slam","Power Through"],"picked":"Infernal Blade","floor":6},{"not_picked":["Combust","Havoc"],"picked":"Flex","floor":8},{"not_picked":["Cleave","Blood for Blood"],"picked":"Spot Weakness","floor":10},{"not_picked":["Twin Strike","Clash","Barricade"],"picked":"SKIP","floor":13},{"not_picked":["Hemokinesis","Sentinel","Evolve"],"picked":"SKIP","floor":14},{"not_picked":["Offering","Juggernaut"],"picked":"Reaper","floor":16}],"player_experience":125281,"relics_obtained":[{"floor":6,"key":"Charon\u0027s Ashes"},{"floor":9,"key":"Girya"}],"event_choices":[{"event_name":"Transmorgrifier","player_choice":"Transform","floor":3,"damage_taken":0},{"event_name":"Mushrooms","player_choice":"Healed and dodged fight","floor":11,"damage_taken":0}],"boss_relics":[{"not_picked":["Snecko Eye","Runic Dome","Calling Bell"]}],"items_purged_floors":[4],"is_endless":false,"potions_floor_spawned":[2,5,6,13],"killed_by":"2 Thieves","ascension_level":0}