{"gold_per_floor":[116,132,144,162,162,191,266,281,305,305,330,330,159,178,178,251,251,266,49,66,79,79,104,104,130,130,130,143,143,163,183,183,258,258,273,52,63,63,83,83,97,97,122,138,188,204,88,103,103,103],"floor_reached":51,"playtime":4044,"items_purged":[],"score":1333,"play_id":"380b5b72-ac06-4789-bd46-3a10ed44ddc5","local_time":"20181018224507","is_ascension_mode":true,"campfire_choices":[{"floor":10.0,"key":"REST"},{"data":"Rampage","floor":12.0,"key":"SMITH"},{"floor":15.0,"key":"REST"},{"floor":24.0,"key":"REST"},{"floor":32.0,"key":"REST"},{"floor":40.0,"key":"REST"},{"data":"Perfected Strike","floor":42.0,"key":"SMITH"},{"floor":49,"key":"REST"}],"neow_cost":"NONE","seed_source_timestamp":0,"circlet_count":0,"master_deck":["Strike_R","Strike_R","Strike_R","Strike_R","Strike_R","Defend_R","Defend_R","Defend_R","Defend_R","Bash","AscendersBane","Feed","Cleave","Perfected Strike+1","Pommel Strike","Shrug It Off","Battle Trance","Rampage+1","Uppercut","Flex","Twin Strike","Rage","Fiend Fire","Flex","Master of Strategy","Twin Strike","Armaments","Flame Barrier","Thunderclap","Wild Strike","RitualDagger","Shrug It Off","Perfected Strike+1","Perfected Strike","Perfected Strike","Fiend Fire","Power Through","Heavy Blade","Perfected Strike","Wild Strike","Shockwave","Perfected Strike","Flex","Wild Strike","Flex","Iron Wave+1"],"special_seed":0,"relics":["Burning Blood","Dream Catcher","Oddly Smooth Stone","Lantern","Vajra","Mark of Pain","Regal Pillow","Kunai","Pocketwatch","Bottled Flame","Snecko Eye","ClockworkSouvenir","Calipers","Bronze Scales","Thread and Needle"],"potions_floor_usage":[45,45,50],"damage_taken":[{"damage":7.0,"enemies":"Small Slimes","floor":1.0,"turns":5.0},{"damage":6.0,"enemies":"Cultist","floor":2.0,"turns":3.0},{"damage":16.0,"enemies":"2 Louse","floor":3.0,"turns":2.0},{"damage":7.0,"enemies":"Looter","floor":4.0,"turns":3.0},{"damage":30.0,"enemies":"Lagavulin","floor":6.0,"turns":5.0},{"damage":1.0,"enemies":"Large Slime","floor":8.0,"turns":5.0},{"damage":25.0,"enemies":"Gremlin Nob","floor":11.0,"turns":4.0},{"damage":0.0,"enemies":"Exordium Thugs","floor":14.0,"turns":3.0},{"damage":78.0,"enemies":"Hexaghost","floor":16.0,"turns":9.0},{"damage":25.0,"enemies":"Shell Parasite","floor":18.0,"turns":5.0},{"damage":0.0,"enemies":"Spheric Guardian","floor":20.0,"turns":3.0},{"damage":12.0,"enemies":"3 Cultists","floor":21.0,"turns":5.0},{"damage":15.0,"enemies":"Slavers","floor":23.0,"turns":5.0},{"damage":28.0,"enemies":"Gremlin Leader","floor":25.0,"turns":4.0},{"damage":0.0,"enemies":"Snake Plant","floor":28.0,"turns":2.0},{"damage":7.0,"enemies":"Snecko","floor":30.0,"turns":3.0},{"damage":12.0,"enemies":"Centurion and Healer","floor":31.0,"turns":5.0},{"damage":68.0,"enemies":"Collector","floor":33.0,"turns":9.0},{"damage":20.0,"enemies":"3 Shapes","floor":35.0,"turns":4.0},{"damage":23.0,"enemies":"3 Darklings","floor":37.0,"turns":2.0},{"damage":26.0,"enemies":"Mind Bloom Boss Battle","floor":38.0,"turns":4.0},{"damage":9.0,"enemies":"4 Shapes","floor":39.0,"turns":5.0},{"damage":0.0,"enemies":"Sphere and 2 Shapes","floor":41.0,"turns":6.0},{"damage":29.0,"enemies":"3 Darklings","floor":44.0,"turns":4.0},{"damage":11,"enemies":"2 Orb Walkers","floor":45,"turns":2},{"damage":5,"enemies":"Spire Growth","floor":46,"turns":3},{"damage":0,"enemies":"Sphere and 2 Shapes","floor":48,"turns":2},{"damage":25,"enemies":"Time Eater","floor":50,"turns":6}],"seed_played":"-7846831987636541864","potions_obtained":[{"floor":2.0,"key":"GamblersBrew"},{"floor":3.0,"key":"AttackPotion"},{"floor":6.0,"key":"SneckoOil"},{"floor":8.0,"key":"Energy Potion"},{"floor":14.0,"key":"PowerPotion"},{"floor":21.0,"key":"LiquidBronze"},{"floor":25.0,"key":"Swift Potion"},{"floor":30.0,"key":"Block Potion"},{"floor":33.0,"key":"BloodPotion"},{"floor":35.0,"key":"Weak Potion"},{"floor":41.0,"key":"SteroidPotion"},{"floor":44.0,"key":"FearPotion"},{"floor":46,"key":"GamblersBrew"},{"floor":48,"key":"GamblersBrew"}],"is_trial":false,"path_per_floor":["M","M","M","M","?","E","?","M","T","R","E","R","$","M","R","B",null,"M","$","M","M","?","E","R","E","T","?","M","T","M","M","R","B",null,"M","$","M","?","M","R","M","R","T","M","?","M","$","M","R","B"],"character_chosen":"IRONCLAD","items_purchased":["Vajra","Master of Strategy","ClockworkSouvenir","Wild Strike","Flex"],"campfire_rested":6,"item_purchase_floors":[13,19,36,47,47],"current_hp_per_floor":[70,73,63,65,65,44,33,41,41,68,52,52,52,61,89,17,76,57,57,63,60,30,21,67,45,45,39,45,45,44,41,88,26,87,73,73,66,46,43,90,96,96,96,76,71,72,72,78,110,91],"gold":103,"neow_bonus":"ONE_RANDOM_RARE_CARD","is_prod":false,"is_daily":false,"chose_seed":false,"campfire_upgraded":2,"win_rate":0,"timestamp":1539920707,"path_taken":["M","M","M","M","?","E","?","M","T","R","E","R","$","?","R","BOSS","M","$","M","?","?","E","R","E","T","?","M","?","?","?","R","BOSS","M","$","M","?","M","R","M","R","T","M","?","M","?","M","R","BOSS"],"build_version":"2018-10-18","purchased_purges":0,"victory":true,"max_hp_per_floor":[78,81,81,84,84,87,87,90,90,90,93,93,93,96,96,96,96,96,96,96,99,104,104,104,104,104,104,104,104,104,107,107,107,107,107,107,107,107,107,107,107,107,107,110,110,110,110,110,110,110],"card_choices":[{"not_picked":["True Grit","Anger"],"picked":"Cleave","floor":1.0},{"not_picked":["Sever Soul","Intimidate"],"picked":"Perfected Strike","floor":2.0},{"not_picked":["Armaments","Clothesline"],"picked":"Pommel Strike","floor":3.0},{"not_picked":["Shockwave","Intimidate"],"picked":"Shrug It Off","floor":4.0},{"not_picked":["Double Tap","Evolve"],"picked":"Battle Trance","floor":6.0},{"not_picked":["Iron Wave","Bloodletting"],"picked":"Rampage","floor":8.0},{"not_picked":["Evolve","Sword Boomerang"],"picked":"Uppercut","floor":10.0},{"not_picked":["Sever Soul","Disarm"],"picked":"Flex","floor":11.0},{"not_picked":["Clothesline","Havoc"],"picked":"Twin Strike","floor":14.0},{"not_picked":["Seeing Red","Havoc"],"picked":"Rage","floor":15.0},{"not_picked":["Juggernaut","Berserk"],"picked":"Fiend Fire","floor":16.0},{"not_picked":["Armaments","Havoc+1"],"picked":"Flex","floor":18.0},{"not_picked":["Body Slam","Iron Wave"],"picked":"Twin Strike","floor":20.0},{"not_picked":["Anger","Body Slam"],"picked":"Armaments","floor":21.0},{"not_picked":["Metallicize","Bloodletting+1"],"picked":"Flame Barrier","floor":23.0},{"not_picked":["Clothesline","Rage"],"picked":"Thunderclap","floor":24.0},{"not_picked":["Brutality","Offering"],"picked":"Wild Strike","floor":25.0},{"not_picked":["Body Slam","Seeing Red+1"],"picked":"Shrug It Off","floor":28.0},{"not_picked":["Sever Soul","Armaments"],"picked":"Perfected Strike","floor":30.0},{"not_picked":["Wild Strike","Warcry"],"picked":"Perfected Strike","floor":31.0},{"not_picked":["Clash","Shrug It Off"],"picked":"Perfected Strike","floor":32.0},{"not_picked":["Reaper","Dark Embrace"],"picked":"Fiend Fire","floor":33.0},{"not_picked":["Sword Boomerang","Cleave"],"picked":"Power Through","floor":35.0},{"not_picked":["Cleave","Dropkick"],"picked":"Heavy Blade","floor":37.0},{"not_picked":["Ghostly Armor","Battle Trance"],"picked":"Perfected Strike","floor":38.0},{"not_picked":["Sentinel","True Grit","Pummel"],"picked":"SKIP","floor":39.0},{"not_picked":["Searing Blow+1","Armaments+1"],"picked":"Wild Strike","floor":40.0},{"not_picked":["Anger","Sword Boomerang"],"picked":"Shockwave","floor":41.0},{"not_picked":["Wild Strike","Limit Break"],"picked":"Perfected Strike","floor":44.0},{"not_picked":["Combust","Fire Breathing"],"picked":"Flex","floor":45},{"not_picked":["Metallicize+1","Havoc","True Grit+1"],"picked":"SKIP","floor":46},{"not_picked":["Entrench","Rage","Shockwave"],"picked":"SKIP","floor":48},{"not_picked":["Clash+1","True Grit"],"picked":"Iron Wave+1","floor":49}],"player_experience":791848,"relics_obtained":[{"floor":6.0,"key":"Dream Catcher"},{"floor":9.0,"key":"Oddly Smooth Stone"},{"floor":11.0,"key":"Lantern"},{"floor":23.0,"key":"Regal Pillow"},{"floor":25.0,"key":"Kunai"},{"floor":26.0,"key":"Pocketwatch"},{"floor":29.0,"key":"Bottled Flame"},{"floor":38.0,"key":"Calipers"},{"floor":43.0,"key":"Bronze Scales"},{"floor":45,"key":"Thread and Needle"}],"event_choices":[{"damage_healed":0.0,"max_hp_gain":0.0,"max_hp_loss":0.0,"gold_gain":0.0,"event_name":"Accursed Blacksmith","player_choice":"Forge","floor":5.0,"gold_loss":0.0,"damage_taken":0.0,"cards_upgraded":["Perfected Strike"]},{"damage_healed":0.0,"max_hp_gain":0.0,"max_hp_loss":0.0,"gold_gain":75.0,"event_name":"World of Goop","player_choice":"Gather Gold","floor":7.0,"gold_loss":0.0,"damage_taken":11.0},{"damage_healed":0.0,"max_hp_gain":5.0,"max_hp_loss":0.0,"gold_gain":0.0,"event_name":"Forgotten Altar","player_choice":"Shed Blood","floor":22.0,"gold_loss":0.0,"damage_taken":35.0},{"damage_healed":0.0,"max_hp_gain":0.0,"max_hp_loss":0.0,"gold_gain":0.0,"event_name":"Nest","player_choice":"Joined the Cult","floor":27.0,"gold_loss":0.0,"damage_taken":6.0,"cards_obtained":["RitualDagger"]},{"damage_healed":0.0,"max_hp_gain":0.0,"max_hp_loss":0.0,"gold_gain":0.0,"event_name":"MindBloom","player_choice":"Fight","floor":38.0,"gold_loss":0.0,"damage_taken":0.0},{"damage_healed":0,"gold_gain":0,"player_choice":"Fight","damage_taken":0,"max_hp_gain":0,"max_hp_loss":0,"event_name":"Mysterious Sphere","floor":45,"gold_loss":0}],"is_beta":false,"boss_relics":[{"not_picked":["Velvet Choker","Black Star"],"picked":"Mark of Pain"},{"not_picked":["Astrolabe","Calling Bell"],"picked":"Snecko Eye"}],"items_purged_floors":[],"is_endless":false,"potions_floor_spawned":[2,3,6,8,14,21,25,30,33,35,41,44,46,48],"ascension_level":17}