{"gold_per_floor":[12,26,26,45,63,95,95,127,127,3,3,3,15,30,30,128,128,143,163,163,175,175,202,213,213,291,291,307,342,4,4,4,100,100,116,131,131,141,141,141,216,216,286,305,318,318,335,154,154,154],"floor_reached":50,"playtime":3355,"items_purged":["Pain","Regret"],"score":569,"play_id":"73437922-5aed-4ec7-afa9-129a64ba9ae2","local_time":"20181213132902","is_ascension_mode":false,"campfire_choices":[{"data":"Body Slam","floor":7,"key":"SMITH"},{"data":"Flame Barrier","floor":15,"key":"SMITH"},{"floor":25,"key":"REST"},{"data":"Limit Break","floor":27,"key":"SMITH"},{"data":"Sword Boomerang","floor":32,"key":"SMITH"},{"data":"Heavy Blade","floor":40,"key":"SMITH"},{"data":"Barricade","floor":42,"key":"SMITH"},{"floor":49,"key":"RECALL"}],"neow_cost":"NO_GOLD","seed_source_timestamp":0,"circlet_count":0,"master_deck":["Defend_R+1","Defend_R","Bash","Flame Barrier+1","Body Slam+1","Reckless Charge+1","Shrug It Off","Shrug It Off","Heavy Blade","Pummel","Anger","Barricade+1","Wild Strike","Limit Break+1","Headbutt+1","Bite","Bite","Bite","Bite","Bite","Sword Boomerang+1","Pommel Strike","Havoc+1","Sword Boomerang+1","Spot Weakness+1","Headbutt","Battle Trance","Flash of Steel+1","Limit Break","Flex+1","Body Slam+1","Heavy Blade+1","Madness","Madness","Parasite","Flame Barrier+1","Heavy Blade+1","Swift Strike"],"special_seed":0,"relics":["Burning Blood","Boot","Pen Nib","Vajra","Cursed Key","Ornamental Fan","Centennial Puzzle","Whetstone","Mark of Pain","Frozen Egg 2","Bottled Flame"],"potions_floor_usage":[5,6,16,16,16,16,18,19,23,29,33,33,50,50],"damage_taken":[{"damage":3.0,"enemies":"Small Slimes","floor":1.0,"turns":5.0},{"damage":6,"enemies":"Jaw Worm","floor":2,"turns":5},{"damage":0,"enemies":"Cultist","floor":4,"turns":4},{"damage":0,"enemies":"Looter","floor":5,"turns":2},{"damage":25,"enemies":"3 Sentries","floor":6,"turns":17},{"damage":22,"enemies":"Lagavulin","floor":8,"turns":7},{"damage":8,"enemies":"Exordium Thugs","floor":13,"turns":4},{"damage":0,"enemies":"3 Louse","floor":14,"turns":3},{"damage":8,"enemies":"Hexaghost","floor":16,"turns":8},{"damage":7,"enemies":"2 Thieves","floor":18,"turns":4},{"damage":0,"enemies":"Spheric Guardian","floor":19,"turns":1},{"damage":21,"enemies":"Snake Plant","floor":21,"turns":3},{"damage":32,"enemies":"Book of Stabbing","floor":23,"turns":5},{"damage":22,"enemies":"3 Cultists","floor":24,"turns":5},{"damage":9,"enemies":"Centurion and Healer","floor":28,"turns":7},{"damage":24,"enemies":"Slavers","floor":29,"turns":3},{"damage":4,"enemies":"Champ","floor":33,"turns":5},{"damage":21,"enemies":"3 Darklings","floor":35,"turns":2},{"damage":0,"enemies":"3 Shapes","floor":36,"turns":2},{"damage":31,"enemies":"Writhing Mass","floor":38,"turns":6},{"damage":3,"enemies":"Maw","floor":44,"turns":4},{"damage":0,"enemies":"Transient","floor":45,"turns":5},{"damage":10,"enemies":"Writhing Mass","floor":47,"turns":4},{"damage":50,"enemies":"Time Eater","floor":50,"turns":5}],"seed_played":"1732648978053273455","potions_obtained":[{"floor":1.0,"key":"Energy Potion"},{"floor":2,"key":"EssenceOfSteel"},{"floor":13,"key":"Fruit Juice"},{"floor":14,"key":"EntropicBrew"},{"floor":16,"key":"Regen Potion"},{"floor":18,"key":"SneckoOil"},{"floor":21,"key":"Swift Potion"},{"floor":23,"key":"LiquidBronze"},{"floor":29,"key":"SteroidPotion"},{"floor":31,"key":"FearPotion"},{"floor":33,"key":"SpeedPotion"},{"floor":45,"key":"AttackPotion"}],"is_trial":false,"path_per_floor":["M","M","?","M","M","E","R","E","T","$","?","?","M","M","R","B",null,"M","M","?","M","?","E","M","R","T","R","M","E","$","?","R","B",null,"M","M","?","M","?","R","T","R","T","M","M","?","M","$","R","B"],"character_chosen":"IRONCLAD","items_purchased":["Pummel","Anger","Battle Trance","Flash of Steel","Whetstone","Swift Strike"],"campfire_rested":1,"item_purchase_floors":[10,10,30,30,30,48],"current_hp_per_floor":[80,80,85,85,85,66,66,50,50,50,50,33,31,37,37,40,90,89,90,63,48,48,40,32,50,50,50,57,45,45,45,45,53,63,52,63,63,42,34,34,34,34,34,43,55,55,53,53,53,7],"gold":154,"neow_bonus":"REMOVE_TWO","is_prod":false,"is_daily":false,"chose_seed":false,"campfire_upgraded":6,"win_rate":0,"timestamp":1544729342,"path_taken":["M","M","?","M","M","E","R","E","T","?","?","?","M","M","R","BOSS","M","M","?","M","?","E","?","R","T","R","M","E","$","?","R","BOSS","M","M","?","M","?","R","?","R","T","M","M","?","?","$","R","BOSS"],"build_version":"2018-12-06","purchased_purges":2,"victory":false,"max_hp_per_floor":[80,80,85,85,85,85,85,85,85,85,85,85,85,85,85,90,90,90,90,63,63,63,63,63,63,63,63,63,63,63,63,63,63,63,63,63,63,63,63,63,63,63,63,63,63,63,63,63,63,63],"card_choices":[{"not_picked":["Spot Weakness","Shrug It Off"],"picked":"Flame Barrier","floor":1.0},{"not_picked":["True Grit","Entrench"],"picked":"Body Slam","floor":2},{"not_picked":["Perfected Strike","Corruption"],"picked":"Reckless Charge","floor":4},{"not_picked":["Battle Trance","Heavy Blade"],"picked":"Shrug It Off","floor":5},{"not_picked":["Dual Wield","Sword Boomerang"],"picked":"Shrug It Off","floor":6},{"not_picked":["Fire Breathing","Warcry"],"picked":"Heavy Blade","floor":8},{"not_picked":["Shrug It Off","Second Wind"],"picked":"Barricade","floor":13},{"not_picked":["Corruption","Infernal Blade"],"picked":"Wild Strike","floor":14},{"not_picked":["Feed","Dark Embrace"],"picked":"Limit Break","floor":16},{"not_picked":["Sever Soul","Clothesline"],"picked":"Headbutt+1","floor":18},{"not_picked":["Rupture","Sever Soul","Clash"],"picked":"SKIP","floor":19},{"not_picked":["Ghostly Armor","Clothesline"],"picked":"Sword Boomerang+1","floor":21},{"not_picked":["Pommel Strike","Barricade"],"picked":"Havoc+1","floor":23},{"not_picked":["Twin Strike+1","Havoc"],"picked":"Sword Boomerang","floor":24},{"not_picked":["Battle Trance","Metallicize"],"picked":"Spot Weakness+1","floor":28},{"not_picked":["Brutality","Entrench+1"],"picked":"Headbutt","floor":29},{"not_picked":["Feed","Double Tap"],"picked":"Limit Break","floor":33},{"not_picked":["Sever Soul","Wild Strike"],"picked":"Flex+1","floor":35},{"not_picked":["Blood for Blood","Iron Wave+1"],"picked":"Body Slam+1","floor":36},{"not_picked":["Thunderclap","Headbutt"],"picked":"Heavy Blade","floor":38},{"not_picked":["Thunderclap","Fire Breathing+1","Corruption+1"],"picked":"SKIP","floor":44},{"not_picked":["Body Slam","Sever Soul"],"picked":"Flame Barrier+1","floor":45},{"not_picked":["Anger+1","Clothesline+1"],"picked":"Heavy Blade+1","floor":47}],"player_experience":1094465,"relics_obtained":[{"floor":6,"key":"Boot"},{"floor":8,"key":"Pen Nib"},{"floor":9,"key":"Vajra"},{"floor":23,"key":"Ornamental Fan"},{"floor":29,"key":"Centennial Puzzle"},{"floor":41,"key":"Frozen Egg 2"},{"floor":43,"key":"Bottled Flame"}],"event_choices":[{"damage_healed":0,"gold_gain":0,"player_choice":"Donut","damage_taken":0,"max_hp_gain":5,"max_hp_loss":0,"event_name":"Big Fish","floor":3,"gold_loss":0},{"damage_healed":0,"gold_gain":0,"player_choice":"Leave","damage_taken":0,"max_hp_gain":0,"max_hp_loss":0,"event_name":"The Cleric","floor":11,"gold_loss":0},{"damage_healed":0,"gold_gain":0,"player_choice":"Entered Light","damage_taken":17,"max_hp_gain":0,"max_hp_loss":0,"event_name":"Shining Light","floor":12,"gold_loss":0,"cards_upgraded":["Strike_R","Defend_R"]},{"damage_healed":0,"gold_gain":0,"player_choice":"Became a vampire","damage_taken":0,"max_hp_gain":0,"max_hp_loss":27,"event_name":"Vampires","floor":20,"gold_loss":0,"cards_obtained":["Bite","Bite","Bite","Bite","Bite"]},{"damage_healed":0,"gold_gain":0,"cards_transformed":["Defend_R"],"player_choice":"Transformed","damage_taken":0,"max_hp_gain":0,"max_hp_loss":0,"event_name":"Transmorgrifier","floor":22,"gold_loss":0,"cards_obtained":["Pommel Strike"]},{"damage_healed":0,"gold_gain":0,"player_choice":"Got Potions","damage_taken":0,"max_hp_gain":0,"max_hp_loss":0,"event_name":"Lab","floor":31,"gold_loss":0},{"damage_healed":0,"gold_gain":0,"player_choice":"Memory 1","damage_taken":0,"max_hp_gain":0,"max_hp_loss":0,"event_name":"SensoryStone","floor":37,"gold_loss":0},{"damage_healed":0,"gold_gain":0,"player_choice":"Embrace Madness","damage_taken":8,"max_hp_gain":0,"max_hp_loss":0,"event_name":"Winding Halls","floor":39,"gold_loss":0,"cards_obtained":["Madness","Madness"]},{"damage_healed":0,"gold_gain":0,"player_choice":"Ignored","damage_taken":0,"max_hp_gain":0,"max_hp_loss":0,"event_name":"Tomb of Lord Red Mask","floor":46,"gold_loss":0}],"is_beta":false,"boss_relics":[{"not_picked":["Runic Cube","Astrolabe"],"picked":"Cursed Key"},{"not_picked":["Runic Pyramid","Eternal Feather"],"picked":"Mark of Pain"}],"items_purged_floors":[30,48],"is_endless":false,"potions_floor_spawned":[1,2,13,14,16,18,21,23,29,33,45],"killed_by":"Time Eater","ascension_level":0}