{"gold_per_floor":[112,123,133,103,103,103,117,144,197,222,222,2,12,28,28,132,132,116,216,231,64,84,84],"floor_reached":23,"playtime":1377,"items_purged":["Defend_R","Pain"],"score":258,"play_id":"b795f043-3dec-4fe6-ba4d-0c34b1572c66","local_time":"20181005183557","is_ascension_mode":true,"campfire_choices":[{"floor":6,"key":"REST"},{"floor":11,"key":"REST"},{"floor":15,"key":"REST"}],"neow_cost":"PERCENT_DAMAGE","seed_source_timestamp":625614089866437,"circlet_count":0,"master_deck":["Strike_R","Strike_R","Strike_R+1","Strike_R+1","Strike_R","Defend_R","Defend_R","Defend_R","Bash","Shrug It Off","Shrug It Off","Ghostly Armor","Anger","Uppercut","Power Through","Flex","Limit Break","Doubt","Doubt","Cleave+1","Whirlwind+1","Carnage","Flex"],"relics":["Burning Blood","Bronze Scales","Tiny Chest","Orichalcum","Regal Pillow","Calling Bell","Dream Catcher","Mummified Hand","Torii"],"potions_floor_usage":[3,7,8,8,13,22],"damage_taken":[{"damage":6,"enemies":"Cultist","floor":1,"turns":3},{"damage":2,"enemies":"2 Louse","floor":2,"turns":3},{"damage":6,"enemies":"Jaw Worm","floor":3,"turns":3},{"damage":2,"enemies":"3 Louse","floor":7,"turns":5},{"damage":10,"enemies":"Gremlin Nob","floor":8,"turns":3},{"damage":51,"enemies":"Lagavulin","floor":10,"turns":7},{"damage":1,"enemies":"Exordium Thugs","floor":13,"turns":4},{"damage":2,"enemies":"Lots of Slimes","floor":14,"turns":4},{"damage":51,"enemies":"Hexaghost","floor":16,"turns":10},{"damage":27,"enemies":"2 Thieves","floor":18,"turns":4},{"damage":40,"enemies":"Spheric Guardian","floor":20,"turns":8},{"damage":28,"enemies":"Chosen and Byrds","floor":22,"turns":5},{"damage":21,"enemies":"Gremlin Leader","floor":23,"turns":2}],"seed_played":"5494337460949133221","potions_obtained":[{"floor":2,"key":"SkillPotion"},{"floor":3,"key":"Ancient Potion"},{"floor":4,"key":"FearPotion"},{"floor":4,"key":"Strength Potion"},{"floor":10,"key":"SkillPotion"},{"floor":18,"key":"LiquidBronze"}],"is_trial":false,"path_per_floor":["M","M","M","?","?","R","M","E","T","E","R","$","M","M","R","B",null,"M","?","M","$","M"],"character_chosen":"IRONCLAD","items_purchased":["Regal Pillow","Carnage"],"campfire_rested":3,"item_purchase_floors":[12,21],"current_hp_per_floor":[69,73,73,73,54,82,86,82,82,37,65,65,70,74,96,51,96,75,75,41,41,19,0],"gold":84,"neow_bonus":"TWENTY_PERCENT_HP_BONUS","is_prod":false,"is_daily":false,"chose_seed":false,"campfire_upgraded":0,"win_rate":0,"timestamp":1538789757,"path_taken":["M","?","M","?","?","R","M","E","T","E","R","$","M","?","R","BOSS","M","?","M","$","M","E"],"build_version":"2018-10-04","purchased_purges":2,"victory":false,"max_hp_per_floor":[96,96,96,96,96,96,96,96,96,96,96,96,96,96,96,96,96,96,96,96,96,96,96],"card_choices":[{"not_picked":["Twin Strike","Entrench"],"picked":"Shrug It Off","floor":1},{"not_picked":["Rampage","Evolve"],"picked":"Shrug It Off","floor":2},{"not_picked":["Searing Blow","Flame Barrier"],"picked":"Ghostly Armor","floor":3},{"not_picked":["Body Slam","Havoc"],"picked":"Anger","floor":7},{"not_picked":["Spot Weakness","Warcry","Shrug It Off"],"picked":"SKIP","floor":8},{"not_picked":["Infernal Blade","Warcry"],"picked":"Uppercut","floor":10},{"not_picked":["Body Slam","True Grit"],"picked":"Power Through","floor":13},{"not_picked":["Rupture","Shrug It Off"],"picked":"Flex","floor":14},{"not_picked":["Feed","Fiend Fire"],"picked":"Limit Break","floor":16},{"not_picked":["Seeing Red","Shrug It Off+1"],"picked":"Cleave+1","floor":18},{"not_picked":["True Grit+1","Headbutt"],"picked":"Whirlwind+1","floor":20},{"not_picked":["Sever Soul","Body Slam"],"picked":"Flex","floor":22}],"player_experience":417739,"relics_obtained":[{"floor":8,"key":"Bronze Scales"},{"floor":9,"key":"Tiny Chest"},{"floor":10,"key":"Orichalcum"},{"floor":17,"key":"Dream Catcher"},{"floor":17,"key":"Mummified Hand"},{"floor":17,"key":"Torii"}],"event_choices":[{"event_name":"The Woman in Blue","player_choice":"Bought 2 Potions","floor":4,"damage_taken":0},{"event_name":"Shining Light","player_choice":"Entered Light","floor":5,"damage_taken":0},{"event_name":"Golden Shrine","player_choice":"Pray","floor":19,"damage_taken":0}],"is_beta":false,"boss_relics":[{"not_picked":["Snecko Eye","Coffee Dripper"],"picked":"Calling Bell"}],"items_purged_floors":[12,21],"is_endless":false,"potions_floor_spawned":[2,3,10,18],"killed_by":"Gremlin Leader","ascension_level":3}