{"gold_per_floor":[116,116,116,116,131,131,166,166,166,166,190,216,216],"floor_reached":13,"playtime":845,"items_purged":[],"score":142,"play_id":"cec662ea-c7ba-44e1-8ee8-871bdb3480d7","local_time":"20190627144502","is_ascension_mode":true,"campfire_choices":[{"floor":6.0,"key":"REST"},{"data":"Riddle With Holes","floor":8.0,"key":"SMITH"},{"data":"Endless Agony","floor":10.0,"key":"SMITH"}],"neow_cost":"NONE","seed_source_timestamp":0,"circlet_count":0,"master_deck":["AscendersBane","Defend_G","Defend_G","Defend_G+1","Defend_G","Defend_G","Strike_G","Strike_G","Strike_G","Strike_G+1","Strike_G+1","Survivor","Neutralize+1","Poisoned Stab","Endless Agony+1","Riddle With Holes+1","Crippling Poison"],"special_seed":0,"relics":["Ring of the Snake","Golden Idol","Gremlin Horn","Whetstone","Odd Mushroom"],"potions_floor_usage":[],"damage_taken":[{"damage":1.0,"enemies":"Small Slimes","floor":1.0,"turns":4.0},{"damage":0.0,"enemies":"2 Louse","floor":5.0,"turns":3.0},{"damage":21.0,"enemies":"Lagavulin","floor":7.0,"turns":8.0},{"damage":0.0,"enemies":"Jaw Worm","floor":11.0,"turns":2.0},{"damage":6.0,"enemies":"The Mushroom Lair","floor":12.0,"turns":4.0},{"damage":0,"enemies":"Looter","floor":13,"turns":1}],"seed_played":"8718580964343879553","potions_obtained":[{"floor":5.0,"key":"Block Potion"}],"is_trial":false,"path_per_floor":["M","?","?","?","M","R","E","R","T","R","M","?","M"],"character_chosen":"THE_SILENT","items_purchased":[],"campfire_rested":1,"item_purchase_floors":[],"current_hp_per_floor":[64,39,17,41,41,62,41,41,41,41,41,35,35],"gold":216,"neow_bonus":"TEN_PERCENT_HP_BONUS","is_prod":false,"is_daily":false,"chose_seed":false,"campfire_upgraded":2,"win_rate":0,"timestamp":1561664702,"path_taken":["M","?","?","?","M","R","E","R","T","R","M","?","M"],"build_version":"2019-01-23","purchased_purges":0,"victory":false,"max_hp_per_floor":[72,72,72,72,72,72,72,72,72,72,72,72,72],"card_choices":[{"not_picked":["Blade Dance","Caltrops"],"picked":"Poisoned Stab","floor":1.0},{"not_picked":["Concentrate","Choke"],"picked":"Endless Agony","floor":5.0},{"not_picked":["Well Laid Plans","Flechettes"],"picked":"Riddle With Holes","floor":7.0},{"not_picked":["Outmaneuver","All Out Attack"],"picked":"Crippling Poison","floor":11.0}],"player_experience":1491970,"relics_obtained":[{"floor":7.0,"key":"Gremlin Horn"},{"floor":9.0,"key":"Whetstone"},{"floor":12.0,"key":"Odd Mushroom"}],"event_choices":[{"damage_healed":0.0,"max_hp_gain":0.0,"max_hp_loss":0.0,"gold_gain":0.0,"event_name":"Golden Idol","player_choice":"Take Damage","floor":2.0,"gold_loss":0.0,"damage_taken":25.0,"relics_obtained":["Golden Idol"]},{"damage_healed":0.0,"max_hp_gain":0.0,"max_hp_loss":0.0,"gold_gain":0.0,"event_name":"Shining Light","player_choice":"Entered Light","floor":3.0,"gold_loss":0.0,"damage_taken":22.0,"cards_upgraded":["Defend_G","Neutralize"]},{"damage_healed":24.0,"max_hp_gain":0.0,"max_hp_loss":0.0,"gold_gain":0.0,"event_name":"Big Fish","player_choice":"Banana","floor":4.0,"gold_loss":0.0,"damage_taken":0.0},{"damage_healed":0.0,"max_hp_gain":0.0,"max_hp_loss":0.0,"gold_gain":0.0,"event_name":"Mushrooms","player_choice":"Fought Mushrooms","floor":12.0,"gold_loss":0.0,"damage_taken":0.0}],"is_beta":false,"boss_relics":[],"items_purged_floors":[],"is_endless":false,"potions_floor_spawned":[5],"killed_by":"Looter","ascension_level":15}