{"gold_per_floor":[113,113,123,198,54,64,64,92,92,92,105,105,133,58,58,58],"floor_reached":16,"playtime":1031,"items_purged":["Pain"],"score":98,"play_id":"621aec1a-f56d-4975-ac58-cdf418ac04bf","local_time":"20190529140802","is_ascension_mode":false,"campfire_choices":[{"data":"1","floor":7,"key":"LIFT"},{"data":"Zap","floor":10,"key":"SMITH"},{"data":"2","floor":15,"key":"LIFT"}],"neow_cost":"CURSE","seed_source_timestamp":156797496124602,"circlet_count":0,"master_deck":["Strike_B","Strike_B","Strike_B","Strike_B","Defend_B","Defend_B","Defend_B","Defend_B","Zap+1","Dualcast","Beam Cell","Conserve Battery","Sweeping Beam"],"special_seed":0,"relics":["Cracked Core","Girya","Oddly Smooth Stone","Odd Mushroom","Ginger","Dodecahedron"],"potions_floor_usage":[8,11,13,13],"damage_taken":[{"damage":3.0,"enemies":"Cultist","floor":1.0,"turns":3.0},{"damage":3,"enemies":"Small Slimes","floor":3,"turns":3},{"damage":1,"enemies":"2 Louse","floor":6,"turns":3},{"damage":17,"enemies":"The Mushroom Lair","floor":8,"turns":4},{"damage":7,"enemies":"Large Slime","floor":11,"turns":6},{"damage":8,"enemies":"Gremlin Nob","floor":13,"turns":3},{"damage":51,"enemies":"Hexaghost","floor":16,"turns":11}],"seed_played":"-754307959573735909","potions_obtained":[{"floor":1,"key":"PowerPotion"},{"floor":6,"key":"SteroidPotion"},{"floor":8,"key":"SkillPotion"},{"floor":11,"key":"Block Potion"}],"is_trial":false,"path_per_floor":["M","?","M","?","$","M","R","?","T","R","M","?","E","$","R","B"],"character_chosen":"DEFECT","items_purchased":["Oddly Smooth Stone"],"campfire_rested":0,"item_purchase_floors":[5],"current_hp_per_floor":[72,72,69,58,58,57,57,40,40,40,33,58,50,50,50,0],"gold":58,"neow_bonus":"ONE_RARE_RELIC","is_prod":false,"is_daily":false,"chose_seed":false,"campfire_upgraded":1,"win_rate":0,"timestamp":1559131682,"path_taken":["M","?","M","?","$","M","R","?","T","R","M","?","E","$","R","BOSS"],"build_version":"2019-01-23","purchased_purges":1,"victory":false,"max_hp_per_floor":[75,75,75,75,75,75,75,75,75,75,75,75,75,75,75,75],"card_choices":[{"not_picked":["Leap","Redo"],"picked":"Beam Cell","floor":1},{"not_picked":["White Noise","Rebound","Turbo"],"picked":"SKIP","floor":3},{"not_picked":["White Noise","Turbo"],"picked":"Conserve Battery","floor":6},{"not_picked":["Cold Snap","Reinforced Body"],"picked":"Sweeping Beam","floor":11},{"not_picked":["Turbo","Rebound","Lockon"],"picked":"SKIP","floor":13}],"player_experience":352962,"relics_obtained":[{"floor":8,"key":"Odd Mushroom"},{"floor":9,"key":"Ginger"},{"floor":13,"key":"Dodecahedron"}],"event_choices":[{"damage_healed":0,"gold_gain":0,"player_choice":"Ignored","damage_taken":0,"max_hp_gain":0,"max_hp_loss":0,"event_name":"Liars Game","floor":2,"gold_loss":0},{"damage_healed":0,"gold_gain":75,"player_choice":"Gather Gold","damage_taken":11,"max_hp_gain":0,"max_hp_loss":0,"event_name":"World of Goop","floor":4,"gold_loss":0},{"damage_healed":0,"gold_gain":0,"player_choice":"Fought Mushrooms","damage_taken":0,"max_hp_gain":0,"max_hp_loss":0,"event_name":"Mushrooms","floor":8,"gold_loss":0},{"damage_healed":25,"gold_gain":0,"player_choice":"Banana","damage_taken":0,"max_hp_gain":0,"max_hp_loss":0,"event_name":"Big Fish","floor":12,"gold_loss":0}],"is_beta":false,"boss_relics":[],"items_purged_floors":[14],"is_endless":false,"potions_floor_spawned":[1,6,8,11],"killed_by":"Hexaghost","ascension_level":0}