{"gold_per_floor":[109,184,196,213,224,224,257,269,307,319,331,46,46,65,65,65],"floor_reached":16,"playtime":748,"items_purged":[],"score":180,"play_id":"8e0de1d2-3aef-492e-8daf-dab37b45c2ba","local_time":"20181010100550","is_ascension_mode":true,"campfire_choices":[{"data":"Rage","floor":6,"key":"SMITH"},{"data":"Thunderclap","floor":10,"key":"SMITH"},{"floor":15,"key":"REST"}],"neow_cost":"TEN_PERCENT_HP_LOSS","seed_source_timestamp":2415302903341681,"circlet_count":0,"master_deck":["Strike_R","Strike_R","Strike_R","Strike_R","Defend_R","Defend_R","Defend_R","Bash","AscendersBane","Anger","Flex","Cleave","Whirlwind","Pommel Strike","Rage+1","Thunderclap+1","Pommel Strike+1"],"relics":["Burning Blood","MawBank","Omamori","Pen Nib","Molten Egg 2","NlothsMask"],"potions_floor_usage":[14],"damage_taken":[{"damage":6,"enemies":"2 Louse","floor":1,"turns":3},{"damage":0,"enemies":"Small Slimes","floor":3,"turns":3},{"damage":1,"enemies":"Cultist","floor":4,"turns":3},{"damage":0,"enemies":"Large Slime","floor":5,"turns":4},{"damage":23,"enemies":"Gremlin Nob","floor":7,"turns":4},{"damage":12,"enemies":"3 Louse","floor":14,"turns":2},{"damage":67,"enemies":"Hexaghost","floor":16,"turns":9}],"seed_played":"625731207743332051","potions_obtained":[{"floor":1,"key":"GamblersBrew"},{"floor":5,"key":"Fruit Juice"}],"is_trial":false,"path_per_floor":["M","?","M","M","M","R","E","?","T","R","?","$","?","M","R"],"character_chosen":"IRONCLAD","items_purchased":["Molten Egg 2"],"campfire_rested":1,"item_purchase_floors":[12],"current_hp_per_floor":[68,57,63,68,68,68,51,51,51,51,51,51,51,45,65,0],"gold":65,"neow_bonus":"TRANSFORM_TWO_CARDS","is_prod":false,"is_daily":false,"chose_seed":false,"campfire_upgraded":2,"win_rate":0,"timestamp":1539183950,"path_taken":["M","?","M","M","M","R","E","?","T","R","?","$","?","M","R","BOSS"],"build_version":"2018-10-04v2","purchased_purges":0,"victory":false,"max_hp_per_floor":[68,68,68,68,68,68,68,68,68,68,68,68,68,68,68,68],"card_choices":[{"not_picked":["Sentinel","Blood for Blood"],"picked":"Cleave","floor":1},{"not_picked":["Blood for Blood","Thunderclap"],"picked":"Whirlwind","floor":3},{"not_picked":["Sever Soul","Havoc"],"picked":"Pommel Strike","floor":4},{"not_picked":["Juggernaut","Wild Strike"],"picked":"Rage","floor":5},{"not_picked":["Inflame","Anger"],"picked":"Thunderclap","floor":7},{"not_picked":["Hemokinesis+1","Armaments"],"picked":"Pommel Strike+1","floor":14}],"player_experience":745573,"relics_obtained":[{"floor":7,"key":"MawBank"},{"floor":9,"key":"Omamori"}],"event_choices":[{"event_name":"World of Goop","player_choice":"Gather Gold","floor":2,"damage_taken":0},{"event_name":"The Lab","player_choice":"Got Potions","floor":8,"damage_taken":0},{"event_name":"Big Fish","player_choice":"Box","floor":11,"damage_taken":0},{"event_name":"FaceTrader","player_choice":"Trade","floor":13,"damage_taken":0}],"is_beta":false,"boss_relics":[],"items_purged_floors":[],"is_endless":false,"potions_floor_spawned":[1,5],"killed_by":"Hexaghost","ascension_level":16}