{"gold_per_floor":[109,120,120,295,305,305,335,335,335,346,346,366,366,393,393,393],"floor_reached":16,"playtime":715,"items_purged":[],"score":165,"play_id":"d6bfb219-01cf-413c-8d27-598e55e61241","local_time":"20180919150803","is_ascension_mode":true,"campfire_choices":[{"data":"Demon Form","floor":6.0,"key":"SMITH"},{"data":"Bash","floor":8.0,"key":"SMITH"},{"data":"Seeing Red","floor":13.0,"key":"SMITH"},{"data":"Flex","floor":15.0,"key":"SMITH"}],"neow_cost":"","seed_source_timestamp":0,"circlet_count":0,"master_deck":["Strike_R","Strike_R","Strike_R","Strike_R","Strike_R","Defend_R","Defend_R","Defend_R","Defend_R","Bash+1","AscendersBane","Battle Trance","Heavy Blade+1","Doubt","Demon Form+1","Seeing Red+1","Flex+1"],"special_seed":0,"relics":["Burning Blood","Mummified Hand","Question Card","Shuriken","Orichalcum"],"potions_floor_usage":[16,16],"damage_taken":[{"damage":2.0,"enemies":"2 Louse","floor":1.0,"turns":4.0},{"damage":6.0,"enemies":"Cultist","floor":2.0,"turns":3.0},{"damage":5.0,"enemies":"Small Slimes","floor":5.0,"turns":4.0},{"damage":15.0,"enemies":"Lagavulin","floor":7.0,"turns":5.0},{"damage":7.0,"enemies":"2 Fungi Beasts","floor":10.0,"turns":4.0},{"damage":22.0,"enemies":"Looter","floor":12.0,"turns":3.0},{"damage":28.0,"enemies":"3 Sentries","floor":14.0,"turns":6.0},{"damage":0,"enemies":"Slime Boss","floor":16,"turns":3}],"seed_played":"-2745339069173666162","potions_obtained":[{"floor":1.0,"key":"EssenceOfSteel"},{"floor":5.0,"key":"Energy Potion"},{"floor":12.0,"key":"EntropicBrew"},{"floor":14.0,"key":"Ancient Potion"}],"is_trial":false,"path_per_floor":["M","M","?","?","M","R","E","R","T","M","T","M","R","E","R"],"character_chosen":"IRONCLAD","items_purchased":[],"campfire_rested":0,"item_purchase_floors":[],"current_hp_per_floor":[76,76,76,76,77,77,68,68,68,67,67,51,51,29,29,29],"gold":393,"neow_bonus":"","is_prod":false,"is_daily":false,"chose_seed":false,"campfire_upgraded":4,"win_rate":0,"timestamp":1537387683,"path_taken":["M","M","?","?","M","R","E","R","T","M","?","M","R","E","R","BOSS"],"build_version":"2018-09-06","purchased_purges":0,"victory":false,"max_hp_per_floor":[80,80,80,80,80,80,80,80,80,80,80,80,80,80,80,80],"card_choices":[{"not_picked":["Shockwave","Sword Boomerang"],"picked":"Battle Trance","floor":1.0},{"not_picked":["Sentinel","Sword Boomerang"],"picked":"Heavy Blade","floor":2.0},{"not_picked":["Cleave","Body Slam"],"picked":"Demon Form","floor":5.0},{"not_picked":["Hemokinesis","Bloodletting","Clash"],"picked":"SKIP","floor":7.0},{"not_picked":["Armaments","Warcry","Bloodletting","Searing Blow"],"picked":"SKIP","floor":10.0},{"not_picked":["Wild Strike","Body Slam","Feel No Pain"],"picked":"Seeing Red","floor":12.0},{"not_picked":["Fire Breathing","Sentinel","Havoc"],"picked":"Flex","floor":14.0}],"player_experience":620611,"relics_obtained":[{"floor":7.0,"key":"Mummified Hand"},{"floor":9.0,"key":"Question Card"},{"floor":11.0,"key":"Shuriken"},{"floor":14.0,"key":"Orichalcum"}],"event_choices":[{"event_name":"Upgrade Shrine","player_choice":"Upgraded","floor":3.0,"damage_taken":0.0},{"event_name":"Liars Game","player_choice":"agreed","floor":4.0,"damage_taken":0.0}],"is_beta":false,"boss_relics":[],"items_purged_floors":[],"is_endless":false,"potions_floor_spawned":[1,5,12,14],"killed_by":"Slime Boss","ascension_level":10}