{"gold_per_floor":[116,116,191,208,133,168,183,217,217,217,231,231,231,231,231,360,360,384,384,398,346,346,389,408,444,444,513,513,548,463,463,463,463],"floor_reached":33,"playtime":2391,"items_purged":["Regret"],"score":521,"play_id":"8aeba5b6-70dc-46c2-9e64-1869979976a4","local_time":"20180912125025","is_ascension_mode":true,"campfire_choices":[{"data":"Flame Barrier","floor":10.0,"key":"SMITH"},{"data":"Bash","floor":12.0,"key":"SMITH"},{"data":"Shrug It Off","floor":15.0,"key":"SMITH"},{"floor":28.0,"key":"REST"},{"floor":32.0,"key":"REST"}],"neow_cost":"NONE","seed_source_timestamp":0,"circlet_count":0,"master_deck":["Strike_R","Strike_R","Strike_R","Strike_R","Defend_R","Defend_R","Defend_R","Defend_R","Bash+1","Reaper","Spot Weakness","Flame Barrier+1","Shrug It Off+1","Inflame","Battle Trance","Juggernaut","Anger","Ghostly","Ghostly","Ghostly","Ghostly","Ghostly","Thunderclap","Shrug It Off","Immolate","Pommel Strike","Iron Wave","Cleave","Double Tap","Necronomicurse"],"special_seed":0,"relics":["Burning Blood","PreservedInsect","Letter Opener","Bag of Marbles","Strawberry","Golden Idol","Black Star","Regal Pillow","Oddly Smooth Stone","Bag of Preparation","Juzu Bracelet","Shuriken","Smiling Mask","Tiny Chest","Lantern","Bronze Scales","Champion Belt","Necronomicon"],"potions_floor_usage":[],"damage_taken":[{"damage":5.0,"enemies":"Small Slimes","floor":1.0,"turns":4.0},{"damage":8.0,"enemies":"Cultist","floor":4.0,"turns":3.0},{"damage":20.0,"enemies":"3 Sentries","floor":6.0,"turns":8.0},{"damage":6.0,"enemies":"Jaw Worm","floor":7.0,"turns":5.0},{"damage":18.0,"enemies":"Lagavulin","floor":8.0,"turns":6.0},{"damage":3.0,"enemies":"Blue Slaver","floor":11.0,"turns":5.0},{"damage":30.0,"enemies":"Slime Boss","floor":16.0,"turns":9.0},{"damage":35.0,"enemies":"Shell Parasite","floor":18.0,"turns":11.0},{"damage":24.0,"enemies":"Chosen","floor":20.0,"turns":7.0},{"damage":1.0,"enemies":"Book of Stabbing","floor":23.0,"turns":6.0},{"damage":9.0,"enemies":"Snake Plant","floor":24.0,"turns":7.0},{"damage":0.0,"enemies":"Slavers","floor":25.0,"turns":5.0},{"damage":27.0,"enemies":"Book of Stabbing","floor":27.0,"turns":8.0},{"damage":5.0,"enemies":"Slavers","floor":29.0,"turns":6.0},{"damage":4,"enemies":"Automaton","floor":33,"turns":6}],"seed_played":"4981617620268184601","potions_obtained":[{"floor":4.0,"key":"SkillPotion"},{"floor":6.0,"key":"Weak Potion"},{"floor":24.0,"key":"PowerPotion"},{"floor":25.0,"key":"Block Potion"},{"floor":27.0,"key":"SteroidPotion"},{"floor":29.0,"key":"SteroidPotion"}],"is_trial":false,"path_per_floor":["M","?","?","M","$","E","M","E","T","R","M","R","?","?","R","B",null,"M","?","M","$","?","E","M","E","T","E","R","E","?","?","R"],"character_chosen":"IRONCLAD","items_purchased":["Shrug It Off"],"campfire_rested":2,"item_purchase_floors":[21],"current_hp_per_floor":[77,77,66,68,68,64,68,56,63,63,66,66,66,66,66,54,74,45,40,24,24,24,29,35,40,40,19,40,40,40,24,40,36],"gold":463,"neow_bonus":"ONE_RANDOM_RARE_CARD","is_prod":false,"is_daily":false,"chose_seed":false,"campfire_upgraded":3,"win_rate":0,"timestamp":1536774625,"path_taken":["M","?","?","?","$","E","M","E","T","R","M","R","?","?","R","BOSS","M","?","M","$","?","E","M","E","T","E","R","E","?","?","R","BOSS"],"build_version":"2018-09-06","purchased_purges":1,"victory":false,"max_hp_per_floor":[80,80,80,80,80,80,80,80,87,87,87,87,87,81,81,81,81,81,40,40,40,40,40,40,40,40,40,40,40,40,40,40,40],"card_choices":[{"not_picked":["Heavy Blade","Perfected Strike"],"picked":"Spot Weakness","floor":1.0},{"not_picked":["Headbutt","Flex"],"picked":"Flame Barrier","floor":4.0},{"not_picked":["Hemokinesis","Double Tap"],"picked":"Shrug It Off","floor":6.0},{"not_picked":["Dual Wield","Corruption","Perfected Strike"],"picked":"SKIP","floor":7.0},{"not_picked":["Sword Boomerang","Shrug It Off"],"picked":"Inflame","floor":8.0},{"not_picked":["Sever Soul","Dual Wield"],"picked":"Battle Trance","floor":11.0},{"not_picked":["Barricade","Exhume"],"picked":"Juggernaut","floor":16.0},{"not_picked":["Infernal Blade","Armaments"],"picked":"Anger","floor":18.0},{"not_picked":["Clothesline","Sword Boomerang+1"],"picked":"Thunderclap","floor":20.0},{"not_picked":["Blood for Blood+1","Pommel Strike"],"picked":"Immolate","floor":23.0},{"not_picked":["True Grit+1","Fire Breathing+1"],"picked":"Pommel Strike","floor":24.0},{"not_picked":["Thunderclap+1","Armaments+1"],"picked":"Iron Wave","floor":25.0},{"not_picked":["Perfected Strike+1","Rampage"],"picked":"Cleave","floor":27.0},{"not_picked":["Perfected Strike","Shockwave"],"picked":"Double Tap","floor":29.0}],"player_experience":592389,"relics_obtained":[{"floor":6.0,"key":"Letter Opener"},{"floor":8.0,"key":"Bag of Marbles"},{"floor":9.0,"key":"Strawberry"},{"floor":23.0,"key":"Regal Pillow"},{"floor":23.0,"key":"Oddly Smooth Stone"},{"floor":25.0,"key":"Bag of Preparation"},{"floor":25.0,"key":"Juzu Bracelet"},{"floor":26.0,"key":"Shuriken"},{"floor":27.0,"key":"Smiling Mask"},{"floor":27.0,"key":"Tiny Chest"},{"floor":29.0,"key":"Lantern"},{"floor":29.0,"key":"Bronze Scales"},{"floor":31.0,"key":"Necronomicon"}],"event_choices":[{"event_name":"Big Fish","player_choice":"Box","floor":2.0,"damage_taken":0.0},{"event_name":"World of Goop","player_choice":"Gather Gold","floor":3.0,"damage_taken":0.0},{"event_name":"Purifier","player_choice":"One Purge","floor":13.0,"damage_taken":0.0},{"event_name":"Golden Idol","player_choice":"Lose Max HP","floor":14.0,"damage_taken":0.0},{"event_name":"Ghosts","player_choice":"Became a Ghost","floor":19.0,"damage_taken":0.0},{"event_name":"The Woman in Blue","player_choice":"Bought 0 Potions","floor":22.0,"damage_taken":0.0},{"event_name":"Addict","player_choice":"Obtained Relic","floor":30.0,"damage_taken":0.0},{"event_name":"Cursed Tome","player_choice":"Obtained Book","floor":31.0,"damage_taken":0.0}],"is_beta":false,"boss_relics":[{"not_picked":["Runic Cube","Runic Pyramid"],"picked":"Black Star"}],"items_purged_floors":[5],"is_endless":false,"potions_floor_spawned":[4,6,24,25,27,29],"killed_by":"Automaton","ascension_level":8}