{"gold_per_floor":[115,115,115,131,143,143,175,189,261,278,296,471,471,226,226,327,377,397,411,411,45,45,45,76,76,76,96,96,107,107,141,141,141],"floor_reached":33,"playtime":3911,"items_purged":["Doubt","Writhe"],"score":285,"play_id":"169150f5-a0ff-43e4-9523-dd601c1bd6bf","local_time":"20190627223513","is_ascension_mode":false,"campfire_choices":[{"data":"Dagger Throw","floor":6,"key":"SMITH"},{"data":"1","floor":13,"key":"LIFT"},{"floor":15,"key":"REST"},{"data":"RitualDagger","floor":23,"key":"SMITH"},{"floor":28,"key":"REST"},{"floor":30,"key":"REST"},{"floor":32,"key":"REST"}],"neow_cost":"NONE","seed_source_timestamp":1750747177398093,"circlet_count":0,"master_deck":["Defend_G","Defend_G","Defend_G","Defend_G","Defend_G","Strike_G","Strike_G+1","Strike_G+1","Strike_G","Strike_G","Survivor+1","Neutralize","Eviscerate","Flying Knee","Dagger Throw+1","Escape Plan","Skewer","Escape Plan","Dagger Spray","Prepared","Infinite Blades","Underhanded Strike","Venomology","Escape Plan","Underhanded Strike","Infinite Blades","Prepared","Well Laid Plans","RitualDagger+1","Dagger Throw","Prepared+1","Caltrops","Flying Knee"],"relics":["Ring of the Snake","Girya","Mummified Hand","Tiny House","Juzu Bracelet","Orichalcum","Tough Bandages","Incense Burner","Snake Skull"],"potions_floor_usage":[16,16,24,24,29,33,33],"damage_taken":[{"damage":0,"enemies":"Small Slimes","floor":1,"turns":3},{"damage":0,"enemies":"2 Louse","floor":4,"turns":2},{"damage":1,"enemies":"Cultist","floor":5,"turns":3},{"damage":38,"enemies":"3 Sentries","floor":7,"turns":10},{"damage":0,"enemies":"2 Fungi Beasts","floor":8,"turns":4},{"damage":2,"enemies":"Exordium Wildlife","floor":10,"turns":4},{"damage":4,"enemies":"Exordium Thugs","floor":11,"turns":5},{"damage":33,"enemies":"Hexaghost","floor":16,"turns":9},{"damage":23,"enemies":"Shell Parasite","floor":18,"turns":5},{"damage":0,"enemies":"Chosen","floor":19,"turns":4},{"damage":29,"enemies":"Gremlin Leader","floor":24,"turns":5},{"damage":3,"enemies":"Snecko","floor":27,"turns":4},{"damage":19,"enemies":"Centurion and Healer","floor":29,"turns":7},{"damage":28,"enemies":"Book of Stabbing","floor":31,"turns":5},{"damage":46,"enemies":"Collector","floor":33,"turns":9}],"seed_played":"8905142118322433626","potions_obtained":[{"floor":3,"key":"PowerPotion"},{"floor":3,"key":"Weak Potion"},{"floor":3,"key":"SneckoOil"},{"floor":5,"key":"PowerPotion"},{"floor":17,"key":"Fire Potion"},{"floor":18,"key":"GamblersBrew"}],"is_trial":false,"path_per_floor":["M","?","?","M","M","R","E","M","T","M","M","?","R","$","R","B",null,"M","M","?","$","?","R","E","$","T","M","R","M","R","E","R","B"],"character_chosen":"THE_SILENT","items_purchased":["Prepared","Infinite Blades","Underhanded Strike","Orichalcum","Prepared","Well Laid Plans"],"campfire_rested":4,"item_purchase_floors":[14,14,14,21,21,21],"current_hp_per_floor":[77,62,62,62,61,61,23,23,23,21,17,17,17,17,40,7,82,59,59,59,59,53,53,24,24,24,21,45,26,50,22,46,0],"gold":141,"neow_bonus":"TEN_PERCENT_HP_BONUS","is_prod":false,"is_daily":false,"chose_seed":false,"campfire_upgraded":2,"win_rate":0.0,"timestamp":1561696513,"path_taken":["M","?","?","M","?","R","E","M","T","M","M","?","R","?","R","BOSS","M","M","?","$","?","R","E","?","T","M","R","M","R","E","R","BOSS"],"build_version":"2019-01-23","purchased_purges":2,"victory":false,"max_hp_per_floor":[77,77,77,77,77,77,77,77,77,77,77,77,77,77,77,77,82,82,82,82,82,82,82,82,82,82,82,82,82,82,82,82,82],"card_choices":[{"not_picked":["Prepared","Sucker Punch"],"picked":"Eviscerate","floor":1},{"not_picked":["Slice","Deflect"],"picked":"Flying Knee","floor":4},{"not_picked":["Deadly Poison","Dagger Spray"],"picked":"Dagger Throw","floor":5},{"not_picked":["Distraction","Bullet Time"],"picked":"Escape Plan","floor":7},{"not_picked":["Caltrops","Masterful Stab"],"picked":"Skewer","floor":8},{"not_picked":["Flying Knee","Endless Agony"],"picked":"Escape Plan","floor":10},{"not_picked":["Calculated Gamble","Masterful Stab"],"picked":"Dagger Spray","floor":11},{"not_picked":["Bullet Time","Glass Knife"],"picked":"Venomology","floor":16},{"not_picked":["Blade Dance","Deadly Poison"],"picked":"Escape Plan","floor":17},{"not_picked":["Eviscerate","Blur"],"picked":"Underhanded Strike","floor":18},{"not_picked":["Distraction+1","Slice"],"picked":"Infinite Blades","floor":19},{"not_picked":["Infinite Blades","All Out Attack"],"picked":"Dagger Throw","floor":24},{"not_picked":["Outmaneuver+1","PiercingWail"],"picked":"Prepared+1","floor":27},{"not_picked":["Bullet Time","Dagger Throw"],"picked":"Caltrops","floor":29},{"not_picked":["Dodge and Roll","Masterful Stab"],"picked":"Flying Knee","floor":31}],"player_experience":14398,"relics_obtained":[{"floor":7,"key":"Girya"},{"floor":9,"key":"Mummified Hand"},{"floor":24,"key":"Tough Bandages"},{"floor":26,"key":"Incense Burner"},{"floor":31,"key":"Snake Skull"}],"event_choices":[{"damage_healed":0,"gold_gain":0,"player_choice":"Entered Light","damage_taken":15,"max_hp_gain":0,"max_hp_loss":0,"event_name":"Shining Light","floor":2,"gold_loss":0,"cards_upgraded":["Survivor","Strike_G"]},{"damage_healed":0,"gold_gain":0,"player_choice":"Got Potions","damage_taken":0,"max_hp_gain":0,"max_hp_loss":0,"event_name":"Lab","floor":3,"gold_loss":0},{"damage_healed":0,"gold_gain":175,"player_choice":"AGREE","damage_taken":0,"max_hp_gain":0,"max_hp_loss":0,"event_name":"Liars Game","floor":12,"gold_loss":0,"cards_obtained":["Doubt"]},{"damage_healed":0,"gold_gain":0,"player_choice":"Opened","damage_taken":0,"relics_obtained":["Juzu Bracelet"],"max_hp_gain":0,"max_hp_loss":0,"event_name":"The Mausoleum","floor":20,"gold_loss":0,"cards_obtained":["Writhe"]},{"damage_healed":0,"gold_gain":0,"player_choice":"Joined the Cult","damage_taken":6,"max_hp_gain":0,"max_hp_loss":0,"event_name":"Nest","floor":22,"gold_loss":0,"cards_obtained":["RitualDagger"]}],"is_beta":false,"boss_relics":[{"not_picked":["Snecko Eye","Fusion Hammer"],"picked":"Tiny House"}],"items_purged_floors":[14,21],"is_endless":false,"potions_floor_spawned":[4,5,18,29,31],"killed_by":"Collector","ascension_level":0}