{"gold_per_floor":[111,122,122,140,158,158,190,9,9,9,9,37,37,51,51,145,145,164,28,52,75,99,99,115,115,140,211,211,230,230,230,230,230],"floor_reached":33,"playtime":3123,"items_purged":["Injury"],"score":499,"play_id":"08b8c2fb-0409-4a70-86b4-5837011b9725","local_time":"20181014201541","is_ascension_mode":true,"campfire_choices":[{"data":"Perfected Strike","floor":6.0,"key":"SMITH"},{"data":"Rampage","floor":10.0,"key":"SMITH"},{"data":"Rampage","floor":15.0,"key":"SMITH"},{"data":"Pommel Strike","floor":23.0,"key":"SMITH"},{"floor":25.0,"key":"REST"},{"data":"Shrug It Off","floor":30.0,"key":"SMITH"},{"data":"Defend_R","floor":32.0,"key":"SMITH"}],"neow_cost":"NONE","seed_source_timestamp":0,"circlet_count":0,"master_deck":["Strike_R","Strike_R","Strike_R","Strike_R","Strike_R","Defend_R","Defend_R","Defend_R+1","Bash","AscendersBane","Pommel Strike+1","Perfected Strike+1","Rampage+1","Rampage+1","Twin Strike+1","Feed+1","Perfected Strike+1","Body Slam+1","Thunderclap+1","Cleave+1","Perfected Strike+1","Shrug It Off+1","Headbutt+1","RitualDagger+1"],"special_seed":0,"relics":["Burning Blood","Molten Egg 2","Regal Pillow","Sundial","Bronze Scales","Golden Idol","Mark of Pain","Omamori","Tiny Chest"],"potions_floor_usage":[33,33],"damage_taken":[{"damage":7.0,"enemies":"Jaw Worm","floor":1.0,"turns":5.0},{"damage":6.0,"enemies":"Cultist","floor":2.0,"turns":3.0},{"damage":6.0,"enemies":"2 Louse","floor":4.0,"turns":2.0},{"damage":9.0,"enemies":"2 Fungi Beasts","floor":5.0,"turns":3.0},{"damage":20.0,"enemies":"Gremlin Nob","floor":7.0,"turns":4.0},{"damage":30.0,"enemies":"Lagavulin","floor":12.0,"turns":6.0},{"damage":0.0,"enemies":"Large Slime","floor":14.0,"turns":5.0},{"damage":37.0,"enemies":"Slime Boss","floor":16.0,"turns":9.0},{"damage":19.0,"enemies":"Shell Parasite","floor":18.0,"turns":3.0},{"damage":0.0,"enemies":"Spheric Guardian","floor":20.0,"turns":1.0},{"damage":12.0,"enemies":"Chosen and Byrds","floor":21.0,"turns":4.0},{"damage":28.0,"enemies":"Shelled Parasite and Fungi","floor":22.0,"turns":3.0},{"damage":24.0,"enemies":"Snake Plant","floor":24.0,"turns":2.0},{"damage":17.0,"enemies":"Slavers","floor":27.0,"turns":4.0},{"damage":11.0,"enemies":"Sentry and Sphere","floor":29.0,"turns":3.0},{"damage":76,"enemies":"Collector","floor":33,"turns":7}],"seed_played":"-4392609820929297061","potions_obtained":[{"floor":2.0,"key":"BloodPotion"},{"floor":4.0,"key":"Block Potion"},{"floor":7.0,"key":"Dexterity Potion"},{"floor":18.0,"key":"SkillPotion"},{"floor":21.0,"key":"BloodPotion"},{"floor":22.0,"key":"SpeedPotion"},{"floor":27.0,"key":"BloodPotion"},{"floor":29.0,"key":"BloodPotion"}],"is_trial":false,"path_per_floor":["M","M","?","M","M","R","E","$","T","R","$","E","?","M","R","B",null,"M","$","M","M","M","R","M","R","T","E","?","M","R","?","R"],"character_chosen":"IRONCLAD","items_purchased":["Regal Pillow","Body Slam+1"],"campfire_rested":1,"item_purchase_floors":[8,19],"current_hp_per_floor":[74,74,74,74,71,71,57,57,57,57,57,33,33,39,39,8,64,63,63,69,63,49,49,31,71,71,64,58,53,53,90,90,32],"gold":230,"neow_bonus":"TEN_PERCENT_HP_BONUS","is_prod":false,"is_daily":false,"chose_seed":false,"campfire_upgraded":6,"win_rate":0,"timestamp":1539566141,"path_taken":["M","M","?","?","M","R","E","$","T","R","?","E","?","M","R","BOSS","M","$","M","M","M","R","M","R","T","E","?","M","R","?","R","BOSS"],"build_version":"2018-10-11","purchased_purges":1,"victory":false,"max_hp_per_floor":[82,82,82,82,82,82,82,82,82,82,82,82,82,82,82,82,82,86,86,86,86,86,86,86,86,86,90,90,90,90,90,90,90],"card_choices":[{"not_picked":["Warcry","Sever Soul"],"picked":"Pommel Strike","floor":1.0},{"not_picked":["Havoc","Clash"],"picked":"Perfected Strike","floor":2.0},{"not_picked":["Thunderclap","Clothesline"],"picked":"Rampage","floor":4.0},{"not_picked":["Heavy Blade","Ghostly Armor"],"picked":"Rampage","floor":5.0},{"not_picked":["Bloodletting","Havoc","Reckless Charge"],"picked":"SKIP","floor":7.0},{"not_picked":["Reckless Charge+1","Inflame","Combust"],"picked":"SKIP","floor":12.0},{"not_picked":["Reaper+1","Iron Wave+1"],"picked":"Twin Strike+1","floor":14.0},{"not_picked":["Brutality","Berserk"],"picked":"Feed+1","floor":16.0},{"not_picked":["True Grit","Iron Wave+1"],"picked":"Perfected Strike+1","floor":18.0},{"not_picked":["Flex+1","Rage"],"picked":"Thunderclap+1","floor":20.0},{"not_picked":["Evolve","Clothesline+1"],"picked":"Cleave+1","floor":21.0},{"not_picked":["Anger+1","Headbutt+1"],"picked":"Perfected Strike+1","floor":22.0},{"not_picked":["Iron Wave+1","Second Wind"],"picked":"Shrug It Off","floor":24.0},{"not_picked":["Corruption","Cleave+1"],"picked":"Headbutt+1","floor":27.0},{"not_picked":["Feel No Pain+1","Hemokinesis+1","Sever Soul+1"],"picked":"SKIP","floor":29.0}],"player_experience":765146,"relics_obtained":[{"floor":7.0,"key":"Molten Egg 2"},{"floor":9.0,"key":"Sundial"},{"floor":12.0,"key":"Bronze Scales"},{"floor":26.0,"key":"Omamori"},{"floor":27.0,"key":"Tiny Chest"}],"event_choices":[{"event_name":"Purifier","player_choice":"One Purge","floor":3.0,"damage_taken":0.0},{"event_name":"Golden Idol","player_choice":"Take Wound","floor":13.0,"damage_taken":0.0},{"event_name":"Nest","player_choice":"Joined the Cult","floor":28.0,"damage_taken":0.0},{"event_name":"Wheel of Change","player_choice":"Full Heal","floor":31.0,"damage_taken":0.0}],"is_beta":false,"boss_relics":[{"not_picked":["Philosopher\u0027s Stone","Fusion Hammer"],"picked":"Mark of Pain"}],"items_purged_floors":[19],"is_endless":false,"potions_floor_spawned":[2,4,7,14,18,21,22,27,29],"killed_by":"Collector","ascension_level":16}