{"gold_per_floor":[110,125,125,50,50,83,83,100,100,100,118,118,151,326,326,427,427,439,464,55,69,69,69,85,113,113,113,129,143,93,93,93,93],"floor_reached":33,"playtime":2083,"items_purged":["Regret","Strike_B","Strike_B"],"score":388,"play_id":"030fcc56-a3f0-49e0-9cce-dc13664f0d47","local_time":"20180803224003","is_ascension_mode":true,"campfire_choices":[{"data":"Zap","floor":7.0,"key":"SMITH"},{"data":"Coolheaded","floor":10.0,"key":"SMITH"},{"data":"Go for the Eyes","floor":12.0,"key":"SMITH"},{"data":"Dualcast","floor":15.0,"key":"SMITH"},{"data":"Go for the Eyes","floor":23,"key":"SMITH"},{"floor":27,"key":"REST"},{"data":"Seek","floor":32,"key":"SMITH"}],"neow_cost":"NONE","seed_source_timestamp":0,"circlet_count":0,"master_deck":["Strike_B","Strike_B","Defend_B","Defend_B","Defend_B","Defend_B","Zap+1","Dualcast+1","Self Repair","Coolheaded+1","Ball Lightning","Turbo","Ball Lightning","Go for the Eyes+1","Creative AI+1","Auto Shields","Electrodynamics+1","Leap","Defragment+1","Go for the Eyes+1","Stack","Steam+1","Seek+1","Go for the Eyes","Self Repair+1"],"special_seed":0,"relics":["Cracked Core","Dead Branch","Frozen Egg 2","StoneCalendar","Smiling Mask","Nuclear Battery","Red Mask","Symbiotic Virus","Lantern","The Courier"],"potions_floor_usage":[25,25,33,33],"damage_taken":[{"damage":1.0,"enemies":"Cultist","floor":1.0,"turns":4.0},{"damage":7.0,"enemies":"Jaw Worm","floor":2.0,"turns":4.0},{"damage":14.0,"enemies":"Lagavulin","floor":6.0,"turns":7.0},{"damage":2.0,"enemies":"2 Louse","floor":8.0,"turns":2.0},{"damage":10.0,"enemies":"Red Slaver","floor":11.0,"turns":2.0},{"damage":8.0,"enemies":"Gremlin Nob","floor":13.0,"turns":4.0},{"damage":0.0,"enemies":"Slime Boss","floor":16.0,"turns":7.0},{"damage":6.0,"enemies":"3 Byrds","floor":18.0,"turns":3.0},{"damage":0,"floor":19,"turns":2},{"damage":10,"enemies":"Chosen","floor":21,"turns":4},{"damage":4,"enemies":"Snake Plant","floor":24,"turns":4},{"damage":30,"enemies":"Gremlin Leader","floor":25,"turns":7},{"damage":0,"enemies":"Centurion and Healer","floor":28,"turns":2},{"damage":5,"enemies":"Snecko","floor":29,"turns":4},{"damage":86,"enemies":"Champ","floor":33,"turns":9}],"seed_played":"-417626470283987962","potions_obtained":[{"floor":1.0,"key":"PowerPotion"},{"floor":16.0,"key":"Regen Potion"},{"floor":24,"key":"Swift Potion"},{"floor":25,"key":"Explosive Potion"},{"floor":28,"key":"Fire Potion"}],"is_trial":false,"path_per_floor":["M","M","?","$","?","E","R","M","T","R","M","R","E","?","R","B",null,"M","?","$","M","?","R","M","E","T","R","M","M","$","?","R"],"character_chosen":"DEFECT","items_purchased":["Symbiotic Virus","Defragment+1","Go for the Eyes"],"campfire_rested":1,"item_purchase_floors":[20,20,20],"current_hp_per_floor":[75,75,75,75,75,68,68,73,73,73,63,63,62,62,62,75,75,69,69,69,66,66,66,62,54,54,75,75,70,70,70,70,0],"gold":93,"neow_bonus":"THREE_CARDS","is_prod":false,"is_daily":false,"chose_seed":false,"campfire_upgraded":6,"win_rate":0,"timestamp":1533354003,"path_taken":["M","?","?","$","?","E","R","M","T","R","M","R","E","?","R","BOSS","M","?","?","M","?","R","M","E","T","R","?","M","$","?","R","BOSS"],"build_version":"2018-08-02","purchased_purges":3,"victory":false,"max_hp_per_floor":[75,75,75,75,75,75,75,75,75,75,75,75,75,75,75,75,75,75,75,75,75,75,75,75,75,75,75,75,75,75,75,75,75],"card_choices":[{"not_picked":["Leap","Ball Lightning"],"picked":"Self Repair","floor":0.0},{"not_picked":["Heatsinks","Blizzard"],"picked":"Coolheaded","floor":1.0},{"not_picked":["Skim","Turbo"],"picked":"Ball Lightning","floor":2.0},{"not_picked":["Coolheaded","Lockon"],"picked":"Ball Lightning","floor":6.0},{"not_picked":["Redo","Beam Cell"],"picked":"Go for the Eyes","floor":8.0},{"not_picked":["Hologram","Doom and Gloom"],"picked":"Creative AI+1","floor":11.0},{"not_picked":["Ball Lightning","Heatsinks+1"],"picked":"Auto Shields","floor":13.0},{"not_picked":["Biased Cognition+1","Buffer+1"],"picked":"Electrodynamics+1","floor":16.0},{"not_picked":["Lockon","Chill"],"picked":"Leap","floor":18},{"not_picked":["Gash","Fusion"],"picked":"Stack","floor":21},{"not_picked":["Compile Driver","Ball Lightning"],"picked":"Steam+1","floor":24},{"not_picked":["Turbo+1","Darkness"],"picked":"Seek","floor":25},{"not_picked":["Gash","Ball Lightning"],"picked":"Go for the Eyes","floor":28},{"not_picked":["Leap","Cold Snap"],"picked":"Self Repair+1","floor":29}],"player_experience":437226,"relics_obtained":[{"floor":6.0,"key":"Frozen Egg 2"},{"floor":9.0,"key":"StoneCalendar"},{"floor":13.0,"key":"Smiling Mask"},{"floor":19,"key":"Red Mask"},{"floor":25,"key":"Lantern"},{"floor":26,"key":"The Courier"}],"event_choices":[{"event_name":"Big Fish","player_choice":"Box","floor":3.0,"damage_taken":0.0},{"event_name":"Match and Keep!","player_choice":"1 cards matched","floor":5.0,"damage_taken":0.0},{"event_name":"Liars Game","player_choice":"agreed","floor":14.0,"damage_taken":0.0},{"event_name":"Masked Bandits","player_choice":"Fought over 439 gold","floor":19,"damage_taken":0},{"event_name":"Beggar","player_choice":"Ignored","floor":22,"damage_taken":0},{"event_name":"Fountain of Cleansing","player_choice":"Removed Curse","floor":31,"damage_taken":0}],"is_beta":false,"boss_relics":[{"not_picked":["Calling Bell","Tiny House"],"picked":"Nuclear Battery"}],"items_purged_floors":[4,20,30],"is_endless":false,"potions_floor_spawned":[1,16,24,25,28],"killed_by":"Champ","ascension_level":4}