{"gold_per_floor":[116,191,202,46,46,46,65,92,160,160,9,9,27,56,56,160,160,175,175,194,206,182,182,195,195,195,206,206,70,81,112,112,212,212,231,25,36,36,51,85,105,122,122,122,156,156],"floor_reached":46,"playtime":3422,"items_purged":["Strike_B","Strike_B","Defend_B"],"score":696,"play_id":"b0568d7d-4f25-4464-9a01-b25a278c7f6f","local_time":"20181106160109","is_ascension_mode":true,"campfire_choices":[{"floor":6.0,"key":"REST"},{"floor":12.0,"key":"REST"},{"data":"Defragment","floor":15.0,"key":"SMITH"},{"data":"Ball Lightning","floor":23.0,"key":"SMITH"},{"data":"Leap","floor":25.0,"key":"SMITH"},{"floor":28.0,"key":"REST"},{"floor":32.0,"key":"REST"},{"floor":44.0,"key":"REST"}],"neow_cost":"NONE","seed_source_timestamp":0,"circlet_count":0,"master_deck":["Strike_B","Defend_B","Defend_B","Zap","Dualcast","Loop+1","Leap+1","Cold Snap","Ball Lightning+1","Defragment+1","FTL","Electrodynamics","Steam+1","Compile Driver","BootSequence+1","Conserve Battery","Ball Lightning","Auto Shields+1","Tempest","Conserve Battery+1","Defragment","Darkness+1","Loop","Conserve Battery+1","Steam+1","Lockon","Compile Driver+1","Loop+1","Streamline+1"],"special_seed":0,"relics":["Cracked Core","Blood Vial","PreservedInsect","Bag of Marbles","Blue Candle","DataDisk","Velvet Choker","Letter Opener","Bronze Scales","Nuclear Battery","Orichalcum","Cables","Omamori"],"potions_floor_usage":[46],"damage_taken":[{"damage":7.0,"enemies":"Jaw Worm","floor":1.0,"turns":4.0},{"damage":11.0,"enemies":"Small Slimes","floor":3.0,"turns":3.0},{"damage":6.0,"enemies":"Cultist","floor":7.0,"turns":4.0},{"damage":24.0,"enemies":"3 Sentries","floor":8.0,"turns":6.0},{"damage":1.0,"enemies":"2 Fungi Beasts","floor":13.0,"turns":3.0},{"damage":5.0,"enemies":"Gremlin Nob","floor":14.0,"turns":3.0},{"damage":27.0,"enemies":"Slime Boss","floor":16.0,"turns":8.0},{"damage":18.0,"enemies":"Shell Parasite","floor":18.0,"turns":4.0},{"damage":0.0,"enemies":"Chosen","floor":20.0,"turns":4.0},{"damage":1.0,"enemies":"3 Cultists","floor":21.0,"turns":3.0},{"damage":22.0,"enemies":"Snecko","floor":24.0,"turns":4.0},{"damage":19.0,"enemies":"Snake Plant","floor":27.0,"turns":3.0},{"damage":10.0,"enemies":"Shelled Parasite and Fungi","floor":30.0,"turns":3.0},{"damage":0.0,"enemies":"Gremlin Leader","floor":31.0,"turns":3.0},{"damage":13.0,"enemies":"Automaton","floor":33.0,"turns":8.0},{"damage":0.0,"enemies":"3 Shapes","floor":35.0,"turns":2.0},{"damage":0.0,"enemies":"Orb Walker","floor":37.0,"turns":2.0},{"damage":25.0,"enemies":"Jaw Worm Horde","floor":39.0,"turns":4.0},{"damage":12.0,"enemies":"Reptomancer","floor":40.0,"turns":4.0},{"damage":8.0,"enemies":"Transient","floor":41.0,"turns":5.0},{"damage":5.0,"enemies":"Spire Growth","floor":42.0,"turns":3.0},{"damage":19.0,"enemies":"Giant Head","floor":45.0,"turns":6.0},{"damage":3,"enemies":"Writhing Mass","floor":46,"turns":2}],"seed_played":"1728383407175242031","potions_obtained":[{"floor":1.0,"key":"SpeedPotion"},{"floor":18.0,"key":"LiquidBronze"},{"floor":20.0,"key":"SmokeBomb"},{"floor":27.0,"key":"AttackPotion"},{"floor":40.0,"key":"Fire Potion"},{"floor":42.0,"key":"Fruit Juice"}],"is_trial":false,"path_per_floor":["M","?","M","$","?","R","M","E","T","?","$","R","M","E","R","B",null,"M","?","M","M","$","R","M","R","T","M","R","$","M","E","R","B",null,"M","$","M","?","M","E","M","M","T","R","E","M"],"character_chosen":"DEFECT","items_purchased":["PreservedInsect","Defragment","Conserve Battery","Tempest","Loop"],"campfire_rested":5,"item_purchase_floors":[4,11,22,29,36],"current_hp_per_floor":[63,52,43,43,43,65,61,39,39,39,39,61,62,59,59,34,65,49,75,75,74,74,74,53,53,53,36,58,58,50,52,74,62,72,74,74,75,75,50,40,34,31,31,53,36,40],"gold":156,"neow_bonus":"RANDOM_COMMON_RELIC","is_prod":false,"is_daily":false,"chose_seed":false,"campfire_upgraded":3,"win_rate":0,"timestamp":1541541669,"path_taken":["M","?","M","$","?","R","?","E","T","?","$","R","M","E","R","BOSS","M","?","M","?","$","R","?","R","T","M","R","$","M","E","R","BOSS","M","$","M","?","M","E","?","M","T","R","E","M"],"build_version":"2018-11-01","purchased_purges":3,"victory":false,"max_hp_per_floor":[75,75,75,75,75,75,75,75,75,75,75,75,75,75,75,75,75,75,75,75,75,75,75,75,75,75,75,75,75,75,75,75,75,75,75,75,75,75,75,75,75,75,75,75,75,80],"card_choices":[{"not_picked":["Recycle","Turbo"],"picked":"Loop","floor":1.0},{"not_picked":["Leap","Coolheaded"],"picked":"Capacitor","floor":3.0},{"not_picked":["Barrage","Rebound"],"picked":"Cold Snap","floor":7.0},{"not_picked":["Tempest","Seek"],"picked":"Ball Lightning","floor":8.0},{"not_picked":["Sweeping Beam","Streamline"],"picked":"FTL","floor":13.0},{"not_picked":["Sweeping Beam","Storm","Fusion"],"picked":"SKIP","floor":14.0},{"not_picked":["Reboot","Core Surge"],"picked":"Electrodynamics","floor":16.0},{"not_picked":["Recycle","Rip and Tear+1"],"picked":"Steam+1","floor":18.0},{"not_picked":["Turbo","Aggregate"],"picked":"Compile Driver","floor":20.0},{"not_picked":["Hologram","Recycle+1"],"picked":"BootSequence+1","floor":21.0},{"not_picked":["Chill","Compile Driver"],"picked":"Ball Lightning","floor":24.0},{"not_picked":["Go for the Eyes","Steam"],"picked":"Auto Shields+1","floor":27.0},{"not_picked":["Meteor Strike","Leap"],"picked":"Conserve Battery+1","floor":30.0},{"not_picked":["Turbo","Recycle"],"picked":"Defragment","floor":31.0},{"not_picked":["Ball Lightning","Sweeping Beam+1"],"picked":"Darkness+1","floor":35.0},{"not_picked":["Skim","Rebound"],"picked":"Conserve Battery+1","floor":37.0},{"not_picked":["Compile Driver","Force Field"],"picked":"Steam+1","floor":39.0},{"not_picked":["Reinforced Body+1","Darkness"],"picked":"Lockon","floor":40.0},{"not_picked":["Redo","Capacitor"],"picked":"Compile Driver+1","floor":41.0},{"not_picked":["Hologram","Echo Form"],"picked":"Loop+1","floor":42.0},{"not_picked":["Redo","Steam"],"picked":"Streamline+1","floor":45.0}],"player_experience":942087,"relics_obtained":[{"floor":8.0,"key":"Bag of Marbles"},{"floor":9.0,"key":"Blue Candle"},{"floor":14.0,"key":"DataDisk"},{"floor":26.0,"key":"Letter Opener"},{"floor":31.0,"key":"Bronze Scales"},{"floor":40.0,"key":"Orichalcum"},{"floor":43.0,"key":"Cables"},{"floor":45.0,"key":"Omamori"}],"event_choices":[{"damage_healed":0.0,"max_hp_gain":0.0,"max_hp_loss":0.0,"gold_gain":75.0,"event_name":"World of Goop","player_choice":"Gather Gold","floor":2.0,"gold_loss":0.0,"damage_taken":11.0},{"damage_healed":0.0,"max_hp_gain":0.0,"max_hp_loss":0.0,"gold_gain":0.0,"cards_transformed":["Defend_B"],"event_name":"Transmorgrifier","player_choice":"Transformed","floor":5.0,"gold_loss":0.0,"damage_taken":0.0,"cards_obtained":["Leap"]},{"damage_healed":0.0,"max_hp_gain":0.0,"max_hp_loss":0.0,"gold_gain":0.0,"event_name":"Living Wall","player_choice":"Grow","floor":10.0,"gold_loss":0.0,"damage_taken":0.0,"cards_upgraded":["Loop"]},{"cards_removed":["Capacitor"],"damage_healed":26.0,"max_hp_gain":0.0,"max_hp_loss":0.0,"gold_gain":0.0,"event_name":"Bonfire Elementals","player_choice":"Offered Uncommon","floor":19.0,"gold_loss":0.0,"damage_taken":0.0},{"cards_removed":["Strike_B"],"damage_healed":0.0,"max_hp_gain":0.0,"max_hp_loss":0.0,"gold_gain":0.0,"event_name":"Purifier","player_choice":"Purged","floor":38.0,"gold_loss":0.0,"damage_taken":0.0}],"is_beta":false,"boss_relics":[{"not_picked":["Fusion Hammer","White Beast Statue"],"picked":"Velvet Choker"},{"not_picked":["Empty Cage","Sozu"],"picked":"Nuclear Battery"}],"items_purged_floors":[11,29,36],"is_endless":false,"potions_floor_spawned":[1,18,20,27,40,42],"killed_by":"Writhing Mass","ascension_level":6}