{"gold_per_floor":[111,122,135,149,167,167,177,177,177,197,197,197,3,3,3,104,104,92,103,28,28,28,28,46,46],"floor_reached":25,"playtime":1534,"items_purged":["Defend_B"],"score":195,"play_id":"845726a2-7c8d-443b-9e89-7ec89ec047ff","local_time":"20190618141747","is_ascension_mode":false,"campfire_choices":[{"data":"Zap","floor":6,"key":"SMITH"},{"data":"Redo","floor":8,"key":"SMITH"},{"data":"Dualcast","floor":12,"key":"SMITH"},{"data":"Streamline","floor":15,"key":"SMITH"},{"data":"Barrage","floor":23,"key":"SMITH"}],"neow_cost":"NONE","seed_source_timestamp":3760346775501,"circlet_count":0,"master_deck":["Strike_B+1","Strike_B","Strike_B+1","Strike_B","Defend_B","Defend_B","Zap+1","Dualcast+1","Panacea","Barrage+1","Streamline+1","Conserve Battery","Redo+1","Conserve Battery","Conserve Battery","Machine Learning","Doom and Gloom","Writhe"],"relics":["Cracked Core","Whetstone","Lee\u0027s Waffle","Inserter","Juzu Bracelet","Nilry\u0027s Codex"],"potions_floor_usage":[],"damage_taken":[{"damage":0,"enemies":"Cultist","floor":1,"turns":4},{"damage":6,"enemies":"Jaw Worm","floor":2,"turns":3},{"damage":3,"enemies":"Small Slimes","floor":3,"turns":2},{"damage":3,"enemies":"Looter","floor":4,"turns":3},{"damage":8,"enemies":"3 Louse","floor":5,"turns":4},{"damage":6,"enemies":"2 Fungi Beasts","floor":7,"turns":3},{"damage":8,"enemies":"Looter","floor":10,"turns":3},{"damage":53,"enemies":"Hexaghost","floor":16,"turns":10},{"damage":21,"enemies":"2 Thieves","floor":18,"turns":4},{"damage":21,"enemies":"Chosen","floor":19,"turns":5},{"damage":14,"enemies":"Centurion and Healer","floor":24,"turns":6},{"damage":17,"enemies":"3 Cultists","floor":25,"turns":3}],"seed_played":"9102388310566917582","potions_obtained":[{"floor":1,"key":"SkillPotion"},{"floor":3,"key":"Dexterity Potion"},{"floor":18,"key":"SneckoOil"}],"is_trial":false,"path_per_floor":["M","M","M","M","M","R","M","R","T","M","?","R","$","?","R","B",null,"M","M","$","?","?","R","M","M"],"character_chosen":"DEFECT","items_purchased":["Lee\u0027s Waffle"],"campfire_rested":0,"item_purchase_floors":[13],"current_hp_per_floor":[75,69,66,63,55,55,49,49,49,41,34,34,82,82,82,29,82,61,40,40,40,24,24,10,0],"gold":46,"neow_bonus":"RANDOM_COLORLESS","is_prod":false,"is_daily":false,"chose_seed":false,"campfire_upgraded":5,"win_rate":0.0,"timestamp":1560860267,"path_taken":["M","M","M","M","?","R","M","R","T","M","?","R","$","?","R","BOSS","M","M","?","?","?","R","M","M"],"build_version":"2019-01-23","purchased_purges":1,"victory":false,"max_hp_per_floor":[75,75,75,75,75,75,75,75,75,75,75,75,82,82,82,82,82,82,82,82,82,82,82,82,82],"card_choices":[{"not_picked":["Melter","Chill"],"picked":"Barrage","floor":1},{"not_picked":["Cold Snap","Compile Driver"],"picked":"Streamline","floor":2},{"not_picked":["Auto Shields","Streamline"],"picked":"Conserve Battery","floor":3},{"not_picked":["Sweeping Beam","Coolheaded"],"picked":"Redo","floor":4},{"not_picked":["Double Energy","Steam","Reprogram"],"picked":"SKIP","floor":5},{"not_picked":["Genetic Algorithm","Barrage"],"picked":"Conserve Battery","floor":7},{"not_picked":["Fission","Genetic Algorithm"],"picked":"Conserve Battery","floor":10},{"not_picked":["Echo Form","Reboot"],"picked":"Machine Learning","floor":16},{"not_picked":["Leap","Coolheaded","Cold Snap+1"],"picked":"SKIP","floor":18},{"not_picked":["Compile Driver+1","Conserve Battery"],"picked":"Doom and Gloom","floor":19},{"not_picked":["Glacier","Streamline","Sweeping Beam"],"picked":"SKIP","floor":24}],"player_experience":78323,"relics_obtained":[{"floor":9,"key":"Whetstone"},{"floor":22,"key":"Nilry\u0027s Codex"}],"event_choices":[{"cards_removed":["Defend_B"],"damage_healed":0,"gold_gain":0,"player_choice":"Card Removal","damage_taken":7,"max_hp_gain":0,"max_hp_loss":0,"event_name":"Golden Wing","floor":11,"gold_loss":0},{"damage_healed":0,"gold_gain":0,"player_choice":"Full Heal","damage_taken":0,"max_hp_gain":0,"max_hp_loss":0,"event_name":"Wheel of Change","floor":14,"gold_loss":0},{"damage_healed":0,"gold_gain":0,"player_choice":"Opened","damage_taken":0,"relics_obtained":["Juzu Bracelet"],"max_hp_gain":0,"max_hp_loss":0,"event_name":"The Mausoleum","floor":21,"gold_loss":0,"cards_obtained":["Writhe"]},{"damage_healed":0,"gold_gain":0,"player_choice":"Obtained Book","damage_taken":16,"max_hp_gain":0,"max_hp_loss":0,"event_name":"Cursed Tome","floor":22,"gold_loss":0}],"is_beta":false,"boss_relics":[{"not_picked":["Coffee Dripper","Runic Pyramid"],"picked":"Inserter"}],"items_purged_floors":[20],"is_endless":false,"potions_floor_spawned":[1,3,18],"killed_by":"3 Cultists","ascension_level":0}