{"gold_per_floor":[110,123,143,157,174,206,225,239,239,239,252,252,286,64,64,160,160,140,150,150],"floor_reached":20,"playtime":1639,"items_purged":[],"score":209,"play_id":"0a609afb-3f58-45ca-8ce2-affbb91bce2f","local_time":"20190630031325","is_ascension_mode":true,"campfire_choices":[{"floor":12,"key":"REST"},{"data":"Sadistic Nature","floor":15,"key":"SMITH"}],"neow_cost":"NONE","seed_source_timestamp":48952651492344,"circlet_count":0,"master_deck":["Defend_G","Defend_G","Defend_G","Defend_G","Defend_G","Strike_G","Strike_G","Strike_G","Strike_G","Strike_G","Survivor","Neutralize","Bane","Dash","Sucker Punch","Masterful Stab","All Out Attack","Footwork","All Out Attack","Deflect","Escape Plan","Reflex","Prepared","Sadistic Nature+1","A Thousand Cuts","Decay","Decay","Writhe","Slice","Distraction"],"relics":["Ring of the Snake","NeowsBlessing","Art of War","Orichalcum","Singing Bowl","Calling Bell","Bag of Marbles","Letter Opener","Tingsha"],"potions_floor_usage":[5,6,13,16,19,20],"damage_taken":[{"damage":0,"enemies":"Cultist","floor":1,"turns":1},{"damage":0,"enemies":"Jaw Worm","floor":2,"turns":1},{"damage":0,"enemies":"Small Slimes","floor":3,"turns":1},{"damage":5,"enemies":"3 Louse","floor":4,"turns":3},{"damage":6,"enemies":"Gremlin Gang","floor":5,"turns":6},{"damage":7,"enemies":"Gremlin Nob","floor":6,"turns":4},{"damage":3,"enemies":"2 Fungi Beasts","floor":7,"turns":3},{"damage":10,"enemies":"Exordium Wildlife","floor":8,"turns":4},{"damage":1,"enemies":"Looter","floor":11,"turns":3},{"damage":4,"enemies":"3 Sentries","floor":13,"turns":4},{"damage":34,"enemies":"Slime Boss","floor":16,"turns":14},{"damage":21,"enemies":"2 Thieves","floor":18,"turns":4},{"damage":22,"enemies":"Shell Parasite","floor":19,"turns":5},{"damage":31,"enemies":"Cultist and Chosen","floor":20,"turns":4}],"seed_played":"5169151819652299430","potions_obtained":[{"floor":2,"key":"Fire Potion"},{"floor":4,"key":"Block Potion"},{"floor":5,"key":"SteroidPotion"},{"floor":6,"key":"Explosive Potion"},{"floor":10,"key":"GhostInAJar"},{"floor":13,"key":"Strength Potion"},{"floor":19,"key":"FearPotion"}],"is_trial":false,"path_per_floor":["M","M","M","M","M","E","M","M","T","?","M","R","E","$","R","B",null,"M","M","M"],"character_chosen":"THE_SILENT","items_purchased":["Prepared","Sadistic Nature"],"campfire_rested":1,"item_purchase_floors":[14,14],"current_hp_per_floor":[70,70,70,65,59,52,49,39,39,39,38,59,55,55,55,21,70,49,27,0],"gold":150,"neow_bonus":"THREE_ENEMY_KILL","is_prod":false,"is_daily":false,"chose_seed":false,"campfire_upgraded":1,"win_rate":0,"timestamp":1561835605,"path_taken":["M","M","M","M","M","E","M","M","T","?","M","R","E","$","R","BOSS","M","M","?"],"build_version":"2019-01-23","purchased_purges":0,"victory":false,"max_hp_per_floor":[70,70,70,70,70,70,70,70,70,70,70,70,70,70,70,70,70,70,70,70],"card_choices":[{"not_picked":["Underhanded Strike","Flechettes"],"picked":"Bane","floor":1},{"not_picked":["Outmaneuver","Choke"],"picked":"Dash","floor":2},{"not_picked":["Footwork","Underhanded Strike"],"picked":"Sucker Punch","floor":3},{"not_picked":["Slice","Outmaneuver"],"picked":"Masterful Stab","floor":4},{"not_picked":["Setup","Quick Slash"],"picked":"All Out Attack","floor":5},{"not_picked":["Flying Knee","Escape Plan"],"picked":"Footwork","floor":6},{"not_picked":["Masterful Stab","Backflip"],"picked":"All Out Attack","floor":7},{"not_picked":["Dodge and Roll","Doppelganger"],"picked":"Deflect","floor":8},{"not_picked":["Deadly Poison","Underhanded Strike"],"picked":"Escape Plan","floor":11},{"not_picked":["Dagger Throw","Cloak And Dagger"],"picked":"Reflex","floor":13},{"not_picked":["Grand Finale","Bullet Time"],"picked":"A Thousand Cuts","floor":16},{"not_picked":["Heel Hook+1","Blur"],"picked":"Slice","floor":18},{"not_picked":["Slice","Quick Slash"],"picked":"Distraction","floor":19}],"player_experience":287888,"relics_obtained":[{"floor":6,"key":"Art of War"},{"floor":9,"key":"Orichalcum"},{"floor":13,"key":"Singing Bowl"},{"floor":17,"key":"Bag of Marbles"},{"floor":17,"key":"Letter Opener"},{"floor":17,"key":"Tingsha"}],"event_choices":[{"damage_healed":0,"gold_gain":0,"player_choice":"Got Potions","damage_taken":0,"max_hp_gain":0,"max_hp_loss":0,"event_name":"Lab","floor":10,"gold_loss":0}],"is_beta":false,"boss_relics":[{"not_picked":["Snecko Eye","Astrolabe"],"picked":"Calling Bell"}],"items_purged_floors":[],"is_endless":false,"potions_floor_spawned":[2,4,5,6,13,19],"killed_by":"Cultist and Chosen","ascension_level":2}