{"gold_per_floor":[115,142,142,142,161,161,176,176,229,255,255,275,286,298,298,402,402,415,415,432,452,452,452,465,465,465,17,17,52,71,98,98,98],"floor_reached":33,"playtime":3915,"items_purged":[],"score":312,"play_id":"e0eacb2f-7a2b-4858-af5c-d99db62ed913","local_time":"20190624120508","is_ascension_mode":false,"campfire_choices":[{"data":"Dualcast","floor":6,"key":"SMITH"},{"data":"Capacitor","floor":8,"key":"SMITH"},{"data":"Ball Lightning","floor":11,"key":"SMITH"},{"data":"Static Discharge","floor":15,"key":"SMITH"},{"floor":23,"key":"REST"},{"floor":25,"key":"REST"},{"floor":32,"key":"REST"}],"neow_cost":"NONE","seed_source_timestamp":7991862257118,"circlet_count":0,"master_deck":["Strike_B","Strike_B","Strike_B","Strike_B","Defend_B","Defend_B","Defend_B","Defend_B","Zap+1","Dualcast+1","Core Surge","Capacitor+1","Cold Snap","Ball Lightning+1","Thunder Strike","Leap","Static Discharge+1","Coolheaded","Amplify","Blizzard","Rebound+1","Streamline","Coolheaded+1","Zap","Trip","Pain","Sunder","Ball Lightning","Defragment"],"relics":["Cracked Core","Blood Vial","Lantern","Potion Belt","Gremlin Horn","Nuclear Battery","Enchiridion","MutagenicStrength","Bottled Lightning","ClockworkSouvenir","Matryoshka","PreservedInsect","Sundial"],"potions_floor_usage":[],"damage_taken":[{"damage":1,"enemies":"Cultist","floor":1,"turns":3},{"damage":6,"enemies":"Jaw Worm","floor":5,"turns":3},{"damage":0,"enemies":"Small Slimes","floor":7,"turns":2},{"damage":10,"enemies":"3 Sentries","floor":10,"turns":5},{"damage":3,"enemies":"3 Louse","floor":12,"turns":2},{"damage":0,"enemies":"2 Fungi Beasts","floor":13,"turns":2},{"damage":0,"enemies":"Blue Slaver","floor":14,"turns":2},{"damage":24,"enemies":"Hexaghost","floor":16,"turns":5},{"damage":5,"enemies":"Chosen","floor":18,"turns":5},{"damage":15,"enemies":"Shell Parasite","floor":20,"turns":4},{"damage":27,"enemies":"3 Cultists","floor":21,"turns":6},{"damage":32,"enemies":"Snecko","floor":24,"turns":5},{"damage":25,"enemies":"Book of Stabbing","floor":29,"turns":2},{"damage":3,"enemies":"Cultist and Chosen","floor":30,"turns":4},{"damage":0,"enemies":"Slavers","floor":31,"turns":2},{"damage":44,"enemies":"Automaton","floor":33,"turns":6}],"seed_played":"6743881760929194123","potions_obtained":[{"floor":5,"key":"PowerPotion"},{"floor":7,"key":"FearPotion"},{"floor":10,"key":"SteroidPotion"},{"floor":16,"key":"Swift Potion"},{"floor":21,"key":"FocusPotion"}],"is_trial":false,"path_per_floor":["M","T","?","?","M","R","M","R","T","E","R","M","M","M","R","B",null,"M","?","M","M","?","R","M","R","T","$","?","E","M","E","R","B"],"character_chosen":"DEFECT","items_purchased":["ClockworkSouvenir","Matryoshka"],"campfire_rested":3,"item_purchase_floors":[27,27],"current_hp_per_floor":[74,74,56,56,52,52,54,54,54,46,46,45,47,49,49,27,75,70,54,41,16,16,38,8,30,30,30,30,7,6,8,30,0],"gold":98,"neow_bonus":"ONE_RANDOM_RARE_CARD","is_prod":false,"is_daily":false,"chose_seed":false,"campfire_upgraded":4,"win_rate":0.0,"timestamp":1561370708,"path_taken":["M","?","?","?","M","R","M","R","T","E","R","M","M","M","R","BOSS","M","?","M","M","?","R","M","R","T","$","?","E","M","E","R","BOSS"],"build_version":"2019-01-23","purchased_purges":0,"victory":false,"max_hp_per_floor":[75,75,75,75,75,75,75,75,75,75,75,75,75,75,75,75,75,75,75,75,75,75,75,75,75,75,75,75,75,75,75,75,75],"card_choices":[{"not_picked":["Rebound","Reinforced Body"],"picked":"Capacitor","floor":1},{"not_picked":["Gash","Leap"],"picked":"Cold Snap","floor":5},{"not_picked":["Leap","Chill"],"picked":"Ball Lightning","floor":7},{"not_picked":["Go for the Eyes","Ball Lightning"],"picked":"Thunder Strike","floor":10},{"not_picked":["Gash","Hologram"],"picked":"Leap","floor":12},{"not_picked":["Defragment","Reprogram"],"picked":"Static Discharge","floor":13},{"not_picked":["Barrage","Stack"],"picked":"Coolheaded","floor":14},{"not_picked":["Thunder Strike","Biased Cognition"],"picked":"Amplify","floor":16},{"not_picked":["Stack+1","Redo"],"picked":"Blizzard","floor":18},{"not_picked":["Sweeping Beam","Doom and Gloom"],"picked":"Rebound+1","floor":20},{"not_picked":["Turbo","Redo"],"picked":"Streamline","floor":21},{"not_picked":["Gash","Turbo"],"picked":"Coolheaded+1","floor":24},{"not_picked":["Hello World+1","Redo"],"picked":"Sunder","floor":29},{"not_picked":["Sunder","BootSequence"],"picked":"Ball Lightning","floor":30},{"not_picked":["Steam Power","Conserve Battery"],"picked":"Defragment","floor":31}],"player_experience":88345,"relics_obtained":[{"floor":2,"key":"Blood Vial"},{"floor":9,"key":"Potion Belt"},{"floor":10,"key":"Gremlin Horn"},{"floor":19,"key":"Enchiridion"},{"floor":26,"key":"Bottled Lightning"},{"floor":29,"key":"PreservedInsect"},{"floor":31,"key":"Sundial"}],"event_choices":[{"damage_healed":0,"gold_gain":0,"player_choice":"Success","damage_taken":18,"relics_obtained":["Lantern"],"max_hp_gain":0,"max_hp_loss":0,"event_name":"Scrap Ooze","floor":3,"gold_loss":0},{"damage_healed":0,"gold_gain":0,"player_choice":"Grow","damage_taken":0,"max_hp_gain":0,"max_hp_loss":0,"event_name":"Living Wall","floor":4,"gold_loss":0,"cards_upgraded":["Zap"]},{"damage_healed":0,"gold_gain":0,"player_choice":"Obtained Book","damage_taken":16,"max_hp_gain":0,"max_hp_loss":0,"event_name":"Cursed Tome","floor":19,"gold_loss":0},{"damage_healed":0,"gold_gain":0,"player_choice":"Inject Mutagens","damage_taken":0,"relics_obtained":["MutagenicStrength"],"max_hp_gain":0,"max_hp_loss":0,"event_name":"Drug Dealer","floor":22,"gold_loss":0},{"damage_healed":0,"gold_gain":0,"player_choice":"3 cards matched","damage_taken":0,"max_hp_gain":0,"max_hp_loss":0,"event_name":"Match and Keep!","floor":28,"gold_loss":0,"cards_obtained":["Zap","Trip","Pain"]},{"damage_healed":0,"gold_gain":0,"player_choice":"3 cards matched","damage_taken":0,"max_hp_gain":0,"max_hp_loss":0,"event_name":"Match and Keep!","floor":28,"gold_loss":0,"cards_obtained":["Zap","Trip","Pain"]}],"is_beta":false,"boss_relics":[{"not_picked":["Runic Dome","White Beast Statue"],"picked":"Nuclear Battery"}],"items_purged_floors":[],"is_endless":false,"potions_floor_spawned":[5,7,10,16,21,31],"killed_by":"Automaton","ascension_level":0}