{"gold_per_floor":[117,117,127,202,216,216,229,255,312,331,348,3,3,13,13,116,116,131,131,4,4,18,18,18],"floor_reached":24,"playtime":2229,"items_purged":["Clumsy"],"score":238,"play_id":"cb818ccc-df97-4e16-9ae0-5cf0b8591c8e","local_time":"20181106100653","is_ascension_mode":true,"campfire_choices":[{"floor":6,"key":"REST"},{"floor":15,"key":"REST"},{"floor":23,"key":"REST"}],"neow_cost":"CURSE","seed_source_timestamp":173828936428951,"circlet_count":0,"master_deck":["Defend_G","Defend_G","Defend_G","Defend_G","Defend_G","Strike_G","Strike_G","Strike_G","Strike_G","Strike_G","Survivor","Neutralize","Tools of the Trade","Leg Sweep","Bouncing Flask","Poisoned Stab","Footwork","Quick Slash","Deflect","A Thousand Cuts"],"relics":["Ring of the Serpent","Anchor","Tiny Chest","Membership Card","Art of War","Singing Bowl"],"potions_floor_usage":[7,7,11,22,22,24],"damage_taken":[{"damage":4,"enemies":"Jaw Worm","floor":1,"turns":7},{"damage":2,"enemies":"Cultist","floor":3,"turns":4},{"damage":0,"enemies":"Small Slimes","floor":5,"turns":3},{"damage":1,"enemies":"Exordium Thugs","floor":7,"turns":4},{"damage":42,"enemies":"3 Sentries","floor":8,"turns":9},{"damage":0,"enemies":"Red Slaver","floor":10,"turns":4},{"damage":3,"enemies":"Looter","floor":11,"turns":3},{"damage":3,"enemies":"Exordium Wildlife","floor":14,"turns":5},{"damage":5,"enemies":"The Guardian","floor":16,"turns":11},{"damage":5,"enemies":"Chosen","floor":18,"turns":6},{"damage":21,"enemies":"3 Byrds","floor":22,"turns":7},{"damage":56,"enemies":"Gremlin Leader","floor":24,"turns":6}],"seed_played":"528694438243834150","potions_obtained":[{"floor":2,"key":"Ancient Potion"},{"floor":2,"key":"FearPotion"},{"floor":2,"key":"GamblersBrew"},{"floor":3,"key":"Explosive Potion"},{"floor":7,"key":"SpeedPotion"},{"floor":8,"key":"SneckoOil"},{"floor":10,"key":"Block Potion"},{"floor":18,"key":"Block Potion"}],"is_trial":false,"path_per_floor":["M","?","M","?","M","R","M","E","T","M","M","$","$","M","R","B",null,"M","?","$","?","M","R","E"],"character_chosen":"THE_SILENT","items_purchased":["Membership Card","Art of War","Singing Bowl"],"campfire_rested":3,"item_purchase_floors":[12,12,20],"current_hp_per_floor":[66,66,64,53,53,70,69,27,27,27,24,24,24,21,42,37,70,65,52,52,52,33,56,0],"gold":18,"neow_bonus":"THREE_RARE_CARDS","is_prod":false,"is_daily":false,"chose_seed":false,"campfire_upgraded":0,"win_rate":0,"timestamp":1541527613,"path_taken":["M","?","?","?","M","R","M","E","T","M","M","?","$","?","R","BOSS","M","?","$","?","M","R","E"],"build_version":"2018-11-01","purchased_purges":1,"victory":false,"max_hp_per_floor":[70,70,70,70,70,70,70,70,70,70,70,70,70,70,70,70,70,70,75,75,75,77,77,77],"card_choices":[{"not_picked":["A Thousand Cuts","Wraith Form v2"],"picked":"Tools of the Trade","floor":0},{"not_picked":["Bane","Endless Agony"],"picked":"Leg Sweep","floor":1},{"not_picked":["Outmaneuver","Cloak And Dagger"],"picked":"Bouncing Flask","floor":3},{"not_picked":["Distraction","Flying Knee","Finisher"],"picked":"SKIP","floor":5},{"not_picked":["Catalyst","Expertise"],"picked":"Poisoned Stab","floor":7},{"not_picked":["Expertise","Tactician"],"picked":"Footwork","floor":8},{"not_picked":["Skewer","Distraction"],"picked":"Quick Slash","floor":10},{"not_picked":["Quick Slash","Blade Dance"],"picked":"Deflect","floor":11},{"not_picked":["Predator","Dagger Spray","Deflect"],"picked":"SKIP","floor":14},{"not_picked":["Glass Knife","Night Terror"],"picked":"A Thousand Cuts","floor":16},{"not_picked":["Masterful Stab","Acrobatics","Accuracy"],"picked":"SKIP","floor":18},{"not_picked":["Caltrops+1","Dagger Throw","Infinite Blades"],"picked":"Singing Bowl","floor":22}],"player_experience":482347,"relics_obtained":[{"floor":8,"key":"Anchor"},{"floor":9,"key":"Tiny Chest"}],"event_choices":[{"damage_healed":0,"gold_gain":0,"player_choice":"Got Potions","damage_taken":0,"max_hp_gain":0,"max_hp_loss":0,"event_name":"Lab","floor":2,"gold_loss":0},{"damage_healed":0,"gold_gain":75,"player_choice":"Gather Gold","damage_taken":11,"max_hp_gain":0,"max_hp_loss":0,"event_name":"World of Goop","floor":4,"gold_loss":0},{"damage_healed":0,"gold_gain":0,"player_choice":"Shed Blood","damage_taken":18,"max_hp_gain":5,"max_hp_loss":0,"event_name":"Forgotten Altar","floor":19,"gold_loss":0},{"damage_healed":0,"gold_gain":0,"player_choice":"Ignored","damage_taken":0,"max_hp_gain":0,"max_hp_loss":0,"event_name":"Beggar","floor":21,"gold_loss":0}],"is_beta":false,"boss_relics":[{"not_picked":["Busted Crown","Eternal Feather"],"picked":"Ring of the Serpent"}],"items_purged_floors":[12],"is_endless":false,"potions_floor_spawned":[3,7,8,10,18],"killed_by":"Gremlin Leader","ascension_level":4}