{"gold_per_floor":[116,131,131,199,149,149,6,41,41,41,59,59,89,105,105,208,258,274,274,292,169,187,187,187],"floor_reached":24,"playtime":1510,"items_purged":["Strike_G"],"score":344,"play_id":"dcb5ad14-a039-46a3-9b16-71de97020c0b","local_time":"20181028183544","is_ascension_mode":true,"campfire_choices":[{"data":"Neutralize","floor":6,"key":"SMITH"},{"data":"Slice","floor":10,"key":"SMITH"},{"data":"Panacea","floor":12,"key":"SMITH"},{"floor":15,"key":"REST"},{"floor":23,"key":"REST"}],"neow_cost":"NONE","seed_source_timestamp":957427063550979,"circlet_count":0,"master_deck":["Defend_G","Defend_G","Defend_G","Defend_G","Defend_G","Strike_G+1","Strike_G+1","Survivor","Neutralize+1","AscendersBane","Panacea+1","Riddle With Holes+1","Backstab+1","Slice+1","Heel Hook","Blur","Flying Knee","Sucker Punch","Dagger Spray+1","Doppelganger","Flying Knee","Blade Dance","Riddle With Holes"],"relics":["Ring of the Snake","Orichalcum","Blue Candle","Bronze Scales","Whetstone","Tiny House"],"potions_floor_usage":[13,16,16,22,22],"damage_taken":[{"damage":0,"enemies":"Small Slimes","floor":1,"turns":4},{"damage":3,"enemies":"Jaw Worm","floor":2,"turns":4},{"damage":19,"enemies":"3 Sentries","floor":8,"turns":10},{"damage":0,"enemies":"Cultist","floor":11,"turns":2},{"damage":0,"enemies":"Gremlin Nob","floor":13,"turns":3},{"damage":8,"enemies":"Exordium Wildlife","floor":14,"turns":3},{"damage":37,"enemies":"Slime Boss","floor":16,"turns":15},{"damage":12,"enemies":"Chosen","floor":18,"turns":6},{"damage":10,"enemies":"Shell Parasite","floor":20,"turns":3},{"damage":19,"enemies":"Snake Plant","floor":22,"turns":4},{"damage":0,"enemies":"Slavers","floor":24,"turns":1}],"seed_played":"-2392166859321955789","potions_obtained":[{"floor":8,"key":"FearPotion"},{"floor":13,"key":"GhostInAJar"},{"floor":14,"key":"Regen Potion"},{"floor":16,"key":"Weak Potion"},{"floor":17,"key":"Poison Potion"},{"floor":20,"key":"Block Potion"},{"floor":22,"key":"Ancient Potion"}],"is_trial":false,"path_per_floor":["M","M","?","?","?","R","$","E","T","R","M","R","E","M","R","B",null,"M","?","M","$","M","R"],"character_chosen":"THE_SILENT","items_purchased":["Orichalcum","Blade Dance"],"campfire_rested":2,"item_purchase_floors":[7,21],"current_hp_per_floor":[63,60,60,60,60,60,60,41,41,41,41,41,41,33,54,32,66,54,54,44,44,25,47,47],"gold":187,"neow_bonus":"RANDOM_COLORLESS","is_prod":false,"is_daily":false,"chose_seed":false,"campfire_upgraded":3,"win_rate":0,"timestamp":1540769744,"path_taken":["M","M","?","?","?","R","$","E","T","R","M","R","E","M","R","BOSS","M","?","M","$","M","R","E"],"build_version":"2018-10-25v2","purchased_purges":1,"victory":false,"max_hp_per_floor":[70,70,70,70,70,70,70,70,70,70,70,70,70,70,70,70,75,75,75,75,75,75,75,75],"card_choices":[{"not_picked":["Blade Dance","Sucker Punch"],"picked":"Riddle With Holes","floor":1},{"not_picked":["Eviscerate","Crippling Poison"],"picked":"Backstab","floor":2},{"not_picked":["Quick Slash","Poisoned Stab"],"picked":"Slice","floor":8},{"not_picked":["PiercingWail","Poisoned Stab"],"picked":"Heel Hook","floor":11},{"not_picked":["Flechettes","Accuracy"],"picked":"Blur","floor":13},{"not_picked":["Prepared","Backflip"],"picked":"Flying Knee","floor":14},{"not_picked":["All Out Attack","Prepared"],"picked":"Sucker Punch","floor":17},{"not_picked":["Tactician","Flying Knee"],"picked":"Dagger Spray+1","floor":18},{"not_picked":["PiercingWail","Slice"],"picked":"Flying Knee","floor":20},{"not_picked":["Bane","Slice"],"picked":"Riddle With Holes","floor":22}],"player_experience":883427,"relics_obtained":[{"floor":8,"key":"Blue Candle"},{"floor":9,"key":"Bronze Scales"},{"floor":13,"key":"Whetstone"}],"event_choices":[{"damage_healed":0,"gold_gain":0,"player_choice":"Grow","damage_taken":0,"max_hp_gain":0,"max_hp_loss":0,"event_name":"Living Wall","floor":3,"gold_loss":0,"cards_upgraded":["Riddle With Holes"]},{"damage_healed":0,"gold_gain":68,"player_choice":"Gained Gold","damage_taken":0,"max_hp_gain":0,"max_hp_loss":0,"event_name":"Golden Wing","floor":4,"gold_loss":0},{"cards_removed":["Strike_G"],"damage_healed":0,"gold_gain":0,"player_choice":"Card Removal","damage_taken":0,"max_hp_gain":0,"max_hp_loss":0,"event_name":"The Cleric","floor":5,"gold_loss":50},{"damage_healed":0,"gold_gain":0,"cards_transformed":["Strike_G"],"player_choice":"Transformed","damage_taken":0,"max_hp_gain":0,"max_hp_loss":0,"event_name":"Transmorgrifier","floor":19,"gold_loss":0,"cards_obtained":["Doppelganger"]}],"is_beta":false,"boss_relics":[{"not_picked":["Astrolabe","HoveringKite"],"picked":"Tiny House"}],"items_purged_floors":[21],"is_endless":false,"potions_floor_spawned":[8,13,14,16,20,22],"killed_by":"Slavers","ascension_level":10}