{"gold_per_floor":[116,130,149,149,29,29,42,42,69,87,87,87,187,217,217,313,313,333,42,58,58,58,88,40,40,40,1,1,14,14,33,33,33],"floor_reached":33,"playtime":1824,"items_purged":["Strike_R"],"score":263,"play_id":"a9bf2a65-231e-443d-a3dc-37aee2886e0a","local_time":"20180701160850","is_ascension_mode":false,"campfire_choices":[{"data":"Flex","floor":6,"key":"SMITH"},{"data":"Seeing Red","floor":8,"key":"SMITH"},{"data":"Whirlwind","floor":11,"key":"SMITH"},{"data":"Thunderclap","floor":15,"key":"SMITH"},{"floor":30,"key":"REST"},{"floor":32,"key":"REST"}],"neow_cost":"NONE","seed_source_timestamp":1196413276525090,"circlet_count":0,"master_deck":["Strike_R","Strike_R","Strike_R","Strike_R","Defend_R","Defend_R","Defend_R","Bash","Whirlwind+1","Flex+1","Clash","Cleave","Seeing Red+1","Anger","Thunderclap+1","Immolate","Battle Trance","Headbutt","Heavy Blade","Normality","Headbutt","Iron Wave","Carnage","Shrug It Off+1","Thunderclap","Infernal Blade+1","Armaments+1"],"relics":["Burning Blood","Strawberry","Juzu Bracelet","Boot","Meat on the Bone","Black Star","Shuriken","Darkstone Periapt","Dream Catcher","Blood Vial","Toxic Egg 2","Potion Belt"],"potions_floor_usage":[14,14,29,29,29],"damage_taken":[{"damage":7,"enemies":"Cultist","floor":1,"turns":5},{"damage":15,"enemies":"Jaw Worm","floor":2,"turns":4},{"damage":8,"enemies":"2 Louse","floor":3,"turns":2},{"damage":3,"enemies":"Red Slaver","floor":7,"turns":4},{"damage":5,"enemies":"Exordium Thugs","floor":10,"turns":3},{"damage":26,"enemies":"Lagavulin","floor":14,"turns":4},{"damage":53,"enemies":"Hexaghost","floor":16,"turns":9},{"damage":0,"enemies":"2 Thieves","floor":18,"turns":1},{"damage":0,"enemies":"Chosen","floor":20,"turns":3},{"damage":62,"enemies":"Gremlin Leader","floor":23,"turns":8},{"damage":21,"enemies":"Snake Plant","floor":29,"turns":4},{"damage":38,"enemies":"Cultist and Chosen","floor":31,"turns":6},{"damage":73,"enemies":"Collector","floor":33,"turns":7}],"seed_played":"-6709871018968131413","potions_obtained":[{"floor":1,"key":"Poison Potion"},{"floor":3,"key":"BloodPotion"},{"floor":14,"key":"Dexterity Potion"},{"floor":18,"key":"PowerPotion"},{"floor":20,"key":"Swift Potion"}],"is_trial":false,"path_per_floor":["M","M","M","?","$","R","M","R","T","M","R","?","?","E","R","B",null,"M","$","M","?","?","E","$","?","T","$","?","M","R","M","R"],"character_chosen":"IRONCLAD","items_purchased":["Cleave","Shuriken","Headbutt","Iron Wave","Carnage"],"campfire_rested":2,"item_purchase_floors":[5,19,19,24,27],"current_hp_per_floor":[86,77,75,72,72,72,75,75,75,76,76,69,69,57,57,22,87,87,87,87,71,77,33,33,33,33,33,33,32,59,41,68,0],"gold":33,"neow_bonus":"RANDOM_COMMON_RELIC","is_prod":false,"is_daily":false,"chose_seed":false,"campfire_upgraded":4,"win_rate":0,"timestamp":1530479330,"path_taken":["M","M","?","?","?","R","M","R","T","M","R","?","?","E","R","BOSS","M","?","M","?","?","E","$","?","T","$","?","M","R","M","R","BOSS"],"build_version":"2018-06-28","purchased_purges":1,"victory":false,"max_hp_per_floor":[87,87,87,87,87,87,87,87,87,87,87,87,87,87,87,87,87,87,87,87,87,93,93,93,93,93,93,93,93,93,93,93,93],"card_choices":[{"not_picked":["Uppercut","Fire Breathing"],"picked":"Whirlwind","floor":1},{"not_picked":["Rage","Heavy Blade"],"picked":"Flex","floor":2},{"not_picked":["Pummel","Warcry"],"picked":"Clash","floor":3},{"not_picked":["Perfected Strike","Twin Strike"],"picked":"Seeing Red","floor":7},{"not_picked":["Clash","Havoc"],"picked":"Anger","floor":10},{"not_picked":["Rupture","Reckless Charge"],"picked":"Thunderclap","floor":14},{"not_picked":["Bludgeon","Brutality"],"picked":"Immolate","floor":16},{"not_picked":["Feel No Pain+1","Perfected Strike"],"picked":"Battle Trance","floor":18},{"not_picked":["Shockwave","Burning Pact"],"picked":"Heavy Blade","floor":20},{"not_picked":["Rage","True Grit+1"],"picked":"Headbutt","floor":23},{"not_picked":["Combust","Reckless Charge"],"picked":"Shrug It Off+1","floor":29},{"not_picked":["Clash","Blood for Blood"],"picked":"Thunderclap","floor":30},{"not_picked":["Headbutt+1","Evolve"],"picked":"Infernal Blade+1","floor":31},{"not_picked":["Combust","Warcry+1"],"picked":"Armaments+1","floor":32}],"player_experience":72940,"relics_obtained":[{"floor":9,"key":"Boot"},{"floor":14,"key":"Meat on the Bone"},{"floor":23,"key":"Dream Catcher"},{"floor":23,"key":"Blood Vial"},{"floor":26,"key":"Toxic Egg 2"}],"event_choices":[{"event_name":"Scrap Ooze","player_choice":"success","floor":4,"damage_taken":3},{"event_name":"Golden Wing","player_choice":"Card Removal","floor":12,"damage_taken":0},{"event_name":"Golden Shrine","player_choice":"Pray","floor":13,"damage_taken":0},{"event_name":"Cursed Tome","player_choice":"Obtained Book","floor":21,"damage_taken":0},{"event_name":"Accursed Blacksmith","player_choice":"Rummage","floor":22,"damage_taken":0},{"event_name":"Beggar","player_choice":"Ignored","floor":25,"damage_taken":0},{"event_name":"The Mausoleum","player_choice":"Yes","floor":28,"damage_taken":0}],"boss_relics":[{"not_picked":["Runic Cube","Fusion Hammer"],"picked":"Black Star"}],"items_purged_floors":[5],"is_endless":false,"potions_floor_spawned":[1,3,14,18,20],"killed_by":"Collector","ascension_level":0}