{"gold_per_floor":[110,120,70,90,90,90,90,103,126,126,160,85,101,117,117,241,241,260,160,160,160,175,175],"floor_reached":23,"playtime":1177,"items_purged":["Defend_B","Strike_B"],"score":191,"play_id":"82a85364-6aa2-4fb8-bf05-5f6c4d65f4cf","local_time":"20190618151616","is_ascension_mode":false,"campfire_choices":[{"data":"Zap","floor":6,"key":"SMITH"},{"floor":15,"key":"REST"}],"neow_cost":"NONE","seed_source_timestamp":111887035628750,"circlet_count":0,"master_deck":["Strike_B","Defend_B+1","Defend_B","Defend_B","Zap+1","Dualcast+1","Beam Cell","Ball Lightning","Genetic Algorithm","Gash","Leap","FTL","Hologram","Darkness","Rainbow","Cold Snap","Conserve Battery"],"relics":["Cracked Core","Oddly Smooth Stone","Dream Catcher","Ancient Tea Set","Golden Idol","War Paint","Lizard Tail","Bag of Marbles"],"potions_floor_usage":[],"damage_taken":[{"damage":0,"enemies":"2 Louse","floor":1,"turns":2},{"damage":4,"enemies":"Small Slimes","floor":2,"turns":4},{"damage":1,"enemies":"Jaw Worm","floor":4,"turns":3},{"damage":7,"enemies":"Lots of Slimes","floor":8,"turns":4},{"damage":24,"enemies":"3 Sentries","floor":11,"turns":7},{"damage":0,"enemies":"Exordium Wildlife","floor":13,"turns":4},{"damage":0,"enemies":"Blue Slaver","floor":14,"turns":2},{"damage":37,"enemies":"The Guardian","floor":16,"turns":10},{"damage":8,"enemies":"Spheric Guardian","floor":18,"turns":4},{"damage":14,"enemies":"2 Thieves","floor":22,"turns":4},{"damage":19,"enemies":"Gremlin Leader","floor":23,"turns":6}],"seed_played":"-1555692781149523757","potions_obtained":[{"floor":1,"key":"FocusPotion"},{"floor":4,"key":"Fire Potion"},{"floor":11,"key":"FearPotion"}],"is_trial":false,"path_per_floor":["M","M","?","M","?","R","?","M","T","?","E","$","M","M","R","B",null,"M","$","?","?","M","E"],"character_chosen":"DEFECT","items_purchased":[],"campfire_rested":1,"item_purchase_floors":[],"current_hp_per_floor":[75,71,71,70,58,58,51,44,44,44,20,20,20,20,40,3,69,61,61,61,61,47,28],"gold":175,"neow_bonus":"RANDOM_COMMON_RELIC","is_prod":false,"is_daily":false,"chose_seed":false,"campfire_upgraded":1,"win_rate":0,"timestamp":1560888976,"path_taken":["M","M","?","M","?","R","?","M","T","?","E","$","M","M","R","BOSS","M","$","?","?","M","E"],"build_version":"2019-01-23","purchased_purges":2,"victory":false,"max_hp_per_floor":[75,75,75,75,75,75,75,75,75,69,69,69,69,69,69,69,69,69,69,69,69,69,69],"card_choices":[{"not_picked":["Skim","Recycle"],"picked":"Beam Cell","floor":1},{"not_picked":["Compile Driver","Redo"],"picked":"Ball Lightning","floor":2},{"not_picked":["Redo","Steam Power"],"picked":"Genetic Algorithm","floor":4},{"not_picked":["Redo","Rebound"],"picked":"Gash","floor":8},{"not_picked":["Barrage","Rebound"],"picked":"Leap","floor":11},{"not_picked":["Stack","Electrodynamics"],"picked":"FTL","floor":13},{"not_picked":["Conserve Battery","Capacitor"],"picked":"Hologram","floor":14},{"not_picked":["Force Field","Stack"],"picked":"Darkness","floor":15},{"not_picked":["Meteor Strike","Fission"],"picked":"Rainbow","floor":16},{"not_picked":["Melter","Beam Cell+1"],"picked":"Cold Snap","floor":18},{"not_picked":["Turbo+1","Tempest"],"picked":"Conserve Battery","floor":22}],"player_experience":1471124,"relics_obtained":[{"floor":9,"key":"Ancient Tea Set"},{"floor":11,"key":"War Paint"}],"event_choices":[{"cards_removed":["Strike_B"],"damage_healed":0,"gold_gain":0,"player_choice":"Card Removal","damage_taken":0,"max_hp_gain":0,"max_hp_loss":0,"event_name":"The Cleric","floor":3,"gold_loss":50},{"damage_healed":0,"gold_gain":0,"player_choice":"Success","damage_taken":12,"relics_obtained":["Dream Catcher"],"max_hp_gain":0,"max_hp_loss":0,"event_name":"Scrap Ooze","floor":5,"gold_loss":0},{"cards_removed":["Strike_B"],"damage_healed":0,"gold_gain":0,"player_choice":"Card Removal","damage_taken":7,"max_hp_gain":0,"max_hp_loss":0,"event_name":"Golden Wing","floor":7,"gold_loss":0},{"damage_healed":0,"gold_gain":0,"player_choice":"Lose Max HP","damage_taken":0,"relics_obtained":["Golden Idol"],"max_hp_gain":0,"max_hp_loss":6,"event_name":"Golden Idol","floor":10,"gold_loss":0},{"damage_healed":0,"gold_gain":0,"player_choice":"Opened","damage_taken":0,"relics_obtained":["Bag of Marbles"],"max_hp_gain":0,"max_hp_loss":0,"event_name":"The Mausoleum","floor":20,"gold_loss":0},{"damage_healed":0,"gold_gain":0,"player_choice":"Bought 0 Potions","damage_taken":0,"max_hp_gain":0,"max_hp_loss":0,"event_name":"The Woman in Blue","floor":21,"gold_loss":0}],"is_beta":false,"boss_relics":[{"not_picked":["White Beast Statue","Fusion Hammer"],"picked":"Lizard Tail"}],"items_purged_floors":[12,19],"is_endless":false,"potions_floor_spawned":[1,4,11,14],"killed_by":"Gremlin Leader","ascension_level":0}