{"gold_per_floor":[109,59,59,234,234,267,280,295,295,295,313,323,398,47,47,151,151,141,151,151,161,39,39,73,73,73,89,89,14,29,29],"floor_reached":31,"playtime":5061,"items_purged":["Defend_G","Defend_G"],"score":255,"play_id":"dec39938-a7db-4176-9c82-e141224a8d47","local_time":"20180720153408","is_ascension_mode":false,"campfire_choices":[{"floor":10,"key":"REST"},{"floor":15,"key":"REST"},{"floor":23,"key":"REST"},{"floor":25,"key":"REST"}],"neow_cost":"","seed_source_timestamp":2068102169135747,"circlet_count":0,"master_deck":["Defend_G","Defend_G","Strike_G","Strike_G","Strike_G","Survivor","Neutralize","Dagger Throw","Cloak And Dagger","Adrenaline","Tactician","Prepared","Infinite Blades","Panache","Underhanded Strike","Slice","Cloak And Dagger","Outmaneuver+1","Dagger Spray"],"relics":["Ring of the Serpent","Ninja Scroll","Snake Skull","Blood Vial","Question Card"],"potions_floor_usage":[16,31,31,31],"damage_taken":[{"damage":0,"enemies":"Jaw Worm","floor":1,"turns":4},{"damage":25,"enemies":"3 Sentries","floor":6,"turns":14},{"damage":0,"enemies":"Cultist","floor":7,"turns":3},{"damage":0,"enemies":"Small Slimes","floor":8,"turns":2},{"damage":0,"enemies":"2 Fungi Beasts","floor":11,"turns":3},{"damage":0,"enemies":"Exordium Wildlife","floor":12,"turns":3},{"damage":38,"enemies":"Hexaghost","floor":16,"turns":11},{"damage":13,"enemies":"2 Thieves","floor":18,"turns":4},{"damage":7,"enemies":"3 Byrds","floor":19,"turns":3},{"damage":30,"enemies":"Snake Plant","floor":21,"turns":5},{"damage":24,"enemies":"Book of Stabbing","floor":24,"turns":6},{"damage":0,"enemies":"Centurion and Healer","floor":27,"turns":5},{"damage":13,"enemies":"Snecko","floor":30,"turns":4},{"damage":25,"enemies":"Gremlin Leader","floor":31,"turns":3}],"seed_played":"-524093874862602705","potions_obtained":[{"floor":1,"key":"Dexterity Potion"},{"floor":8,"key":"GamblersBrew"},{"floor":19,"key":"Dexterity Potion"},{"floor":27,"key":"Ancient Potion"},{"floor":28,"key":"PowerPotion"},{"floor":28,"key":"LiquidBronze"},{"floor":28,"key":"SteroidPotion"},{"floor":30,"key":"Fire Potion"}],"is_trial":false,"path_per_floor":["M","?","?","?","?","E","M","M","T","R","M","M","?","$","R","B",null,"M","M","?","M","$","R","E","R","T","M","?","?","M"],"character_chosen":"THE_SILENT","items_purchased":["Infinite Blades","Panache","Cloak And Dagger"],"campfire_rested":4,"item_purchase_floors":[14,14,22],"current_hp_per_floor":[70,70,70,70,63,38,38,38,38,59,59,59,48,48,69,31,70,57,50,50,20,20,41,17,38,38,40,40,40,29,6],"gold":29,"neow_bonus":"","is_prod":false,"is_daily":false,"chose_seed":false,"campfire_upgraded":0,"win_rate":0,"timestamp":1532118848,"path_taken":["M","?","?","?","?","E","M","M","T","R","M","?","?","$","R","BOSS","M","M","?","M","$","R","E","R","T","M","?","?","?","E"],"build_version":"2018-07-19v2","purchased_purges":2,"victory":false,"max_hp_per_floor":[70,70,70,70,70,70,70,70,70,70,70,70,70,70,70,70,70,70,70,70,70,70,70,70,70,70,70,70,70,70,70],"card_choices":[{"not_picked":["Finisher","Sucker Punch"],"picked":"Dagger Throw","floor":1},{"not_picked":["Sucker Punch","Dodge and Roll"],"picked":"Cloak And Dagger","floor":6},{"not_picked":["Deflect","Predator"],"picked":"Adrenaline","floor":7},{"not_picked":["Bane","Riddle With Holes","Backflip"],"picked":"SKIP","floor":8},{"not_picked":["Backflip","Quick Slash"],"picked":"Tactician","floor":11},{"not_picked":["Sucker Punch","Catalyst"],"picked":"Prepared","floor":12},{"not_picked":["Flying Knee","Acrobatics+1"],"picked":"Underhanded Strike","floor":18},{"not_picked":["Bane","Footwork"],"picked":"Slice","floor":19},{"not_picked":["Acrobatics","Choke","Slice"],"picked":"SKIP","floor":21},{"not_picked":["Choke","Expertise+1"],"picked":"Outmaneuver+1","floor":24},{"not_picked":["Predator","Malaise","Backflip","Skewer"],"picked":"SKIP","floor":27},{"not_picked":["Underhanded Strike","Crippling Poison","Acrobatics+1"],"picked":"Dagger Spray","floor":30}],"player_experience":248576,"relics_obtained":[{"floor":6,"key":"Ninja Scroll"},{"floor":9,"key":"Snake Skull"},{"floor":24,"key":"Blood Vial"},{"floor":26,"key":"Question Card"}],"event_choices":[{"event_name":"The Cleric","player_choice":"Card Removal","floor":2,"damage_taken":0},{"event_name":"Living Wall","player_choice":"Forget","floor":3,"damage_taken":0},{"event_name":"Liars Game","player_choice":"agreed","floor":4,"damage_taken":0},{"event_name":"Golden Wing","player_choice":"Card Removal","floor":5,"damage_taken":0},{"event_name":"World of Goop","player_choice":"Gather Gold","floor":13,"damage_taken":0},{"event_name":"Vampires","player_choice":"Ignored","floor":20,"damage_taken":0},{"event_name":"The Lab","player_choice":"Got Potions","floor":28,"damage_taken":0},{"event_name":"Beggar","player_choice":"Gave Gold","floor":29,"damage_taken":0}],"is_beta":false,"boss_relics":[{"not_picked":["Lizard Tail","Astrolabe"],"picked":"Ring of the Serpent"}],"items_purged_floors":[14,22],"is_endless":false,"potions_floor_spawned":[1,8,12,19,27,30],"killed_by":"Gremlin Leader","ascension_level":0}