{"gold_per_floor":[116,116,126,1,1,1,36,36,36,51,68,68,88,107,107,207,207,219,235,160,175,75,107,123,143,143,155,155,155,30,55,55,150,150,164,164,177,177,193,193,193,43,43,55,55],"floor_reached":45,"playtime":3261,"items_purged":["Regret","Defend_R","Strike_R","Defend_R"],"score":607,"play_id":"1ccaf63c-84ca-42c5-870b-dfa5bbcf0835","local_time":"20180716152937","is_ascension_mode":false,"campfire_choices":[{"data":"Twin Strike","floor":6,"key":"SMITH"},{"data":"Iron Wave","floor":8,"key":"SMITH"},{"data":"Headbutt","floor":15,"key":"SMITH"},{"data":"Headbutt","floor":32,"key":"SMITH"},{"floor":40,"key":"REST"}],"neow_cost":"CURSE","seed_source_timestamp":1723986418463924,"circlet_count":0,"master_deck":["Strike_R","Strike_R","Defend_R","Defend_R","Bash","Pommel Strike+1","Twin Strike+1","Flex","Iron Wave+1","Headbutt+1","Battle Trance","Iron Wave","Body Slam+1","Battle Trance","Headbutt+1","Shrug It Off","RitualDagger","Flame Barrier+1","Madness","Madness","Shrug It Off+1","Spot Weakness","Flex+1"],"relics":["Burning Blood","Calipers","Vajra","Self Forming Clay","Mark of Pain","Mummified Hand","Question Card","Mango","Sozu","Ice Cream","Darkstone Periapt","Omamori"],"potions_floor_usage":[16,19,19,33,33,45],"damage_taken":[{"damage":2,"enemies":"Small Slimes","floor":1,"turns":4},{"damage":5,"enemies":"Cultist","floor":3,"turns":4},{"damage":15,"enemies":"3 Sentries","floor":7,"turns":8},{"damage":0,"enemies":"2 Louse","floor":10,"turns":1},{"damage":0,"enemies":"Exordium Thugs","floor":11,"turns":3},{"damage":2,"enemies":"Blue Slaver","floor":13,"turns":2},{"damage":3,"enemies":"Red Slaver","floor":14,"turns":2},{"damage":48,"enemies":"The Guardian","floor":16,"turns":9},{"damage":3,"enemies":"3 Byrds","floor":18,"turns":4},{"damage":0,"enemies":"2 Thieves","floor":19,"turns":3},{"damage":19,"enemies":"Sentry and Sphere","floor":21,"turns":4},{"damage":15,"enemies":"Book of Stabbing","floor":23,"turns":4},{"damage":0,"enemies":"Centurion and Healer","floor":24,"turns":4},{"damage":19,"enemies":"Snake Plant","floor":25,"turns":3},{"damage":12,"enemies":"Snecko","floor":27,"turns":4},{"damage":4,"enemies":"Gremlin Leader","floor":31,"turns":6},{"damage":80,"enemies":"Champ","floor":33,"turns":13},{"damage":19,"enemies":"3 Darklings","floor":35,"turns":4},{"damage":0,"enemies":"Orb Walker","floor":37,"turns":3},{"damage":28,"floor":38,"turns":7},{"damage":15,"enemies":"Maw","floor":39,"turns":7},{"damage":43,"enemies":"Spire Growth","floor":44,"turns":5},{"damage":35,"enemies":"2 Orb Walkers","floor":45,"turns":3}],"seed_played":"-8178879449887060745","potions_obtained":[{"floor":7,"key":"Fire Potion"},{"floor":13,"key":"Regen Potion"},{"floor":18,"key":"Poison Potion"},{"floor":19,"key":"FearPotion"},{"floor":23,"key":"Fire Potion"},{"floor":31,"key":"Weak Potion"}],"is_trial":false,"path_per_floor":["M","?","M","$","?","R","E","R","T","M","M","$","M","M","R","B",null,"M","M","?","M","$","E","M","M","T","M","?","?","$","E","R","B",null,"M","?","M","?","M","R","T","$","T","M"],"character_chosen":"IRONCLAD","items_purchased":["Flex"],"campfire_rested":1,"item_purchase_floors":[4],"current_hp_per_floor":[80,80,80,80,80,80,71,71,71,77,80,80,80,80,80,53,80,80,80,80,67,67,58,64,51,51,45,39,65,65,81,81,7,94,81,69,75,53,44,72,72,72,72,35,0],"gold":55,"neow_bonus":"ONE_RARE_RELIC","is_prod":false,"is_daily":false,"chose_seed":false,"campfire_upgraded":4,"win_rate":0,"timestamp":1531772977,"path_taken":["M","?","M","$","?","R","E","R","T","M","M","$","?","M","R","BOSS","M","M","?","M","$","E","M","M","T","M","?","?","?","E","R","BOSS","M","?","M","?","?","R","?","$","T","?","E"],"build_version":"2018-07-12","purchased_purges":4,"victory":false,"max_hp_per_floor":[80,80,80,80,80,80,80,80,80,80,80,80,80,80,80,80,80,80,80,80,80,80,80,80,80,80,80,80,80,80,94,94,94,94,94,94,94,94,94,94,94,94,94,94,94],"card_choices":[{"not_picked":["Heavy Blade","Twin Strike"],"picked":"Pommel Strike","floor":1},{"not_picked":["Disarm","Wild Strike"],"picked":"Twin Strike","floor":3},{"not_picked":["Inflame","Pommel Strike"],"picked":"Iron Wave","floor":7},{"not_picked":["Heavy Blade","Burning Pact"],"picked":"Headbutt","floor":10},{"not_picked":["Dark Embrace","Pommel Strike"],"picked":"Battle Trance","floor":11},{"not_picked":["Second Wind","Burning Pact"],"picked":"Iron Wave","floor":13},{"not_picked":["Heavy Blade","Sword Boomerang","Havoc"],"picked":"SKIP","floor":14},{"not_picked":["Sever Soul+1","Fire Breathing"],"picked":"Body Slam+1","floor":18},{"not_picked":["Sword Boomerang+1","Twin Strike","Dual Wield"],"picked":"SKIP","floor":19},{"not_picked":["Pommel Strike","Bloodletting","Second Wind+1"],"picked":"SKIP","floor":21},{"not_picked":["True Grit","Combust+1"],"picked":"Battle Trance","floor":23},{"not_picked":["Wild Strike","Heavy Blade"],"picked":"Headbutt","floor":24},{"not_picked":["Pummel+1","Combust","Iron Wave"],"picked":"SKIP","floor":25},{"not_picked":["Iron Wave","Limit Break","True Grit+1"],"picked":"Shrug It Off","floor":27},{"not_picked":["Sword Boomerang","Thunderclap","Intimidate"],"picked":"Flame Barrier+1","floor":31},{"not_picked":["Battle Trance","True Grit+1","Heavy Blade+1","Twin Strike"],"picked":"SKIP","floor":35},{"not_picked":["Heavy Blade","Burning Pact+1","Perfected Strike","Havoc"],"picked":"SKIP","floor":37},{"not_picked":["Flex","True Grit+1","Twin Strike+1"],"picked":"Shrug It Off+1","floor":38},{"not_picked":["Anger+1","Rupture+1","Barricade"],"picked":"Spot Weakness","floor":39},{"not_picked":["Iron Wave","Havoc+1","Offering"],"picked":"Flex+1","floor":44}],"player_experience":194455,"relics_obtained":[{"floor":7,"key":"Vajra"},{"floor":9,"key":"Self Forming Clay"},{"floor":23,"key":"Mummified Hand"},{"floor":26,"key":"Question Card"},{"floor":31,"key":"Mango"},{"floor":38,"key":"Ice Cream"},{"floor":41,"key":"Darkstone Periapt"},{"floor":43,"key":"Omamori"}],"event_choices":[{"event_name":"Accursed Blacksmith","player_choice":"Forge","floor":2,"damage_taken":0},{"event_name":"Living Wall","player_choice":"Forget","floor":5,"damage_taken":0},{"event_name":"Beggar","player_choice":"Gave Gold","floor":20,"damage_taken":0},{"event_name":"Nest","player_choice":"Joined the Cult","floor":28,"damage_taken":0},{"event_name":"The Library","player_choice":"Heal","floor":29,"damage_taken":0},{"event_name":"Winding Halls","player_choice":"Embrace Madness","floor":36,"damage_taken":0},{"event_name":"MindBloom","player_choice":"Fight","floor":38,"damage_taken":0}],"boss_relics":[{"not_picked":["Busted Crown","Tiny House"],"picked":"Mark of Pain"},{"not_picked":["Runic Cube","Black Star"],"picked":"Sozu"}],"items_purged_floors":[4,22,30,42],"is_endless":false,"potions_floor_spawned":[7,13,18,19,23,31,35,38],"killed_by":"2 Orb Walkers","ascension_level":0}