{"gold_per_floor":[109,59,73,73,84,118,41,41,41,59,59,121,133,162,162,260,260,276,191,159,173,173,173],"floor_reached":23,"playtime":2225,"items_purged":[],"score":261,"play_id":"c7a18c88-4aa0-4340-8ef9-c28421b23eaf","local_time":"20180823093359","is_ascension_mode":true,"campfire_choices":[{"floor":8,"key":"REST"},{"data":"Cloak And Dagger","floor":11,"key":"SMITH"},{"floor":15,"key":"REST"}],"neow_cost":"NONE","seed_source_timestamp":0,"circlet_count":0,"master_deck":["Defend_G","Defend_G","Defend_G","Defend_G","Defend_G","Strike_G","Strike_G","Strike_G","Survivor","Neutralize+1","Cloak And Dagger+1","Dodge and Roll","Slice","Skewer","Dash","Cloak And Dagger+1","Dash","Backflip","Leg Sweep","A Thousand Cuts","Infinite Blades","Slice","Choke+1","Decay"],"special_seed":0,"relics":["Ring of the Snake","Paper Crane","Bottled Lightning","Centennial Puzzle","Incense Burner","Empty Cage","Smiling Mask"],"potions_floor_usage":[6,14,14,16,20,20],"damage_taken":[{"damage":0.0,"enemies":"2 Louse","floor":1.0,"turns":3.0},{"damage":0.0,"enemies":"Jaw Worm","floor":3.0,"turns":5.0},{"damage":0.0,"enemies":"Cultist","floor":5.0,"turns":4.0},{"damage":33,"enemies":"Lagavulin","floor":6,"turns":12},{"damage":4,"enemies":"3 Louse","floor":10,"turns":4},{"damage":5,"enemies":"3 Sentries","floor":12,"turns":11},{"damage":0,"enemies":"2 Fungi Beasts","floor":13,"turns":4},{"damage":6,"enemies":"3 Sentries","floor":14,"turns":9},{"damage":25,"enemies":"The Guardian","floor":16,"turns":20},{"damage":18,"enemies":"Spheric Guardian","floor":18,"turns":6},{"damage":4,"enemies":"2 Thieves","floor":20,"turns":5},{"damage":0,"enemies":"Chosen and Byrds","floor":21,"turns":8},{"damage":39,"enemies":"Book of Stabbing","floor":23,"turns":7}],"seed_played":"644489041732427944","potions_obtained":[{"floor":3.0,"key":"Explosive Potion"},{"floor":12,"key":"EssenceOfSteel"},{"floor":13,"key":"SpeedPotion"},{"floor":14,"key":"Swift Potion"},{"floor":16,"key":"Energy Potion"},{"floor":18,"key":"EssenceOfSteel"}],"is_trial":false,"path_per_floor":["M","?","M","?","M","E","$","R","T","M","R","?","M","E","R","B",null,"M","?","M","M","?"],"character_chosen":"THE_SILENT","items_purchased":["Dash"],"campfire_rested":2,"item_purchase_floors":[7],"current_hp_per_floor":[63,63,63,63,63,30,30,51,51,47,47,42,42,36,57,32,61,43,43,39,39,39,0],"gold":173,"neow_bonus":"UPGRADE_CARD","is_prod":false,"is_daily":false,"chose_seed":false,"campfire_upgraded":1,"win_rate":0,"timestamp":1535034839,"path_taken":["M","?","M","?","M","E","$","R","T","M","R","?","M","E","R","BOSS","M","?","?","M","?","E"],"build_version":"2018-08-16","purchased_purges":0,"victory":false,"max_hp_per_floor":[70,70,70,70,70,70,70,70,70,70,70,70,70,70,70,70,70,70,70,70,70,70,70],"card_choices":[{"not_picked":["Dodge and Roll","Blade Dance"],"picked":"Cloak And Dagger","floor":1.0},{"not_picked":["Prepared","Deadly Poison"],"picked":"Dodge and Roll","floor":3.0},{"not_picked":["Outmaneuver","Quick Slash"],"picked":"Slice","floor":5.0},{"not_picked":["Heel Hook","All Out Attack"],"picked":"Skewer","floor":6},{"not_picked":["Catalyst","Choke"],"picked":"Cloak And Dagger","floor":10},{"not_picked":["Phantasmal Killer","Distraction"],"picked":"Dash","floor":12},{"not_picked":["Slice","Deadly Poison"],"picked":"Backflip","floor":13},{"not_picked":["Poisoned Stab","Deadly Poison"],"picked":"Leg Sweep","floor":14},{"not_picked":["Unload","Bullet Time"],"picked":"A Thousand Cuts","floor":16},{"not_picked":["Distraction","Crippling Poison"],"picked":"Infinite Blades","floor":18},{"not_picked":["Blade Dance+1","Endless Agony"],"picked":"Slice","floor":20},{"not_picked":["Concentrate","Noxious Fumes"],"picked":"Choke+1","floor":21}],"player_experience":537859,"relics_obtained":[{"floor":6,"key":"Paper Crane"},{"floor":9,"key":"Bottled Lightning"},{"floor":14,"key":"Incense Burner"}],"event_choices":[{"event_name":"The Cleric","player_choice":"Card Removal","floor":2.0,"damage_taken":0.0},{"event_name":"Accursed Blacksmith","player_choice":"Forge","floor":4.0,"damage_taken":0.0},{"event_name":"Dead Adventurer","player_choice":"Searched \u00273\u0027 times","floor":12,"damage_taken":0},{"event_name":"Addict","player_choice":"Obtained Relic","floor":19,"damage_taken":0},{"event_name":"Forgotten Altar","player_choice":"Smashed Altar","floor":22,"damage_taken":0}],"is_beta":false,"boss_relics":[{"not_picked":["Pandora\u0027s Box","Ring of the Serpent"],"picked":"Empty Cage"}],"items_purged_floors":[],"is_endless":false,"potions_floor_spawned":[3,12,13,14,16,18],"killed_by":"Book of Stabbing","ascension_level":6}