{"gold_per_floor":[20,20,35,51,51,77,77,105,105,105,119,137,137,166,166,261,261,280,10,21,36,56,56,56,76,76,28,46,69,69,100,100,100],"floor_reached":33,"playtime":3059,"items_purged":["Parasite"],"score":374,"play_id":"d0e097fc-4881-470a-a267-0c08aeeedb84","local_time":"20190625122552","is_ascension_mode":true,"campfire_choices":[{"floor":7,"key":"REST"},{"floor":10,"key":"REST"},{"floor":13,"key":"REST"},{"data":"Storm of Steel","floor":15,"key":"SMITH"},{"floor":24,"key":"REST"},{"floor":32,"key":"REST"}],"neow_cost":"NO_GOLD","seed_source_timestamp":863800947919700,"circlet_count":0,"master_deck":["Defend_G","Defend_G","Defend_G","Defend_G","Defend_G","Strike_G","Strike_G","Strike_G","Strike_G","Survivor","Neutralize","Dark Shackles","All Out Attack","Underhanded Strike","Crippling Poison","Crippling Poison","Prepared","PiercingWail","Calculated Gamble","Storm of Steel+1","Malaise","Sadistic Nature+1","Riddle With Holes+1","Prepared","Blur+1","Endless Agony","Sucker Punch","Heel Hook","PiercingWail"],"relics":["Ring of the Snake","WarpedTongs","Orichalcum","Tough Bandages","Letter Opener","Lantern","Astrolabe","HandDrill","Bottled Lightning","Happy Flower","Vajra"],"potions_floor_usage":[6,8,14,31,31,33],"damage_taken":[{"damage":0,"enemies":"Small Slimes","floor":1,"turns":3},{"damage":3,"enemies":"Cultist","floor":3,"turns":4},{"damage":5,"enemies":"Jaw Worm","floor":4,"turns":3},{"damage":16,"enemies":"Gremlin Nob","floor":6,"turns":4},{"damage":19,"enemies":"Lagavulin","floor":8,"turns":9},{"damage":1,"enemies":"Exordium Thugs","floor":11,"turns":3},{"damage":11,"enemies":"Large Slime","floor":12,"turns":6},{"damage":1,"enemies":"3 Sentries","floor":14,"turns":8},{"damage":55,"enemies":"Slime Boss","floor":16,"turns":11},{"damage":0,"enemies":"3 Byrds","floor":18,"turns":3},{"damage":0,"enemies":"2 Thieves","floor":20,"turns":3},{"damage":13,"enemies":"Sentry and Sphere","floor":21,"turns":8},{"damage":3,"enemies":"3 Cultists","floor":22,"turns":4},{"damage":12,"enemies":"Snake Plant","floor":25,"turns":4},{"damage":10,"enemies":"Snecko","floor":28,"turns":6},{"damage":0,"enemies":"Colosseum Slavers","floor":30,"turns":3},{"damage":9,"enemies":"Slavers","floor":31,"turns":5},{"damage":65,"enemies":"Collector","floor":33,"turns":9}],"seed_played":"7776014901640000783","potions_obtained":[{"floor":1,"key":"Weak Potion"},{"floor":4,"key":"SteroidPotion"},{"floor":6,"key":"Swift Potion"},{"floor":8,"key":"PowerPotion"},{"floor":16,"key":"Weak Potion"},{"floor":22,"key":"SteroidPotion"},{"floor":28,"key":"PowerPotion"}],"is_trial":false,"path_per_floor":["M","?","M","M","?","E","R","E","T","R","M","M","R","E","R","B",null,"M","$","M","M","M","?","R","M","T","$","M","T","?","E","R","B"],"character_chosen":"THE_SILENT","items_purchased":["HandDrill","Sucker Punch"],"campfire_rested":5,"item_purchase_floors":[19,27],"current_hp_per_floor":[70,70,67,62,62,46,67,48,48,69,68,57,70,69,69,14,70,70,67,67,54,51,51,67,55,55,55,45,45,45,36,56,0],"gold":100,"neow_bonus":"RANDOM_COLORLESS_2","is_prod":false,"is_daily":false,"chose_seed":false,"campfire_upgraded":1,"win_rate":0,"timestamp":1561490752,"path_taken":["M","?","?","M","?","E","R","E","T","R","M","M","R","E","R","BOSS","M","$","M","M","M","?","R","M","T","$","M","?","?","E","R","BOSS"],"build_version":"2019-01-23","purchased_purges":1,"victory":false,"max_hp_per_floor":[70,70,70,70,70,70,70,70,70,70,70,70,70,70,70,70,70,70,67,67,67,67,67,67,67,67,67,67,67,67,67,67,67],"card_choices":[{"not_picked":["Bane","Expertise"],"picked":"All Out Attack","floor":1},{"not_picked":["Deflect","Dodge and Roll"],"picked":"Underhanded Strike","floor":3},{"not_picked":["Deadly Poison","Quick Slash"],"picked":"Crippling Poison","floor":4},{"not_picked":["Flying Knee","Setup"],"picked":"Crippling Poison","floor":6},{"not_picked":["Sucker Punch","Burst"],"picked":"Prepared","floor":8},{"not_picked":["Predator","Outmaneuver"],"picked":"PiercingWail","floor":11},{"not_picked":["Well Laid Plans","Dash"],"picked":"Calculated Gamble","floor":12},{"not_picked":["Choke","Underhanded Strike"],"picked":"Storm of Steel","floor":14},{"not_picked":["Wraith Form v2","Glass Knife"],"picked":"Malaise","floor":16},{"not_picked":["Distraction","Quick Slash+1"],"picked":"Prepared","floor":18},{"not_picked":["Caltrops","Bouncing Flask+1","Expertise+1"],"picked":"SKIP","floor":20},{"not_picked":["Underhanded Strike","Tactician"],"picked":"Blur+1","floor":21},{"not_picked":["Deflect+1","Blur","Masterful Stab+1"],"picked":"SKIP","floor":22},{"not_picked":["Poisoned Stab","Underhanded Strike"],"picked":"Endless Agony","floor":25},{"not_picked":["Catalyst","Bane+1"],"picked":"Heel Hook","floor":28},{"not_picked":["Dagger Throw","Bullet Time"],"picked":"PiercingWail","floor":31}],"player_experience":538145,"relics_obtained":[{"floor":6,"key":"Orichalcum"},{"floor":8,"key":"Tough Bandages"},{"floor":9,"key":"Letter Opener"},{"floor":14,"key":"Lantern"},{"floor":26,"key":"Bottled Lightning"},{"floor":29,"key":"Happy Flower"},{"floor":31,"key":"Vajra"}],"event_choices":[{"damage_healed":0,"gold_gain":0,"player_choice":"Rummage","damage_taken":0,"relics_obtained":["WarpedTongs"],"max_hp_gain":0,"max_hp_loss":0,"event_name":"Accursed Blacksmith","floor":2,"gold_loss":0,"cards_obtained":["Pain"]},{"damage_healed":0,"gold_gain":0,"player_choice":"Ignored","damage_taken":0,"max_hp_gain":0,"max_hp_loss":0,"event_name":"Liars Game","floor":5,"gold_loss":0},{"damage_healed":0,"gold_gain":0,"player_choice":"Ignored","damage_taken":0,"max_hp_gain":0,"max_hp_loss":0,"event_name":"Vampires","floor":23,"gold_loss":0},{"damage_healed":0,"gold_gain":0,"player_choice":"Fight","damage_taken":0,"max_hp_gain":0,"max_hp_loss":0,"event_name":"Colosseum","floor":30,"gold_loss":0},{"damage_healed":0,"gold_gain":0,"player_choice":"Fled From Nobs","damage_taken":0,"max_hp_gain":0,"max_hp_loss":0,"event_name":"Colosseum","floor":30,"gold_loss":0}],"is_beta":false,"boss_relics":[{"not_picked":["Runic Pyramid","Calling Bell"],"picked":"Astrolabe"}],"items_purged_floors":[19],"is_endless":false,"potions_floor_spawned":[1,4,6,8,16,22,28,30],"killed_by":"Collector","ascension_level":4}