{"gold_per_floor":[367,382,234,234,309,344,344,369,443,443,443,106,26,49,49,177,177,190,205,219,232,232],"floor_reached":22,"playtime":3301,"items_purged":["Strike_R"],"score":233,"play_id":"d9faf3c9-3599-4797-a151-3069125190c3","local_time":"20190703121921","is_ascension_mode":true,"campfire_choices":[{"floor":7.0,"key":"REST"},{"data":"Armaments","floor":11.0,"key":"SMITH"},{"data":"Clothesline","floor":15.0,"key":"SMITH"}],"neow_cost":"TEN_PERCENT_HP_LOSS","seed_source_timestamp":690305830868900,"circlet_count":0,"master_deck":["Strike_R","Strike_R","Strike_R","Strike_R","Defend_R","Defend_R","Defend_R","Defend_R","Bash","Iron Wave","Armaments+1","Cleave","Clothesline+1","Feel No Pain","Feed","Feel No Pain","Burning Pact","Immolate","Body Slam+1","Shrug It Off","Corruption+1","Shrug It Off"],"special_seed":0,"relics":["Burning Blood","Centennial Puzzle","Question Card","Golden Idol","Medical Kit","Philosopher\u0027s Stone"],"potions_floor_usage":[22],"damage_taken":[{"damage":7.0,"enemies":"Jaw Worm","floor":1.0,"turns":3.0},{"damage":8.0,"enemies":"2 Louse","floor":2.0,"turns":3.0},{"damage":43.0,"enemies":"Lagavulin","floor":6.0,"turns":10.0},{"damage":31.0,"enemies":"Gremlin Nob","floor":8.0,"turns":5.0},{"damage":0.0,"enemies":"Cultist","floor":14.0,"turns":5.0},{"damage":23.0,"enemies":"Hexaghost","floor":16.0,"turns":15.0},{"damage":45.0,"enemies":"3 Byrds","floor":18.0,"turns":6.0},{"damage":11.0,"enemies":"Spheric Guardian","floor":19.0,"turns":4.0},{"damage":6.0,"enemies":"Snecko","floor":20.0,"turns":3.0},{"damage":26.0,"enemies":"Shelled Parasite and Fungi","floor":21.0,"turns":5.0},{"damage":16,"enemies":"Centurion and Healer","floor":22,"turns":1}],"seed_played":"-1154166304187657742","potions_obtained":[{"floor":2.0,"key":"EssenceOfSteel"},{"floor":20.0,"key":"Strength Potion"}],"is_trial":false,"path_per_floor":["M","M","$","?","?","E","R","E","T","?","R","$","$","M","R","B",null,"M","M","M","M","M"],"character_chosen":"IRONCLAD","items_purchased":["Cleave","Block Potion","Medical Kit","Feel No Pain","Feed","Feel No Pain"],"campfire_rested":1,"item_purchase_floors":[3,3,12,12,12,13],"current_hp_per_floor":[71,69,69,69,58,21,42,17,17,17,17,17,17,27,27,10,71,35,33,33,16,0],"gold":232,"neow_bonus":"TWO_FIFTY_GOLD","is_prod":false,"is_daily":false,"chose_seed":false,"campfire_upgraded":2,"win_rate":1,"timestamp":1562170761,"path_taken":["M","M","$","?","?","E","R","E","T","?","R","?","$","?","R","BOSS","M","M","M","M","M"],"build_version":"2019-07-01","purchased_purges":1,"victory":false,"max_hp_per_floor":[72,72,72,72,72,72,72,72,72,67,67,67,67,71,71,71,71,74,77,77,80,80],"card_choices":[{"not_picked":["Clash","Thunderclap"],"picked":"Iron Wave","floor":1.0},{"not_picked":["Combust","Bloodletting"],"picked":"Armaments","floor":2.0},{"not_picked":["True Grit","Perfected Strike"],"picked":"Clothesline","floor":6.0},{"not_picked":["Metallicize","Heavy Blade","Combust"],"picked":"SKIP","floor":8.0},{"not_picked":["Rupture","Armaments","Wild Strike"],"picked":"Burning Pact","floor":14.0},{"not_picked":["Fiend Fire","Brutality","Exhume"],"picked":"Immolate","floor":16.0},{"not_picked":["Searing Blow","Wild Strike","Shrug It Off"],"picked":"Body Slam+1","floor":18.0},{"not_picked":["Pommel Strike","Heavy Blade+1","Bloodletting"],"picked":"Shrug It Off","floor":19.0},{"not_picked":["Heavy Blade+1","Warcry","Sword Boomerang"],"picked":"Corruption+1","floor":20.0},{"not_picked":["Seeing Red","Flex","Sentinel"],"picked":"Shrug It Off","floor":21.0}],"player_experience":216138,"relics_obtained":[{"floor":6.0,"key":"Centennial Puzzle"},{"floor":9.0,"key":"Question Card"}],"event_choices":[{"damage_healed":0.0,"max_hp_gain":0.0,"max_hp_loss":0.0,"gold_gain":0.0,"event_name":"Liars Game","player_choice":"Ignored","floor":4.0,"gold_loss":0.0,"damage_taken":0.0},{"damage_healed":0.0,"max_hp_gain":0.0,"max_hp_loss":0.0,"gold_gain":75.0,"event_name":"World of Goop","player_choice":"Gather Gold","floor":5.0,"gold_loss":0.0,"damage_taken":11.0},{"damage_healed":0.0,"max_hp_gain":0.0,"max_hp_loss":5.0,"gold_gain":0.0,"event_name":"Golden Idol","player_choice":"Lose Max HP","floor":10.0,"gold_loss":0.0,"damage_taken":0.0,"relics_obtained":["Golden Idol"]}],"is_beta":false,"boss_relics":[{"not_picked":["Eternal Feather","Black Blood"],"picked":"Philosopher\u0027s Stone"}],"items_purged_floors":[3],"is_endless":false,"potions_floor_spawned":[2,20],"killed_by":"Centurion and Healer","ascension_level":4}