{"gold_per_floor":[115,130,130,130,158,181,208,232,244,256,301,325,337,368,380,493,505,536,548,570,507,422,522,522,266,266,266,300,300,300,314,314,419,419,436,449,141,160,170,170,201,201,201,236,255,272,272,283,283,283],"floor_reached":50,"playtime":5173,"items_purged":["Strike_R","Strike_R"],"score":576,"play_id":"ddac64d2-5407-4276-abe3-2ecc3a92147a","local_time":"20190615010118","is_ascension_mode":false,"campfire_choices":[{"data":"Rage","floor":10,"key":"SMITH"},{"data":"Armaments","floor":13,"key":"SMITH"},{"data":"Battle Trance","floor":15,"key":"SMITH"},{"floor":27,"key":"REST"},{"data":"Limit Break","floor":30,"key":"SMITH"},{"data":"Whirlwind","floor":32,"key":"SMITH"},{"data":"Heavy Blade","floor":40,"key":"SMITH"},{"floor":42,"key":"REST"},{"floor":49,"key":"REST"}],"neow_cost":"PERCENT_DAMAGE","seed_source_timestamp":11633881156133,"circlet_count":0,"master_deck":["Strike_R","Strike_R","Defend_R","Defend_R","Defend_R","Defend_R","Armaments+1","Spot Weakness","Whirlwind+1","Wild Strike","Rage+1","Heavy Blade+1","Battle Trance+1","Heavy Blade","Wild Strike","Demon Form","Flex","Perfected Strike+1","Twin Strike","Limit Break+1","Flex+1","Twin Strike+1","Ghostly Armor","Inflame+1","Dual Wield","Pommel Strike+1","Berserk"],"relics":["Burning Blood","MawBank","FossilizedHelix","Sundial","Cursed Key","Pocketwatch","WingedGreaves","Darkstone Periapt","MutagenicStrength","PreservedInsect","Regal Pillow","Mark of Pain","StoneCalendar","Mercury Hourglass","Molten Egg 2"],"potions_floor_usage":[],"damage_taken":[{"damage":1,"enemies":"2 Louse","floor":1,"turns":4},{"damage":1,"enemies":"Jaw Worm","floor":2,"turns":8},{"damage":1,"enemies":"Cultist","floor":5,"turns":5},{"damage":2,"enemies":"Looter","floor":6,"turns":5},{"damage":3,"enemies":"2 Fungi Beasts","floor":7,"turns":3},{"damage":22,"enemies":"Red Slaver","floor":8,"turns":4},{"damage":21,"enemies":"Lagavulin","floor":11,"turns":9},{"damage":0,"enemies":"Looter","floor":12,"turns":3},{"damage":5,"enemies":"Lots of Slimes","floor":14,"turns":2},{"damage":42,"enemies":"Slime Boss","floor":16,"turns":12},{"damage":0,"enemies":"Chosen","floor":18,"turns":4},{"damage":18,"enemies":"Shell Parasite","floor":20,"turns":4},{"damage":3,"enemies":"Colosseum Slavers","floor":23,"turns":4},{"damage":15,"enemies":"Colosseum Nobs","floor":23,"turns":5},{"damage":0,"enemies":"Gremlin Leader","floor":28,"turns":3},{"damage":0,"enemies":"Chosen and Byrds","floor":31,"turns":3},{"damage":51,"enemies":"Collector","floor":33,"turns":7},{"damage":4,"enemies":"3 Shapes","floor":35,"turns":3},{"damage":16,"enemies":"3 Darklings","floor":36,"turns":4},{"damage":0,"enemies":"Maw","floor":38,"turns":4},{"damage":0,"enemies":"Transient","floor":39,"turns":5},{"damage":43,"enemies":"Reptomancer","floor":41,"turns":5},{"damage":63,"enemies":"Nemesis","floor":44,"turns":6},{"damage":8,"enemies":"Jaw Worm Horde","floor":45,"turns":4},{"damage":16,"enemies":"Spire Growth","floor":46,"turns":3},{"damage":0,"enemies":"Sphere and 2 Shapes","floor":48,"turns":2},{"damage":81,"enemies":"Time Eater","floor":50,"turns":5}],"seed_played":"-5167878326555034150","potions_obtained":[{"floor":1,"key":"GamblersBrew"},{"floor":6,"key":"Poison Potion"},{"floor":8,"key":"Ancient Potion"},{"floor":12,"key":"EssenceOfSteel"},{"floor":20,"key":"Swift Potion"},{"floor":28,"key":"Fire Potion"},{"floor":38,"key":"Regen Potion"}],"is_trial":false,"path_per_floor":["M","M","?","?","M","M","M","M","T","R","E","M","R","M","R","B",null,"M","?","M","$","?","?","?","$","T","R","E","?","R","M","R","B",null,"M","M","$","M","M","R","E","R","T","E","M","M","?","M","R","B"],"character_chosen":"IRONCLAD","items_purchased":["PreservedInsect","StoneCalendar"],"campfire_rested":3,"item_purchase_floors":[25,37],"current_hp_per_floor":[61,66,71,71,76,80,83,67,67,67,52,58,58,59,59,23,85,85,69,57,57,57,51,51,51,51,78,84,84,84,90,90,45,90,90,80,80,86,90,90,53,90,90,33,31,21,21,27,69,0],"gold":283,"neow_bonus":"REMOVE_TWO","is_prod":false,"is_daily":false,"chose_seed":false,"campfire_upgraded":6,"win_rate":0.0,"timestamp":1560553278,"path_taken":["M","M","?","?","?","M","M","M","T","R","E","M","R","M","R","BOSS","M","?","M","$","?","?","?","?","T","R","E","?","R","M","R","BOSS","M","M","?","M","M","R","E","R","T","E","M","M","?","?","R","BOSS"],"build_version":"2019-01-23","purchased_purges":2,"victory":false,"max_hp_per_floor":[80,80,85,85,85,85,85,85,85,85,85,85,85,85,85,85,85,85,90,90,90,90,90,90,90,90,90,90,90,90,90,90,90,90,90,90,90,90,90,90,90,90,90,90,90,90,90,90,90,90],"card_choices":[{"not_picked":["Sever Soul","Feel No Pain"],"picked":"Armaments","floor":1},{"not_picked":["Pommel Strike","Iron Wave"],"picked":"Spot Weakness","floor":2},{"not_picked":["Carnage","Fire Breathing"],"picked":"Whirlwind","floor":5},{"not_picked":["Sword Boomerang","Power Through"],"picked":"Wild Strike","floor":6},{"not_picked":["Headbutt","Warcry"],"picked":"Rage","floor":7},{"not_picked":["Twin Strike","Armaments"],"picked":"Heavy Blade","floor":8},{"not_picked":["Spot Weakness","Disarm"],"picked":"Battle Trance","floor":11},{"not_picked":["Headbutt","Rampage"],"picked":"Heavy Blade","floor":12},{"not_picked":["Blood for Blood","Thunderclap"],"picked":"Wild Strike","floor":14},{"not_picked":["Reaper","Barricade"],"picked":"Demon Form","floor":16},{"not_picked":["Heavy Blade","Armaments"],"picked":"Flex","floor":18},{"not_picked":["Headbutt+1","Twin Strike"],"picked":"Perfected Strike+1","floor":20},{"not_picked":["Iron Wave","Armaments"],"picked":"Twin Strike","floor":23},{"not_picked":["Dropkick","Bloodletting"],"picked":"Limit Break","floor":28},{"not_picked":["Ghostly Armor","Warcry+1","Headbutt"],"picked":"SKIP","floor":31},{"not_picked":["Twin Strike+1","Dual Wield"],"picked":"Flex+1","floor":35},{"not_picked":["Armaments","Spot Weakness+1","Shrug It Off+1"],"picked":"SKIP","floor":36},{"not_picked":["Flame Barrier","Sword Boomerang+1"],"picked":"Twin Strike+1","floor":38},{"not_picked":["Dropkick+1","Shrug It Off+1","Shockwave"],"picked":"SKIP","floor":39},{"not_picked":["Thunderclap","Clash","Anger+1"],"picked":"SKIP","floor":41},{"not_picked":["Dark Embrace","Clothesline"],"picked":"Ghostly Armor","floor":44},{"not_picked":["Warcry+1","True Grit"],"picked":"Inflame+1","floor":45},{"not_picked":["Thunderclap+1","Hemokinesis+1"],"picked":"Dual Wield","floor":46},{"not_picked":["Body Slam+1","Shockwave","Power Through"],"picked":"SKIP","floor":48}],"player_experience":50549,"relics_obtained":[{"floor":9,"key":"FossilizedHelix"},{"floor":11,"key":"Sundial"},{"floor":23,"key":"WingedGreaves"},{"floor":23,"key":"Darkstone Periapt"},{"floor":28,"key":"Regal Pillow"},{"floor":41,"key":"Mercury Hourglass"},{"floor":44,"key":"Molten Egg 2"}],"event_choices":[{"damage_healed":0,"gold_gain":0,"player_choice":"Donut","damage_taken":0,"max_hp_gain":5,"max_hp_loss":0,"event_name":"Big Fish","floor":3,"gold_loss":0},{"damage_healed":0,"gold_gain":0,"player_choice":"Gave Potion","damage_taken":0,"relics_obtained":["MawBank"],"max_hp_gain":0,"max_hp_loss":0,"event_name":"WeMeetAgain","floor":4,"gold_loss":0},{"damage_healed":0,"gold_gain":0,"player_choice":"Shed Blood","damage_taken":21,"max_hp_gain":5,"max_hp_loss":0,"event_name":"Forgotten Altar","floor":19,"gold_loss":0},{"damage_healed":0,"gold_gain":0,"player_choice":"Obtained Relic","damage_taken":0,"relics_obtained":["Pocketwatch"],"max_hp_gain":0,"max_hp_loss":0,"event_name":"Addict","floor":22,"gold_loss":85},{"damage_healed":0,"gold_gain":0,"player_choice":"Fight","damage_taken":0,"max_hp_gain":0,"max_hp_loss":0,"event_name":"Colosseum","floor":23,"gold_loss":0},{"damage_healed":0,"gold_gain":0,"player_choice":"Fought Nobs","damage_taken":0,"max_hp_gain":0,"max_hp_loss":0,"event_name":"Colosseum","floor":23,"gold_loss":0},{"damage_healed":0,"gold_gain":0,"player_choice":"Inject Mutagens","damage_taken":0,"relics_obtained":["MutagenicStrength"],"max_hp_gain":0,"max_hp_loss":0,"event_name":"Drug Dealer","floor":24,"gold_loss":0},{"damage_healed":0,"gold_gain":0,"player_choice":"Ignored","damage_taken":0,"max_hp_gain":0,"max_hp_loss":0,"event_name":"Transmorgrifier","floor":29,"gold_loss":0},{"damage_healed":0,"gold_gain":0,"player_choice":"2 cards matched","damage_taken":0,"max_hp_gain":0,"max_hp_loss":0,"event_name":"Match and Keep!","floor":47,"gold_loss":0,"cards_obtained":["Pommel Strike","Berserk"]}],"is_beta":false,"boss_relics":[{"not_picked":["Coffee Dripper","Empty Cage"],"picked":"Cursed Key"},{"not_picked":["Calling Bell","Busted Crown"],"picked":"Mark of Pain"}],"items_purged_floors":[21,25],"is_endless":false,"potions_floor_spawned":[1,6,8,12,20,28,35,38,45],"killed_by":"Time Eater","ascension_level":0}