{"gold_per_floor":[119,119,131,146,157,184,246,246,246,246,270,290,290,303,303,428,428,444,444],"floor_reached":19,"playtime":1369,"items_purged":[],"score":205,"play_id":"10a0e223-ae60-4390-95ec-e2191f4ec756","local_time":"20181117201345","is_ascension_mode":true,"campfire_choices":[{"floor":8,"key":"REST"},{"floor":13,"key":"REST"},{"floor":15,"key":"REST"}],"neow_cost":"NONE","seed_source_timestamp":213100821524351,"circlet_count":0,"master_deck":["Strike_B","Strike_B","Strike_B","Defend_B","Defend_B","Defend_B","Zap","Dualcast","Melter","Genetic Algorithm","Leap","Fusion","Redo","Fission","Chill","Thunder Strike","Sweeping Beam"],"relics":["Cracked Core","NeowsBlessing","Gambling Chip","StoneCalendar","Calipers","Golden Idol","Empty Cage"],"potions_floor_usage":[6,6,6,11,14,16],"damage_taken":[{"damage":0,"enemies":"Jaw Worm","floor":1,"turns":1},{"damage":0,"enemies":"Cultist","floor":3,"turns":1},{"damage":0,"enemies":"2 Louse","floor":4,"turns":1},{"damage":19,"enemies":"2 Fungi Beasts","floor":5,"turns":3},{"damage":8,"enemies":"Lagavulin","floor":6,"turns":6},{"damage":31,"enemies":"Gremlin Nob","floor":7,"turns":5},{"damage":1,"enemies":"Looter","floor":11,"turns":2},{"damage":0,"enemies":"Large Slime","floor":12,"turns":5},{"damage":1,"enemies":"2 Fungi Beasts","floor":14,"turns":4},{"damage":52,"enemies":"Slime Boss","floor":16,"turns":12},{"damage":44,"enemies":"Chosen","floor":18,"turns":7},{"damage":46,"enemies":"3 Byrds","floor":19,"turns":5}],"seed_played":"-5281359179974242940","potions_obtained":[{"floor":1,"key":"PowerPotion"},{"floor":3,"key":"EssenceOfSteel"},{"floor":5,"key":"Swift Potion"},{"floor":6,"key":"GamblersBrew"},{"floor":7,"key":"Weak Potion"},{"floor":12,"key":"PowerPotion"},{"floor":18,"key":"FocusPotion"}],"is_trial":false,"path_per_floor":["M","?","M","M","M","E","?","R","T","?","M","M","R","M","R","B",null,"M","M"],"character_chosen":"DEFECT","items_purchased":[],"campfire_rested":3,"item_purchase_floors":[],"current_hp_per_floor":[75,75,75,75,56,48,17,39,39,39,38,38,60,59,75,23,75,31,0],"gold":444,"neow_bonus":"THREE_ENEMY_KILL","is_prod":false,"is_daily":false,"chose_seed":false,"campfire_upgraded":0,"win_rate":0,"timestamp":1542514425,"path_taken":["M","?","M","?","M","E","?","R","T","?","M","M","R","M","R","BOSS","M","M"],"build_version":"2018-11-15","purchased_purges":0,"victory":false,"max_hp_per_floor":[75,75,75,75,75,75,75,75,75,75,75,75,75,75,75,75,75,75,75],"card_choices":[{"not_picked":["Redo","Double Energy"],"picked":"Melter","floor":1},{"not_picked":["White Noise","Sweeping Beam"],"picked":"Genetic Algorithm","floor":3},{"not_picked":["Undo","Hologram"],"picked":"Leap","floor":4},{"not_picked":["Rip and Tear","Leap"],"picked":"Fusion","floor":5},{"not_picked":["Steam Power","Compile Driver"],"picked":"Redo","floor":6},{"not_picked":["Sweeping Beam","Rebound"],"picked":"Fission","floor":7},{"not_picked":["Hologram","Gash","Recycle"],"picked":"SKIP","floor":11},{"not_picked":["Aggregate","Streamline","Rebound"],"picked":"SKIP","floor":12},{"not_picked":["Barrage","Gash"],"picked":"Chill","floor":14},{"not_picked":["All For One","Multi-Cast"],"picked":"Thunder Strike","floor":16},{"not_picked":["Leap","Beam Cell+1"],"picked":"Sweeping Beam","floor":18}],"player_experience":510681,"relics_obtained":[{"floor":6,"key":"Gambling Chip"},{"floor":7,"key":"StoneCalendar"},{"floor":9,"key":"Calipers"}],"event_choices":[{"cards_removed":["Strike_B"],"damage_healed":0,"gold_gain":0,"player_choice":"Purged","damage_taken":0,"max_hp_gain":0,"max_hp_loss":0,"event_name":"Purifier","floor":2,"gold_loss":0},{"damage_healed":0,"gold_gain":0,"player_choice":"Searched \u00271\u0027 times","damage_taken":0,"max_hp_gain":0,"max_hp_loss":0,"event_name":"Dead Adventurer","floor":7,"gold_loss":0},{"damage_healed":0,"gold_gain":0,"player_choice":"Take Wound","damage_taken":0,"relics_obtained":["Golden Idol"],"max_hp_gain":0,"max_hp_loss":0,"event_name":"Golden Idol","floor":10,"gold_loss":0,"cards_obtained":["Injury"]}],"is_beta":false,"boss_relics":[{"not_picked":["Cursed Key","Inserter"],"picked":"Empty Cage"}],"items_purged_floors":[],"is_endless":false,"potions_floor_spawned":[1,3,5,6,7,12,18],"killed_by":"3 Byrds","ascension_level":4}