{"gold_per_floor":[14,32,32,45,45,45,79,79,159,184,203,213,244,264,264,338,338,356,406,321,321,336,336,361,140,164,178,178,21,21,35,35,114,114,124,24,24,24,40,40,56,56,102,102,133,149,149,160,160,160,160,160,160,40,71,71],"floor_reached":56,"playtime":4809,"items_purged":["Strike_G","Phantasmal Killer+1"],"score":1930,"play_id":"b869fcbc-071b-4edc-b8c3-5c0fa1e77025","local_time":"20190702223605","is_ascension_mode":true,"campfire_choices":[{"data":"Neutralize","floor":6.0,"key":"SMITH"},{"data":"Deadly Poison","floor":8.0,"key":"SMITH"},{"data":"Footwork","floor":15.0,"key":"SMITH"},{"data":"Wraith Form v2","floor":23,"key":"SMITH"},{"data":"Noxious Fumes","floor":28,"key":"SMITH"},{"data":"Footwork","floor":30,"key":"SMITH"},{"floor":32,"key":"REST"},{"data":"Well Laid Plans","floor":40,"key":"SMITH"},{"data":"Deadly Poison","floor":42,"key":"SMITH"},{"floor":44,"key":"REST"},{"floor":47,"key":"RECALL"},{"floor":49,"key":"REST"},{"floor":53,"key":"REST"}],"neow_cost":"NO_GOLD","seed_source_timestamp":31251283284386,"circlet_count":0,"master_deck":["AscendersBane","Strike_G+1","Defend_G","Defend_G","Defend_G","Defend_G","Defend_G","Survivor","Neutralize+1","Glass Knife+1","Deadly Poison+1","Backflip","Deadly Poison+1","Backflip","Footwork+1","Wraith Form v2+1","Backflip","Well Laid Plans+1","Footwork+1","Noxious Fumes+1","Dark Shackles","Night Terror","Outmaneuver+1","Venomology+1","Good Instincts","Enlightenment","Blur","Acrobatics+1","Parasite","Deadly Poison","Blur","Impatience","Deflect","Escape Plan"],"special_seed":0,"relics":["Ring of the Snake","Ancient Tea Set","Matryoshka","Bag of Marbles","The Specimen","Sozu","FossilizedHelix","Ninja Scroll","Whetstone","Snake Skull","Astrolabe","Lantern","Potion Belt","Kunai","Calipers"],"potions_floor_usage":[55,56],"damage_taken":[{"damage":2.0,"enemies":"Jaw Worm","floor":1.0,"turns":6.0},{"damage":0.0,"enemies":"2 Louse","floor":2.0,"turns":2.0},{"damage":0.0,"enemies":"Cultist","floor":4.0,"turns":3.0},{"damage":10.0,"enemies":"Lagavulin","floor":7.0,"turns":7.0},{"damage":12.0,"enemies":"3 Sentries","floor":10.0,"turns":11.0},{"damage":6.0,"enemies":"Lots of Slimes","floor":11.0,"turns":4.0},{"damage":0.0,"enemies":"Exordium Wildlife","floor":12.0,"turns":3.0},{"damage":20.0,"enemies":"Gremlin Nob","floor":13.0,"turns":4.0},{"damage":0.0,"enemies":"3 Louse","floor":14.0,"turns":4.0},{"damage":0.0,"enemies":"Hexaghost","floor":16.0,"turns":11.0},{"damage":0,"enemies":"Chosen","floor":18,"turns":4},{"damage":12,"enemies":"3 Byrds","floor":22,"turns":5},{"damage":13,"enemies":"Book of Stabbing","floor":24,"turns":8},{"damage":0,"enemies":"Snake Plant","floor":27,"turns":4},{"damage":1,"enemies":"Shelled Parasite and Fungi","floor":31,"turns":5},{"damage":5,"enemies":"Collector","floor":33,"turns":8},{"damage":19,"enemies":"Orb Walker","floor":35,"turns":5},{"damage":0,"enemies":"3 Shapes","floor":39,"turns":6},{"damage":0,"enemies":"Maw","floor":41,"turns":9},{"damage":2,"enemies":"Nemesis","floor":45,"turns":9},{"damage":5,"enemies":"Writhing Mass","floor":46,"turns":7},{"damage":18,"enemies":"Spire Growth","floor":48,"turns":7},{"damage":17,"enemies":"Awakened One","floor":50,"turns":25},{"damage":18,"enemies":"Donu and Deca","floor":51,"turns":15},{"damage":33,"enemies":"Shield and Spear","floor":55,"turns":9},{"damage":35,"enemies":"The Heart","floor":56,"turns":5}],"seed_played":"5648514939583478350","potions_obtained":[{"floor":1.0,"key":"SpeedPotion"},{"floor":5.0,"key":"Regen Potion"},{"floor":12.0,"key":"GhostInAJar"},{"floor":13.0,"key":"Strength Potion"}],"is_trial":false,"path_per_floor":["M","M","?","M","?","R","E","R","T","E","M","M","E","M","R","B",null,"M","?","?","?","M","R","E","$","T","M","R","$","R","M","R","B",null,"M","$","?","$","M","R","M","R","T","R","E","M","R","M","R","B","B",null,"R","$","E","B"],"character_chosen":"THE_SILENT","items_purchased":["Noxious Fumes","Dark Shackles","Snake Skull","Impatience","Deflect"],"campfire_rested":4,"item_purchase_floors":[25,25,29,54,54],"current_hp_per_floor":[57,57,57,57,57,57,47,47,47,50,44,44,24,24,24,24,56,56,56,56,56,44,44,31,31,31,31,31,31,31,30,49,44,61,42,42,32,32,32,32,32,32,32,51,49,44,44,26,45,28,10,52,66,66,33,0],"gold":71,"neow_bonus":"THREE_RARE_CARDS","is_prod":false,"is_daily":false,"chose_seed":false,"campfire_upgraded":8,"win_rate":0,"timestamp":1562099765,"path_taken":["M","M","?","M","?","R","E","R","T","E","?","?","E","M","R","BOSS","M","?","?","?","M","R","E","?","T","M","R","$","R","M","R","BOSS","M","$","?","?","M","R","M","R","T","R","E","?","R","M","R","BOSS","BOSS","R","$","E","BOSS"],"build_version":"2019-07-01","purchased_purges":2,"victory":false,"max_hp_per_floor":[66,66,66,66,66,66,66,66,66,66,66,66,66,66,66,66,66,66,66,66,66,66,66,66,66,66,66,66,66,66,66,66,66,66,66,66,66,66,66,66,66,66,66,66,66,66,66,66,66,66,66,66,66,66,66,66],"card_choices":[{"not_picked":["Die Die Die","Grand Finale"],"picked":"Glass Knife","floor":0.0},{"not_picked":["Backflip","Dodge and Roll"],"picked":"Deadly Poison","floor":1.0},{"not_picked":["Cloak And Dagger","Sucker Punch"],"picked":"Backflip","floor":2.0},{"not_picked":["Slice","Heel Hook"],"picked":"Deadly Poison","floor":4.0},{"not_picked":["Calculated Gamble","Terror","Sucker Punch"],"picked":"SKIP","floor":7.0},{"not_picked":["Setup","Prepared"],"picked":"Backflip","floor":10.0},{"not_picked":["Distraction","Dagger Spray","Underhanded Strike"],"picked":"SKIP","floor":11.0},{"not_picked":["Cloak And Dagger","Deflect","Phantasmal Killer"],"picked":"SKIP","floor":12.0},{"not_picked":["Cloak And Dagger","Deflect","Phantasmal Killer"],"picked":"SKIP","floor":12.0},{"not_picked":["Well Laid Plans","Prepared"],"picked":"Footwork","floor":13.0},{"not_picked":["Slice","Eviscerate","Flying Knee"],"picked":"SKIP","floor":14.0},{"not_picked":["Grand Finale","Phantasmal Killer"],"picked":"Wraith Form v2","floor":16.0},{"not_picked":["Blur","Riddle With Holes"],"picked":"Backflip","floor":18},{"not_picked":["Blade Dance","Sucker Punch","Tactician"],"picked":"SKIP","floor":22},{"not_picked":["Dash","Slice+1"],"picked":"Footwork","floor":24},{"not_picked":["Accuracy","Slice","Deadly Poison"],"picked":"SKIP","floor":27},{"not_picked":["Predator+1","Acrobatics","Sucker Punch"],"picked":"SKIP","floor":31},{"not_picked":["Doppelganger","Venomology"],"picked":"Night Terror","floor":33},{"not_picked":["Backstab","Outmaneuver+1","Cloak And Dagger"],"picked":"SKIP","floor":35},{"not_picked":["PanicButton","Chrysalis"],"picked":"Good Instincts","floor":37},{"not_picked":["Mind Blast","Chrysalis"],"picked":"Enlightenment","floor":37},{"not_picked":["Quick Slash","Deflect"],"picked":"Blur","floor":39},{"not_picked":["Slice","Poisoned Stab"],"picked":"Acrobatics+1","floor":41},{"not_picked":["Flying Knee","Cloak And Dagger","Infinite Blades"],"picked":"SKIP","floor":45},{"not_picked":["Predator","Poisoned Stab+1"],"picked":"Deadly Poison","floor":46},{"not_picked":["Sucker Punch","Accuracy"],"picked":"Blur","floor":48},{"not_picked":["Deflect","Infinite Blades+1"],"picked":"Escape Plan","floor":55}],"player_experience":1447627,"relics_obtained":[{"floor":7.0,"key":"Ancient Tea Set"},{"floor":9.0,"key":"Matryoshka"},{"floor":10.0,"key":"Bag of Marbles"},{"floor":13.0,"key":"The Specimen"},{"floor":24,"key":"Ninja Scroll"},{"floor":26,"key":"Whetstone"},{"floor":43,"key":"Lantern"},{"floor":43,"key":"Potion Belt"},{"floor":45,"key":"Kunai"},{"floor":55,"key":"Calipers"}],"event_choices":[{"damage_healed":0.0,"max_hp_gain":0.0,"max_hp_loss":0.0,"gold_gain":0.0,"event_name":"Living Wall","player_choice":"Grow","floor":3.0,"gold_loss":0.0,"damage_taken":0.0,"cards_upgraded":["Glass Knife"]},{"damage_healed":0.0,"max_hp_gain":0.0,"max_hp_loss":0.0,"gold_gain":0.0,"event_name":"Lab","player_choice":"Got Potions","floor":5.0,"gold_loss":0.0,"damage_taken":0.0},{"damage_healed":0,"gold_gain":50,"player_choice":"Stole From Cult","damage_taken":0,"max_hp_gain":0,"max_hp_loss":0,"event_name":"Nest","floor":19,"gold_loss":0},{"damage_healed":0,"gold_gain":0,"player_choice":"Obtained Relic","damage_taken":0,"relics_obtained":["FossilizedHelix"],"max_hp_gain":0,"max_hp_loss":0,"event_name":"Addict","floor":20,"gold_loss":85},{"damage_healed":0,"gold_gain":0,"player_choice":"Read","damage_taken":0,"max_hp_gain":0,"max_hp_loss":0,"event_name":"The Library","floor":21,"gold_loss":0,"cards_obtained":["Well Laid Plans"]},{"damage_healed":0,"gold_gain":0,"player_choice":"Memory 3","damage_taken":10,"max_hp_gain":0,"max_hp_loss":0,"event_name":"SensoryStone","floor":37,"gold_loss":0}],"is_beta":false,"boss_relics":[{"not_picked":["Velvet Choker","Philosopher\u0027s Stone"],"picked":"Sozu"},{"not_picked":["Tiny House","White Beast Statue"],"picked":"Astrolabe"}],"items_purged_floors":[25,36],"is_endless":false,"potions_floor_spawned":[1,12,13,14,27,33,35,39],"killed_by":"The Heart","ascension_level":20}