{"gold_per_floor":[109,184,196,170,135,135,214,214,214,249,249,249,277,277,277,352,352,365,385,402,402,414,414,429,429],"floor_reached":25,"playtime":2189,"items_purged":[],"score":398,"play_id":"32cf6e9f-daa3-4507-bf8c-f5f31870d3d4","local_time":"20190531140119","is_ascension_mode":true,"campfire_choices":[{"data":"Poisoned Stab","floor":6.0,"key":"SMITH"},{"data":"Poisoned Stab","floor":11.0,"key":"SMITH"},{"data":"Unload","floor":15.0,"key":"SMITH"},{"floor":23.0,"key":"REST"}],"neow_cost":"NONE","seed_source_timestamp":0,"circlet_count":0,"master_deck":["AscendersBane","Defend_G","Defend_G","Defend_G","Defend_G","Defend_G","Strike_G","Strike_G","Strike_G","Strike_G","Survivor","Neutralize","Noxious Fumes","Poisoned Stab+1","Poisoned Stab+1","Caltrops","Unload+1","Corpse Explosion","Poisoned Stab+1","Slice","Finisher","Quick Slash","Choke"],"special_seed":0,"relics":["Ring of the Snake","Strawberry","Mummified Hand","Shuriken","Question Card","Matryoshka","Bag of Marbles","Black Star"],"potions_floor_usage":[24,25],"damage_taken":[{"damage":6.0,"enemies":"Jaw Worm","floor":1.0,"turns":6.0},{"damage":1.0,"enemies":"Small Slimes","floor":3.0,"turns":4.0},{"damage":19.0,"enemies":"3 Sentries","floor":10.0,"turns":7.0},{"damage":22.0,"enemies":"Gremlin Nob","floor":13.0,"turns":4.0},{"damage":26.0,"enemies":"Slime Boss","floor":16.0,"turns":10.0},{"damage":14.0,"enemies":"Spheric Guardian","floor":18.0,"turns":4.0},{"damage":6.0,"enemies":"3 Byrds","floor":19.0,"turns":2.0},{"damage":7.0,"enemies":"Snecko","floor":20.0,"turns":4.0},{"damage":21.0,"enemies":"Snake Plant","floor":22.0,"turns":4.0},{"damage":12,"enemies":"Cultist and Chosen","floor":24,"turns":3},{"damage":30,"enemies":"Gremlin Leader","floor":25,"turns":4}],"seed_played":"5094909709375561126","potions_obtained":[{"floor":13.0,"key":"Block Potion"},{"floor":16.0,"key":"Strength Potion"},{"floor":22.0,"key":"SpeedPotion"}],"is_trial":false,"path_per_floor":["M","?","M","$","?","R","T","?","T","E","R","?","E","?","R","B",null,"M","M","M","?","M","R","M","E"],"character_chosen":"THE_SILENT","items_purchased":["Poisoned Stab"],"campfire_rested":1,"item_purchase_floors":[4],"current_hp_per_floor":[60,49,48,48,66,66,66,71,71,52,52,49,27,27,27,1,59,45,39,32,32,11,34,22,0],"gold":429,"neow_bonus":"RANDOM_COMMON_RELIC","is_prod":false,"is_daily":false,"chose_seed":false,"campfire_upgraded":3,"win_rate":0,"timestamp":1559329279,"path_taken":["M","?","M","$","?","R","?","?","T","E","R","?","E","?","R","BOSS","M","M","?","?","?","R","M","E"],"build_version":"2019-01-23","purchased_purges":0,"victory":false,"max_hp_per_floor":[73,73,73,73,73,73,73,78,78,78,78,78,78,78,78,78,78,78,78,78,78,78,78,78,78],"card_choices":[{"not_picked":["Bane","Sucker Punch"],"picked":"Noxious Fumes","floor":1.0},{"not_picked":["Blade Dance","Escape Plan"],"picked":"Poisoned Stab","floor":3.0},{"not_picked":["Dagger Throw","Bouncing Flask"],"picked":"Underhanded Strike","floor":10.0},{"not_picked":["Quick Slash","Slice","Leg Sweep"],"picked":"Caltrops","floor":13.0},{"not_picked":["Venomology","Grand Finale","Malaise"],"picked":"Corpse Explosion","floor":16.0},{"not_picked":["Dagger Spray","Dagger Throw","Flechettes"],"picked":"Poisoned Stab+1","floor":18.0},{"not_picked":["Flechettes","Prepared","Terror"],"picked":"Slice","floor":19.0},{"not_picked":["Quick Slash","Expertise+1","Bane"],"picked":"Finisher","floor":20.0},{"not_picked":["Prepared","Cloak And Dagger","Deadly Poison"],"picked":"Quick Slash","floor":22.0},{"not_picked":["Flying Knee","Dagger Spray","Underhanded Strike+1"],"picked":"Choke","floor":24}],"player_experience":1398687,"relics_obtained":[{"floor":7.0,"key":"Mummified Hand"},{"floor":9.0,"key":"Shuriken"},{"floor":10.0,"key":"Question Card"},{"floor":13.0,"key":"Bag of Marbles"}],"event_choices":[{"damage_healed":0.0,"max_hp_gain":0.0,"max_hp_loss":0.0,"gold_gain":75.0,"event_name":"World of Goop","player_choice":"Gather Gold","floor":2.0,"gold_loss":0.0,"damage_taken":11.0},{"damage_healed":18.0,"max_hp_gain":0.0,"max_hp_loss":0.0,"gold_gain":0.0,"event_name":"The Cleric","player_choice":"Healed","floor":5.0,"gold_loss":35.0,"damage_taken":0.0},{"damage_healed":0.0,"max_hp_gain":5.0,"max_hp_loss":0.0,"gold_gain":0.0,"event_name":"Big Fish","player_choice":"Donut","floor":8.0,"gold_loss":0.0,"damage_taken":0.0},{"damage_healed":0.0,"max_hp_gain":0.0,"max_hp_loss":0.0,"gold_gain":0.0,"event_name":"Scrap Ooze","player_choice":"Success","floor":12.0,"gold_loss":0.0,"damage_taken":3.0,"relics_obtained":["Matryoshka"]},{"damage_healed":0.0,"max_hp_gain":0.0,"max_hp_loss":0.0,"gold_gain":0.0,"cards_transformed":["Underhanded Strike"],"event_name":"Transmorgrifier","player_choice":"Transformed","floor":14.0,"gold_loss":0.0,"damage_taken":0.0,"cards_obtained":["Unload"]},{"cards_removed":["Strike_G"],"damage_healed":0.0,"max_hp_gain":0.0,"max_hp_loss":0.0,"gold_gain":0.0,"event_name":"Wheel of Change","player_choice":"Card Removal","floor":21.0,"gold_loss":0.0,"damage_taken":0.0}],"is_beta":false,"boss_relics":[{"not_picked":["Snecko Eye","Empty Cage"],"picked":"Black Star"}],"items_purged_floors":[],"is_endless":false,"potions_floor_spawned":[13,16,22],"killed_by":"Gremlin Leader","ascension_level":14}