{"gold_per_floor":[116,116,131,148,148,148,160,177,203,203,236,250,64,64,64,164,164,184,204,222,202,214,214,240,257,302,302,302,322,322,338,338,338],"floor_reached":33,"playtime":2222,"items_purged":["Strike_B"],"score":350,"play_id":"362726ea-68cc-4fc5-bd3f-8a96165c4812","local_time":"20181106193225","is_ascension_mode":true,"campfire_choices":[{"data":"Zap","floor":6,"key":"SMITH"},{"data":"Sunder","floor":10,"key":"SMITH"},{"floor":15,"key":"REST"},{"floor":23,"key":"REST"},{"floor":27,"key":"REST"},{"floor":32,"key":"REST"}],"neow_cost":"CURSE","seed_source_timestamp":207767575391293,"circlet_count":0,"master_deck":["Strike_B","Strike_B","Strike_B","Defend_B","Defend_B","Defend_B","Defend_B","Zap+1","Dualcast","Parasite","Chill+1","Sunder+1","Leap","Steam","Static Discharge","Fusion","Melter","Doom and Gloom","All For One","Self Repair","Ball Lightning+1","Conserve Battery","Redo","Regret","Melter+1","Consume+1"],"relics":["Cracked Core","WingedGreaves","Blue Candle","Dream Catcher","Bronze Scales","Cursed Key","Mango","Bag of Marbles"],"potions_floor_usage":[11,12,24,24,24,29,33],"damage_taken":[{"damage":1,"enemies":"2 Louse","floor":1,"turns":3},{"damage":0,"enemies":"Cultist","floor":3,"turns":3},{"damage":3,"enemies":"Small Slimes","floor":4,"turns":3},{"damage":0,"enemies":"2 Fungi Beasts","floor":7,"turns":3},{"damage":3,"enemies":"Large Slime","floor":8,"turns":8},{"damage":17,"enemies":"Gremlin Nob","floor":11,"turns":4},{"damage":1,"enemies":"Gremlin Gang","floor":12,"turns":4},{"damage":40,"enemies":"Slime Boss","floor":16,"turns":9},{"damage":6,"enemies":"3 Byrds","floor":18,"turns":3},{"damage":14,"enemies":"Shell Parasite","floor":19,"turns":4},{"damage":31,"enemies":"Cultist and Chosen","floor":20,"turns":6},{"damage":3,"enemies":"Sentry and Sphere","floor":22,"turns":3},{"damage":29,"enemies":"Slavers","floor":24,"turns":4},{"damage":22,"enemies":"Snake Plant","floor":25,"turns":4},{"damage":16,"enemies":"Shelled Parasite and Fungi","floor":29,"turns":5},{"damage":28,"enemies":"Snecko","floor":31,"turns":5},{"damage":65,"enemies":"Champ","floor":33,"turns":9}],"seed_played":"4114064385877238245","potions_obtained":[{"floor":1,"key":"Strength Potion"},{"floor":7,"key":"EssenceOfSteel"},{"floor":12,"key":"SmokeBomb"},{"floor":20,"key":"Swift Potion"},{"floor":21,"key":"Energy Potion"},{"floor":22,"key":"Regen Potion"},{"floor":25,"key":"Poison Potion"},{"floor":31,"key":"SkillPotion"}],"is_trial":false,"path_per_floor":["M","?","M","M","T","R","M","M","T","R","E","M","$","?","R","B",null,"M","M","M","?","M","R","E","M","T","R","?","M","?","M","R","B"],"character_chosen":"DEFECT","items_purchased":["Melter","Doom and Gloom"],"campfire_rested":4,"item_purchase_floors":[13,13],"current_hp_per_floor":[74,74,74,71,71,71,71,68,68,68,51,50,50,50,72,32,75,69,62,38,38,42,64,68,53,53,79,79,70,53,32,60,0],"gold":338,"neow_bonus":"ONE_RARE_RELIC","is_prod":false,"is_daily":false,"chose_seed":false,"campfire_upgraded":2,"win_rate":0,"timestamp":1541561545,"path_taken":["M","?","?","M","?","R","M","M","T","R","E","M","$","?","R","BOSS","M","M","M","?","?","R","E","?","T","R","?","M","?","M","R","BOSS"],"build_version":"2018-11-01","purchased_purges":1,"victory":false,"max_hp_per_floor":[75,75,75,75,75,75,75,75,75,75,75,75,75,75,75,75,75,75,75,75,75,75,75,89,89,89,89,89,89,94,94,94,94],"card_choices":[{"not_picked":["Sweeping Beam","Chaos"],"picked":"Chill","floor":1},{"not_picked":["Barrage","Compile Driver"],"picked":"Sunder","floor":3},{"not_picked":["Blizzard","Beam Cell"],"picked":"Leap","floor":4},{"not_picked":["Gash","Auto Shields"],"picked":"Steam","floor":7},{"not_picked":["Auto Shields","Barrage","Rebound"],"picked":"SKIP","floor":8},{"not_picked":["Thunder Strike","Hologram"],"picked":"Static Discharge","floor":11},{"not_picked":["Streamline","FTL"],"picked":"Fusion","floor":12},{"not_picked":["Hyperbeam","Multi-Cast"],"picked":"All For One","floor":16},{"not_picked":["Cold Snap","Gash"],"picked":"Self Repair","floor":18},{"not_picked":["Beam Cell+1","Skim"],"picked":"Ball Lightning+1","floor":19},{"not_picked":["Heatsinks","Ball Lightning","Beam Cell+1"],"picked":"SKIP","floor":20},{"not_picked":["Stack+1","Gash+1","Sweeping Beam"],"picked":"SKIP","floor":22},{"not_picked":["Hologram","Leap"],"picked":"Conserve Battery","floor":23},{"not_picked":["Sweeping Beam","Stack+1"],"picked":"Redo","floor":24},{"not_picked":["Redo","Rebound","Sweeping Beam"],"picked":"SKIP","floor":25},{"not_picked":["Compile Driver","Creative AI"],"picked":"Melter+1","floor":29},{"not_picked":["Hologram","Go for the Eyes+1","Stack"],"picked":"SKIP","floor":31},{"not_picked":["Capacitor","Hologram"],"picked":"Consume+1","floor":32}],"player_experience":488984,"relics_obtained":[{"floor":5,"key":"Blue Candle"},{"floor":9,"key":"Dream Catcher"},{"floor":11,"key":"Bronze Scales"},{"floor":24,"key":"Mango"},{"floor":26,"key":"Bag of Marbles"}],"event_choices":[{"damage_healed":0,"gold_gain":0,"player_choice":"Forge","damage_taken":0,"max_hp_gain":0,"max_hp_loss":0,"event_name":"Accursed Blacksmith","floor":2,"gold_loss":0,"cards_upgraded":["Chill"]},{"damage_healed":0,"gold_gain":0,"player_choice":"Searched \u00271\u0027 times","damage_taken":0,"max_hp_gain":0,"max_hp_loss":0,"event_name":"Dead Adventurer","floor":14,"gold_loss":0},{"damage_healed":0,"gold_gain":0,"player_choice":"Bought 1 Potion","damage_taken":0,"max_hp_gain":0,"max_hp_loss":0,"event_name":"The Woman in Blue","floor":21,"gold_loss":0},{"damage_healed":0,"gold_gain":0,"player_choice":"Ignored","damage_taken":0,"max_hp_gain":0,"max_hp_loss":0,"event_name":"Ghosts","floor":28,"gold_loss":0},{"damage_healed":0,"gold_gain":0,"player_choice":"Shed Blood","damage_taken":22,"max_hp_gain":5,"max_hp_loss":0,"event_name":"Forgotten Altar","floor":30,"gold_loss":0}],"is_beta":false,"boss_relics":[{"not_picked":["Ectoplasm","Black Star"],"picked":"Cursed Key"}],"items_purged_floors":[13],"is_endless":false,"potions_floor_spawned":[1,7,12,20,22,25,31],"killed_by":"Champ","ascension_level":4}