{"gold_per_floor":[212,42,42,63,138,138,158,158,158,158,173,192,273,317,317,445,445,461,219,244,214,233,233,246,246,246,279,331,430,159,182,182,310,310,330,345,345,363,383,383,421,421,421,437,50,88,188,232,232,232],"floor_reached":50,"playtime":7334,"items_purged":["Injury","Strike_B","Defend_B"],"score":683,"play_id":"2cbbd31b-556e-466a-91e1-7266c65f7f03","local_time":"20190703192312","is_ascension_mode":true,"campfire_choices":[{"data":"Glacier","floor":6.0,"key":"SMITH"},{"floor":8.0,"key":"REST"},{"floor":15.0,"key":"REST"},{"data":"Hello World","floor":23.0,"key":"SMITH"},{"floor":25.0,"key":"REST"},{"floor":32,"key":"REST"},{"floor":40,"key":"REST"},{"floor":42,"key":"REST"},{"floor":49,"key":"REST"}],"neow_cost":"NONE","seed_source_timestamp":0,"circlet_count":0,"master_deck":["Strike_B","Strike_B","Strike_B+1","Defend_B","Defend_B","Defend_B+1","Zap","Dualcast","Hello World+1","Glacier+1","Conserve Battery","Beam Cell","Cold Snap","Redo","Compile Driver","Reprogram","All For One","Beam Cell","Cold Snap","Beam Cell","Rebound","Static Discharge","BootSequence+1","Sunder","Blind+1","Streamline","Biased Cognition","Heatsinks","Streamline+1","Leap+1","Blizzard+1","Compile Driver+1","Apotheosis+1","Coolheaded+1","Double Energy+1"],"special_seed":0,"relics":["Cracked Core","Oddly Smooth Stone","Golden Idol","Ginger","Dream Catcher","Omamori","Busted Crown","Membership Card","DataDisk","Toxic Egg 2","Blood Vial","HandDrill","Fusion Hammer","Potion Belt","Centennial Puzzle","Ice Cream","Kunai","Ornamental Fan"],"potions_floor_usage":[27,33,41,41,48,50,50],"damage_taken":[{"damage":8.0,"enemies":"Small Slimes","floor":1.0,"turns":4.0},{"damage":13.0,"enemies":"Jaw Worm","floor":4.0,"turns":4.0},{"damage":0.0,"enemies":"Cultist","floor":7.0,"turns":4.0},{"damage":0.0,"enemies":"Exordium Thugs","floor":11.0,"turns":5.0},{"damage":0.0,"enemies":"Looter","floor":12.0,"turns":3.0},{"damage":14.0,"enemies":"3 Sentries","floor":13.0,"turns":7.0},{"damage":13.0,"enemies":"Lagavulin","floor":14.0,"turns":6.0},{"damage":7.0,"enemies":"Slime Boss","floor":16.0,"turns":13.0},{"damage":4.0,"enemies":"Chosen","floor":18.0,"turns":5.0},{"damage":14.0,"enemies":"Shell Parasite","floor":20.0,"turns":6.0},{"damage":9.0,"enemies":"Snake Plant","floor":22.0,"turns":6.0},{"damage":6.0,"enemies":"Sentry and Sphere","floor":24.0,"turns":7.0},{"damage":33,"enemies":"Slavers","floor":27,"turns":3},{"damage":0,"enemies":"Cultist and Chosen","floor":31,"turns":5},{"damage":25,"enemies":"Automaton","floor":33,"turns":12},{"damage":0,"enemies":"Orb Walker","floor":35,"turns":4},{"damage":8,"enemies":"3 Shapes","floor":36,"turns":5},{"damage":0,"enemies":"Writhing Mass","floor":38,"turns":7},{"damage":8,"enemies":"Transient","floor":39,"turns":5},{"damage":41,"enemies":"Giant Head","floor":41,"turns":9},{"damage":1,"enemies":"Spire Growth","floor":44,"turns":5},{"damage":0,"enemies":"Reptomancer","floor":46,"turns":5},{"damage":19,"enemies":"Nemesis","floor":48,"turns":7},{"damage":91,"enemies":"Time Eater","floor":50,"turns":10}],"seed_played":"-7484780567928540908","potions_obtained":[{"floor":7.0,"key":"Swift Potion"},{"floor":11.0,"key":"FearPotion"},{"floor":13.0,"key":"GamblersBrew"},{"floor":14.0,"key":"Strength Potion"},{"floor":21.0,"key":"SneckoOil"},{"floor":21.0,"key":"LiquidBronze"},{"floor":22.0,"key":"Explosive Potion"},{"floor":27,"key":"FairyPotion"},{"floor":33,"key":"FearPotion"},{"floor":35,"key":"FearPotion"},{"floor":38,"key":"Swift Potion"},{"floor":48,"key":"Strength Potion"}],"is_trial":false,"path_per_floor":["M","$","?","M","?","R","M","R","T","?","M","M","?","E","R","B",null,"M","$","M","?","M","R","M","R","T","E","T","?","$","M","R","B",null,"M","M","?","M","M","R","E","R","T","M","$","E","?","E","R","B"],"character_chosen":"DEFECT","items_purchased":["Oddly Smooth Stone","Steam","Membership Card","HandDrill","BootSequence+1","Sunder","Blind+1","Apotheosis+1","Coolheaded+1","Weak Potion","FearPotion","Dexterity Potion","Ice Cream"],"campfire_rested":7,"item_purchase_floors":[2,2,19,30,30,30,30,45,45,45,45,45,45],"current_hp_per_floor":[67,67,67,54,43,43,43,65,65,50,50,50,36,23,45,38,75,71,71,57,57,48,48,42,64,64,31,31,31,31,33,55,32,75,75,67,67,69,63,75,34,56,56,57,57,59,59,42,64,0],"gold":232,"neow_bonus":"HUNDRED_GOLD","is_prod":false,"is_daily":false,"chose_seed":false,"campfire_upgraded":2,"win_rate":0,"timestamp":1562174592,"path_taken":["M","$","?","M","?","R","M","R","T","?","M","M","?","E","R","BOSS","M","$","M","?","M","R","?","R","T","E","?","?","?","M","R","BOSS","M","?","?","M","M","R","E","R","T","M","$","E","?","E","R","BOSS"],"build_version":"2019-07-01","purchased_purges":3,"victory":false,"max_hp_per_floor":[75,75,75,75,75,75,75,75,75,75,75,75,75,75,75,75,75,75,75,75,75,75,75,75,75,75,75,75,75,75,75,75,75,75,75,75,75,75,75,75,75,75,75,75,75,75,75,75,75,75],"card_choices":[{"not_picked":["Cold Snap","Beam Cell"],"picked":"Hello World","floor":1.0},{"not_picked":["Hologram","Streamline"],"picked":"Glacier","floor":4.0},{"not_picked":["Skim","Turbo"],"picked":"Conserve Battery","floor":7.0},{"not_picked":["Consume","Reprogram"],"picked":"Beam Cell","floor":11.0},{"not_picked":["Barrage","Conserve Battery"],"picked":"Cold Snap","floor":12.0},{"not_picked":["Reprogram","Barrage"],"picked":"Redo","floor":13.0},{"not_picked":["Aggregate","Chaos"],"picked":"Compile Driver","floor":14.0},{"not_picked":["Conserve Battery","Streamline"],"picked":"Reprogram","floor":15.0},{"not_picked":["Fission","Machine Learning"],"picked":"All For One","floor":16.0},{"not_picked":[],"picked":"Beam Cell","floor":18.0},{"not_picked":[],"picked":"Cold Snap","floor":20.0},{"not_picked":[],"picked":"Beam Cell","floor":22.0},{"not_picked":[],"picked":"Rebound","floor":24.0},{"not_picked":[],"picked":"Static Discharge","floor":27},{"not_picked":[],"picked":"Streamline","floor":31},{"not_picked":[],"picked":"Biased Cognition","floor":33},{"not_picked":["Turbo+1"],"picked":"SKIP","floor":35},{"not_picked":[],"picked":"Heatsinks","floor":36},{"not_picked":["Sweeping Beam"],"picked":"SKIP","floor":38},{"not_picked":[],"picked":"Streamline+1","floor":39},{"not_picked":[],"picked":"Leap+1","floor":40},{"not_picked":[],"picked":"Blizzard+1","floor":41},{"not_picked":[],"picked":"Compile Driver+1","floor":42},{"not_picked":["Sweeping Beam+1"],"picked":"SKIP","floor":44},{"not_picked":["Redo+1"],"picked":"SKIP","floor":46},{"not_picked":["Turbo+1"],"picked":"SKIP","floor":48},{"not_picked":[],"picked":"Double Energy+1","floor":49}],"player_experience":172518,"relics_obtained":[{"floor":9.0,"key":"Ginger"},{"floor":13.0,"key":"Dream Catcher"},{"floor":14.0,"key":"Omamori"},{"floor":26,"key":"DataDisk"},{"floor":27,"key":"Toxic Egg 2"},{"floor":28,"key":"Blood Vial"},{"floor":41,"key":"Potion Belt"},{"floor":43,"key":"Centennial Puzzle"},{"floor":46,"key":"Kunai"},{"floor":48,"key":"Ornamental Fan"}],"event_choices":[{"damage_healed":0.0,"max_hp_gain":0.0,"max_hp_loss":0.0,"gold_gain":0.0,"event_name":"Golden Idol","player_choice":"Take Wound","floor":3.0,"gold_loss":0.0,"damage_taken":0.0,"relics_obtained":["Golden Idol"],"cards_obtained":["Injury"]},{"damage_healed":0.0,"max_hp_gain":0.0,"max_hp_loss":0.0,"gold_gain":75.0,"event_name":"World of Goop","player_choice":"Gather Gold","floor":5.0,"gold_loss":0.0,"damage_taken":11.0},{"damage_healed":0.0,"max_hp_gain":0.0,"max_hp_loss":0.0,"gold_gain":0.0,"event_name":"Shining Light","player_choice":"Entered Light","floor":10.0,"gold_loss":0.0,"damage_taken":15.0,"cards_upgraded":["Defend_B","Strike_B"]},{"damage_healed":0.0,"max_hp_gain":0.0,"max_hp_loss":0.0,"gold_gain":0.0,"event_name":"Dead Adventurer","player_choice":"Searched \u00271\u0027 times","floor":13.0,"gold_loss":0.0,"damage_taken":0.0},{"damage_healed":0.0,"max_hp_gain":0.0,"max_hp_loss":0.0,"gold_gain":0.0,"event_name":"The Woman in Blue","player_choice":"Bought 2 Potions","floor":21.0,"gold_loss":0.0,"damage_taken":0.0},{"damage_healed":0,"gold_gain":99,"player_choice":"Stole From Cult","damage_taken":0,"max_hp_gain":0,"max_hp_loss":0,"event_name":"Nest","floor":29,"gold_loss":0},{"cards_removed":["Steam"],"damage_healed":0,"gold_gain":0,"player_choice":"Removed Skill","damage_taken":0,"max_hp_gain":0,"max_hp_loss":0,"event_name":"Falling","floor":37,"gold_loss":0},{"damage_healed":0,"gold_gain":100,"player_choice":"Pray","damage_taken":0,"max_hp_gain":0,"max_hp_loss":0,"event_name":"Golden Shrine","floor":47,"gold_loss":0}],"is_beta":false,"boss_relics":[{"not_picked":["Empty Cage","Nuclear Battery"],"picked":"Busted Crown"},{"not_picked":["Astrolabe","Orrery"],"picked":"Fusion Hammer"}],"items_purged_floors":[19,30,45],"is_endless":false,"potions_floor_spawned":[7,11,13,14,22,27,33,35,38,48],"killed_by":"Time Eater","ascension_level":2}