{"gold_per_floor":[19,19,19,19,37,37,37,55,55,55,71,101,101,113,113,211,211,230,329,347,29,29,59,59,70,95,95,95,17,31,47,47,149,149,169,169,169,391,444,444,0,19,19,19,52,64,64,81,81,81],"floor_reached":50,"playtime":3289,"items_purged":["Strike_G","Strike_G"],"score":633,"play_id":"f09a7338-ffce-4049-a4a9-98ff4c271be2","local_time":"20180720105757","is_ascension_mode":false,"campfire_choices":[{"data":"Envenom","floor":7,"key":"SMITH"},{"data":"Poisoned Stab","floor":15,"key":"SMITH"},{"data":"Dagger Spray","floor":24,"key":"SMITH"},{"data":"Corpse Explosion","floor":27,"key":"SMITH"},{"floor":32,"key":"REST"},{"data":"Well Laid Plans","floor":40,"key":"SMITH"},{"data":"Poisoned Stab","floor":44,"key":"SMITH"},{"data":"Quick Slash","floor":47,"key":"SMITH"},{"floor":49,"key":"REST"}],"neow_cost":"NO_GOLD","seed_source_timestamp":2053307302437533,"circlet_count":0,"master_deck":["Defend_G","Defend_G+1","Strike_G","Strike_G","Survivor+1","Neutralize","Envenom+1","Cloak And Dagger+1","Poisoned Stab+1","Corpse Explosion+1","Dagger Spray+1","Slice+1","Backstab","Cloak And Dagger+1","Blur+1","Well Laid Plans+1","Poisoned Stab+1","Escape Plan+1","Bandage Up+1","Poisoned Stab+1","Quick Slash+1","Blade Dance+1","Cloak And Dagger+1"],"relics":["Ring of the Snake","Blood Vial","Strawberry","Bag of Marbles","WristBlade","Mercury Hourglass","Toxic Egg 2","Red Mask","War Paint","Sozu","Incense Burner","Sundial","Bronze Scales","OrangePellets","Mummified Hand","Question Card"],"potions_floor_usage":[11,11,30,33,39,50],"damage_taken":[{"damage":0,"enemies":"Small Slimes","floor":1,"turns":4},{"damage":0,"enemies":"Jaw Worm","floor":5,"turns":4},{"damage":5,"enemies":"2 Louse","floor":8,"turns":3},{"damage":0,"enemies":"Large Slime","floor":11,"turns":2},{"damage":8,"enemies":"3 Louse","floor":14,"turns":2},{"damage":41,"enemies":"Slime Boss","floor":16,"turns":11},{"damage":0,"enemies":"3 Byrds","floor":18,"turns":4},{"damage":4,"enemies":"Chosen","floor":20,"turns":3},{"damage":0,"floor":23,"turns":2},{"damage":1,"enemies":"Centurion and Healer","floor":25,"turns":2},{"damage":3,"enemies":"Snake Plant","floor":30,"turns":3},{"damage":0,"enemies":"3 Cultists","floor":31,"turns":2},{"damage":45,"enemies":"Automaton","floor":33,"turns":7},{"damage":0,"enemies":"Flame Bruiser 1 Orb","floor":35,"turns":4},{"damage":4,"floor":37,"turns":6},{"damage":5,"floor":39,"turns":3},{"damage":0,"enemies":"3 Darklings","floor":42,"turns":4},{"damage":4,"enemies":"Nemesis","floor":45,"turns":5},{"damage":8,"enemies":"Spire Growth","floor":46,"turns":4},{"damage":5,"enemies":"4 Shapes","floor":48,"turns":2},{"damage":103,"enemies":"Time Eater","floor":50,"turns":10}],"seed_played":"4569818229622689664","potions_obtained":[{"floor":5,"key":"Fire Potion"},{"floor":8,"key":"Fire Potion"},{"floor":16,"key":"Poison Potion"},{"floor":25,"key":"Block Potion"},{"floor":30,"key":"SpeedPotion"},{"floor":31,"key":"Swift Potion"}],"is_trial":false,"path_per_floor":["M","?","T","?","M","?","R","M","T","$","M","?","?","M","R","B",null,"M","?","M","$","T","?","R","M","T","R","?","$","M","M","R","B",null,"M","?","?","?","?","R","$","M","T","R","E","M","R","M","R"],"character_chosen":"THE_SILENT","items_purchased":["Mercury Hourglass","Blur+1","Bronze Scales","OrangePellets"],"campfire_rested":2,"item_purchase_floors":[21,29,41,41],"current_hp_per_floor":[70,70,70,63,65,65,65,62,69,69,71,71,71,65,65,26,77,77,77,73,73,73,75,75,76,76,76,62,62,61,63,82,37,82,82,82,81,81,77,77,77,82,82,82,82,74,74,71,82,0],"gold":81,"neow_bonus":"REMOVE_TWO","is_prod":false,"is_daily":false,"chose_seed":false,"campfire_upgraded":7,"win_rate":0,"timestamp":1532102277,"path_taken":["M","?","?","?","M","?","R","?","T","$","M","?","?","M","R","BOSS","M","?","M","$","?","?","R","M","T","R","?","$","?","M","R","BOSS","M","?","?","?","?","R","$","M","T","R","E","?","R","M","R","BOSS"],"build_version":"2018-07-19v2","purchased_purges":2,"victory":false,"max_hp_per_floor":[70,70,70,70,70,70,70,70,77,77,77,77,77,77,77,77,77,77,77,77,77,77,77,77,77,77,77,82,82,82,82,82,82,82,82,82,82,82,82,82,82,82,82,82,82,82,82,82,82,82],"card_choices":[{"not_picked":["Outmaneuver","Sucker Punch","Calculated Gamble"],"picked":"SKIP","floor":1},{"not_picked":["Dagger Spray","Endless Agony"],"picked":"Envenom","floor":5},{"not_picked":["Deflect","Finisher"],"picked":"Cloak And Dagger","floor":8},{"not_picked":["Underhanded Strike","Deflect"],"picked":"Poisoned Stab","floor":11},{"not_picked":["Quick Slash","Footwork"],"picked":"Corpse Explosion","floor":14},{"not_picked":["Poisoned Stab","Sucker Punch"],"picked":"Dagger Spray","floor":18},{"not_picked":["Eviscerate","Expertise"],"picked":"Slice+1","floor":20},{"not_picked":["Sucker Punch","Accuracy"],"picked":"Backstab","floor":23},{"not_picked":["Infinite Blades","Riddle With Holes+1"],"picked":"Cloak And Dagger+1","floor":25},{"not_picked":["Riddle With Holes","Deadly Poison+1"],"picked":"Well Laid Plans","floor":30},{"not_picked":["Crippling Poison+1","Deadly Poison+1"],"picked":"Poisoned Stab","floor":31},{"not_picked":["Footwork+1","Eviscerate+1"],"picked":"Escape Plan+1","floor":35},{"not_picked":["Secret Technique+1","Jack Of All Trades+1"],"picked":"Bandage Up+1","floor":36},{"not_picked":["Choke","Heel Hook"],"picked":"Poisoned Stab+1","floor":37},{"not_picked":["Riddle With Holes+1","Dagger Throw"],"picked":"Quick Slash","floor":39},{"not_picked":["Distraction+1","Flying Knee+1","Dash"],"picked":"SKIP","floor":42},{"not_picked":["Slice","PiercingWail+1"],"picked":"Blade Dance+1","floor":45},{"not_picked":["Skewer+1","Backflip+1","Terror+1","Riddle With Holes"],"picked":"SKIP","floor":46},{"not_picked":["Backstab","All Out Attack+1","Choke"],"picked":"Cloak And Dagger+1","floor":48}],"player_experience":244801,"relics_obtained":[{"floor":3,"key":"Blood Vial"},{"floor":9,"key":"Strawberry"},{"floor":22,"key":"Toxic Egg 2"},{"floor":23,"key":"Red Mask"},{"floor":26,"key":"War Paint"},{"floor":37,"key":"Incense Burner"},{"floor":39,"key":"Sundial"},{"floor":43,"key":"Mummified Hand"},{"floor":45,"key":"Question Card"}],"event_choices":[{"event_name":"Living Wall","player_choice":"Forget","floor":2,"damage_taken":0},{"event_name":"Golden Wing","player_choice":"Card Removal","floor":4,"damage_taken":0},{"event_name":"The Cleric","player_choice":"Leave","floor":6,"damage_taken":0},{"event_name":"Dead Adventurer","player_choice":"Searched \u00273\u0027 times","floor":12,"damage_taken":0},{"event_name":"Upgrade Shrine","player_choice":"Upgraded","floor":13,"damage_taken":0},{"event_name":"Nest","player_choice":"Stole From Cult","floor":19,"damage_taken":0},{"event_name":"Masked Bandits","player_choice":"Fought over 29 gold","floor":23,"damage_taken":0},{"event_name":"Forgotten Altar","player_choice":"Shed Blood","floor":28,"damage_taken":0},{"event_name":"SensoryStone","player_choice":"Memory 1","floor":36,"damage_taken":0},{"event_name":"MindBloom","player_choice":"Fight","floor":37,"damage_taken":0},{"event_name":"Tomb of Lord Red Mask","player_choice":"Wore Mask","floor":38,"damage_taken":0},{"event_name":"Mysterious Sphere","player_choice":"Fight","floor":39,"damage_taken":0}],"is_beta":false,"boss_relics":[{"not_picked":["Lizard Tail","Ring of the Serpent"],"picked":"WristBlade"},{"not_picked":["Calling Bell","Velvet Choker"],"picked":"Sozu"}],"items_purged_floors":[21,41],"is_endless":false,"potions_floor_spawned":[5,8,16,25,30,31,39,42],"killed_by":"Time Eater","ascension_level":0}