{"gold_per_floor":[111,111,135,135,150,185,185,223,223,223,88,107,107,126,126,126],"floor_reached":16,"playtime":835,"items_purged":[],"score":176,"play_id":"322303da-3903-4aba-bc5c-b9f981945908","local_time":"20180928224327","is_ascension_mode":true,"campfire_choices":[{"data":"Searing Blow+1","floor":7.0,"key":"SMITH"},{"floor":15.0,"key":"REST"}],"neow_cost":"NONE","seed_source_timestamp":0,"circlet_count":0,"master_deck":["Strike_R","Strike_R","Strike_R","Strike_R","Strike_R","Defend_R","Defend_R","Defend_R","Defend_R","Bash","AscendersBane","Feed+1","Armaments","Searing Blow+2","Rampage+1","Twin Strike+1","Flash of Steel","Shrug It Off+1","Headbutt"],"special_seed":0,"relics":["Burning Blood","Golden Idol","Pen Nib","Toxic Egg 2","Lantern"],"potions_floor_usage":[],"damage_taken":[{"damage":11.0,"enemies":"Jaw Worm","floor":1.0,"turns":4.0},{"damage":0.0,"enemies":"Small Slimes","floor":3.0,"turns":3.0},{"damage":2.0,"enemies":"2 Louse","floor":5.0,"turns":3.0},{"damage":25.0,"enemies":"3 Sentries","floor":6.0,"turns":7.0},{"damage":34.0,"enemies":"Gremlin Nob","floor":8.0,"turns":5.0},{"damage":0.0,"enemies":"Red Slaver","floor":12.0,"turns":1.0},{"damage":20.0,"enemies":"Gremlin Gang","floor":14.0,"turns":5.0},{"damage":36,"enemies":"Slime Boss","floor":16,"turns":5}],"seed_played":"3240282872711391405","potions_obtained":[{"floor":1.0,"key":"GamblersBrew"},{"floor":5.0,"key":"Explosive Potion"}],"is_trial":false,"path_per_floor":["M","?","M","?","M","E","R","E","T","?","$","M","?","M","R"],"character_chosen":"IRONCLAD","items_purchased":["Flash of Steel","Shrug It Off+1"],"campfire_rested":1,"item_purchase_floors":[11,11],"current_hp_per_floor":[70,70,79,79,80,64,64,36,36,36,36,42,25,15,41,5],"gold":126,"neow_bonus":"ONE_RANDOM_RARE_CARD","is_prod":false,"is_daily":false,"chose_seed":false,"campfire_upgraded":1,"win_rate":0,"timestamp":1538192607,"path_taken":["M","?","M","?","M","E","R","E","T","?","?","M","?","M","R","BOSS"],"build_version":"2018-09-27","purchased_purges":0,"victory":false,"max_hp_per_floor":[83,77,80,80,80,83,83,83,83,83,83,83,83,87,87,87],"card_choices":[{"not_picked":["Reckless Charge","Wild Strike"],"picked":"Armaments","floor":1.0},{"not_picked":["Seeing Red","Warcry"],"picked":"Searing Blow","floor":3.0},{"not_picked":["Heavy Blade","Clash"],"picked":"Rampage","floor":5.0},{"not_picked":["Corruption","Brutality","Intimidate"],"picked":"SKIP","floor":6.0},{"not_picked":["True Grit","Whirlwind"],"picked":"Twin Strike","floor":8.0},{"not_picked":["Corruption","Thunderclap"],"picked":"Headbutt","floor":12.0},{"not_picked":["Clash","Disarm+1","Second Wind+1"],"picked":"SKIP","floor":14.0}],"player_experience":664994,"relics_obtained":[{"floor":6.0,"key":"Pen Nib"},{"floor":8.0,"key":"Toxic Egg 2"},{"floor":9.0,"key":"Lantern"}],"event_choices":[{"event_name":"Golden Idol","player_choice":"Lose Max HP","floor":2.0,"damage_taken":0.0},{"event_name":"Upgrade Shrine","player_choice":"Upgraded","floor":4.0,"damage_taken":0.0},{"event_name":"Living Wall","player_choice":"Grow","floor":10.0,"damage_taken":0.0},{"event_name":"Shining Light","player_choice":"Entered Light","floor":13.0,"damage_taken":0.0}],"is_beta":false,"boss_relics":[],"items_purged_floors":[],"is_endless":false,"potions_floor_spawned":[1,5],"killed_by":"Slime Boss","ascension_level":12}