{"gold_per_floor":[217,231,243,26,26,26,55,55,55,55,71,86,114,140,140,242,242,255,49,49,61,77,77,93,93,93,118,118,131,162,15,15,116,116,136,136,150,169,221,221,221,253,310,324,45,45,45],"floor_reached":47,"playtime":3628,"items_purged":["Defend_R","Rupture","Strike_R"],"score":604,"play_id":"092576f0-888a-4f04-8c12-5bf7c50ecabc","local_time":"20181026184851","is_ascension_mode":true,"campfire_choices":[{"data":"Dramatic Entrance","floor":6,"key":"SMITH"},{"floor":8,"key":"REST"},{"data":"Flame Barrier","floor":10,"key":"SMITH"},{"data":"Inflame","floor":15,"key":"SMITH"},{"floor":23,"key":"REST"},{"floor":25,"key":"REST"},{"floor":32,"key":"REST"},{"floor":40,"key":"REST"},{"floor":46,"key":"REST"}],"neow_cost":"NONE","seed_source_timestamp":189032132133433,"circlet_count":0,"master_deck":["Strike_R","Strike_R","Strike_R","Defend_R","Defend_R","Defend_R","Bash","Iron Wave","Inflame+1","Power Through","Dramatic Entrance+1","Flame Barrier+1","Twin Strike","Shrug It Off","Pummel","Limit Break","Shockwave+1","Cleave","Warcry","Shrug It Off","Flex","Impervious","Flex","Flash of Steel","Thunderclap+1","Combust+1","Pommel Strike+1","Limit Break","Feed"],"relics":["Black Blood","PreservedInsect","Darkstone Periapt","Ice Cream","Odd Mushroom","Black Star","Strange Spoon","Question Card","Happy Flower","Centennial Puzzle","Blue Candle","Meat on the Bone","Bird Faced Urn","Gremlin Horn","Kunai","Tiny Chest"],"potions_floor_usage":[7,13,16,21,22,29,33,33,39,39,39,47],"damage_taken":[{"damage":8,"enemies":"Small Slimes","floor":1,"turns":4},{"damage":1,"enemies":"Cultist","floor":2,"turns":3},{"damage":4,"enemies":"2 Louse","floor":3,"turns":3},{"damage":39,"enemies":"Lagavulin","floor":7,"turns":7},{"damage":1,"enemies":"Looter","floor":11,"turns":5},{"damage":0,"enemies":"2 Fungi Beasts","floor":12,"turns":4},{"damage":11,"enemies":"3 Sentries","floor":13,"turns":4},{"damage":9,"enemies":"The Mushroom Lair","floor":14,"turns":4},{"damage":33,"enemies":"Slime Boss","floor":16,"turns":14},{"damage":2,"enemies":"Chosen","floor":18,"turns":6},{"damage":19,"enemies":"2 Thieves","floor":21,"turns":3},{"damage":19,"enemies":"Snake Plant","floor":22,"turns":4},{"damage":39,"enemies":"Snecko","floor":24,"turns":6},{"damage":21,"enemies":"Gremlin Leader","floor":27,"turns":5},{"damage":17,"enemies":"Centurion and Healer","floor":29,"turns":5},{"damage":55,"enemies":"Book of Stabbing","floor":30,"turns":6},{"damage":36,"enemies":"Collector","floor":33,"turns":7},{"damage":13,"enemies":"Orb Walker","floor":35,"turns":4},{"damage":38,"enemies":"3 Darklings","floor":37,"turns":5},{"damage":15,"enemies":"Maw","floor":38,"turns":8},{"damage":27,"enemies":"2 Orb Walkers","floor":39,"turns":4},{"damage":44,"enemies":"Reptomancer","floor":42,"turns":7},{"damage":44,"enemies":"4 Shapes","floor":44,"turns":9},{"damage":74,"enemies":"Writhing Mass","floor":47,"turns":5}],"seed_played":"851877921228685576","potions_obtained":[{"floor":2,"key":"Ancient Potion"},{"floor":7,"key":"GamblersBrew"},{"floor":11,"key":"LiquidBronze"},{"floor":14,"key":"FearPotion"},{"floor":16,"key":"Ancient Potion"},{"floor":18,"key":"AttackPotion"},{"floor":24,"key":"Energy Potion"},{"floor":30,"key":"Ancient Potion"},{"floor":33,"key":"SteroidPotion"},{"floor":37,"key":"Energy Potion"},{"floor":38,"key":"FearPotion"},{"floor":44,"key":"Regen Potion"}],"is_trial":false,"path_per_floor":["M","M","M","$","?","R","E","R","T","R","M","M","E","?","R","B",null,"M","$","?","M","M","R","M","R","T","E","?","M","E","$","R","B",null,"M","?","M","M","?","R","?","E","T","M","$","R"],"character_chosen":"IRONCLAD","items_purchased":["Dramatic Entrance","Strength Potion","Strange Spoon","Flex","Feed"],"campfire_rested":6,"item_purchase_floors":[4,4,19,31,45],"current_hp_per_floor":[78,80,80,80,80,80,47,71,71,71,76,80,75,72,72,45,80,80,80,80,67,54,78,45,69,69,54,80,69,20,20,44,26,80,77,77,61,56,51,75,75,55,55,33,33,57,0],"gold":45,"neow_bonus":"HUNDRED_GOLD","is_prod":false,"is_daily":false,"chose_seed":false,"campfire_upgraded":3,"win_rate":0,"timestamp":1540604931,"path_taken":["M","M","M","$","?","R","E","R","T","R","M","M","E","?","R","BOSS","M","$","?","M","M","R","M","R","T","E","?","?","E","?","R","BOSS","M","?","M","M","?","R","?","E","T","?","?","R","M"],"build_version":"2018-10-25v2","purchased_purges":3,"victory":false,"max_hp_per_floor":[80,80,80,80,80,80,80,80,80,80,80,80,80,80,80,80,80,80,80,80,80,80,80,80,80,80,80,80,80,80,80,80,80,80,80,80,80,80,80,80,80,80,80,80,80,80,80],"card_choices":[{"not_picked":["Twin Strike","Clash"],"picked":"Iron Wave","floor":1},{"not_picked":["Clash","Warcry"],"picked":"Inflame","floor":2},{"not_picked":["Pommel Strike","Reckless Charge"],"picked":"Power Through","floor":3},{"not_picked":["Anger","Hemokinesis"],"picked":"Flame Barrier","floor":7},{"not_picked":["Clash","Fiend Fire"],"picked":"Twin Strike","floor":11},{"not_picked":["True Grit","Evolve"],"picked":"Shrug It Off","floor":12},{"not_picked":["Barricade","Metallicize","Armaments"],"picked":"SKIP","floor":13},{"not_picked":["Havoc","Reckless Charge"],"picked":"Pummel","floor":14},{"not_picked":["Berserk","Reaper"],"picked":"Limit Break","floor":16},{"not_picked":["Searing Blow+1","Power Through+1"],"picked":"Shockwave+1","floor":18},{"not_picked":["Metallicize","Body Slam"],"picked":"Cleave","floor":21},{"not_picked":["Body Slam","Sever Soul"],"picked":"Warcry","floor":22},{"not_picked":["Headbutt","Rupture+1","Perfected Strike"],"picked":"SKIP","floor":24},{"not_picked":["Perfected Strike","Sentinel","Body Slam","Shrug It Off"],"picked":"SKIP","floor":27},{"not_picked":["Blood for Blood","Clothesline","Perfected Strike+1","Iron Wave"],"picked":"SKIP","floor":29},{"not_picked":["Feel No Pain+1","Headbutt","Clash"],"picked":"Shrug It Off","floor":30},{"not_picked":["Bludgeon","Barricade","Double Tap"],"picked":"Impervious","floor":33},{"not_picked":["True Grit+1","Havoc","Twin Strike+1"],"picked":"Flex","floor":35},{"not_picked":["Forethought","Transmutation","Good Instincts"],"picked":"Flash of Steel","floor":36},{"not_picked":["Entrench","Inflame","Cleave+1"],"picked":"Thunderclap+1","floor":37},{"not_picked":["Metallicize+1","Warcry","Body Slam"],"picked":"Combust+1","floor":38},{"not_picked":["Rampage","Perfected Strike","Havoc"],"picked":"Pommel Strike+1","floor":39},{"not_picked":["Body Slam+1","Dual Wield","Immolate"],"picked":"Limit Break","floor":42},{"not_picked":["Corruption","Reckless Charge+1","Body Slam","Cleave+1"],"picked":"SKIP","floor":44}],"player_experience":455395,"relics_obtained":[{"floor":7,"key":"PreservedInsect"},{"floor":9,"key":"Darkstone Periapt"},{"floor":13,"key":"Ice Cream"},{"floor":14,"key":"Odd Mushroom"},{"floor":26,"key":"Question Card"},{"floor":27,"key":"Happy Flower"},{"floor":27,"key":"Centennial Puzzle"},{"floor":30,"key":"Blue Candle"},{"floor":30,"key":"Meat on the Bone"},{"floor":39,"key":"Bird Faced Urn"},{"floor":42,"key":"Gremlin Horn"},{"floor":42,"key":"Kunai"},{"floor":43,"key":"Tiny Chest"}],"event_choices":[{"damage_healed":0,"gold_gain":0,"cards_transformed":["Strike_R"],"player_choice":"Transformed","damage_taken":0,"max_hp_gain":0,"max_hp_loss":0,"event_name":"Transmorgrifier","floor":5,"gold_loss":0,"cards_obtained":["Rupture"]},{"damage_healed":0,"gold_gain":0,"player_choice":"Fought Mushrooms","damage_taken":0,"max_hp_gain":0,"max_hp_loss":0,"event_name":"Mushrooms","floor":14,"gold_loss":0},{"damage_healed":0,"gold_gain":0,"player_choice":"Ignored","damage_taken":0,"max_hp_gain":0,"max_hp_loss":0,"event_name":"Vampires","floor":20,"gold_loss":0},{"damage_healed":26,"gold_gain":0,"player_choice":"Full Heal","damage_taken":0,"max_hp_gain":0,"max_hp_loss":0,"event_name":"Wheel of Change","floor":28,"gold_loss":0},{"damage_healed":0,"gold_gain":0,"player_choice":"Memory 1","damage_taken":0,"max_hp_gain":0,"max_hp_loss":0,"event_name":"SensoryStone","floor":36,"gold_loss":0},{"damage_healed":0,"gold_gain":0,"player_choice":"Fight","damage_taken":0,"max_hp_gain":0,"max_hp_loss":0,"event_name":"Mysterious Sphere","floor":39,"gold_loss":0},{"damage_healed":0,"gold_gain":0,"player_choice":"Ignored","damage_taken":0,"max_hp_gain":0,"max_hp_loss":0,"event_name":"Tomb of Lord Red Mask","floor":41,"gold_loss":0}],"is_beta":false,"boss_relics":[{"not_picked":["Orrery","Mark of Pain"],"picked":"Black Star"},{"not_picked":["Tiny House","Eternal Feather"],"picked":"Black Blood"}],"items_purged_floors":[4,31,45],"is_endless":false,"potions_floor_spawned":[2,7,11,14,16,18,24,30,33,37,38,44],"killed_by":"Writhing Mass","ascension_level":4}