{"gold_per_floor":[117,392,73,23,42,52,81,93,119,119,132,132,148,3,3,98,98,116,135,135,185,110,110,139,68,95,114,174,174,190,208,208,208],"floor_reached":33,"playtime":2854,"items_purged":["Regret","Strike_G"],"score":431,"play_id":"3d633227-e31e-47d1-afde-377a9d7b0000","local_time":"20181028213025","is_ascension_mode":true,"campfire_choices":[{"data":"Sucker Punch","floor":10,"key":"SMITH"},{"floor":12,"key":"REST"},{"floor":15,"key":"REST"},{"floor":23,"key":"REST"},{"data":"Dagger Spray","floor":29,"key":"SMITH"},{"floor":32,"key":"REST"}],"neow_cost":"NONE","seed_source_timestamp":966562930205889,"circlet_count":0,"master_deck":["Defend_G","Defend_G","Defend_G","Defend_G","Defend_G","Strike_G","Strike_G+1","Survivor","Neutralize+1","AscendersBane","Phantasmal Killer","Backflip","Dagger Spray","Cloak And Dagger","Slice","Sucker Punch+1","Backstab","Adrenaline","Deflect","Burst","Backstab","Dagger Spray+1","Heel Hook+1","Escape Plan","Quick Slash","Backflip","Heel Hook","Infinite Blades+1"],"relics":["Ring of the Snake","Paper Crane","Bronze Scales","Whetstone","Sozu","MutagenicStrength","Potion Belt","Vajra","Tiny Chest"],"potions_floor_usage":[8,16,19,19],"damage_taken":[{"damage":1,"enemies":"Cultist","floor":1,"turns":4},{"damage":2,"enemies":"Jaw Worm","floor":5,"turns":4},{"damage":0,"enemies":"Small Slimes","floor":6,"turns":3},{"damage":23,"enemies":"3 Sentries","floor":7,"turns":9},{"damage":0,"enemies":"Red Slaver","floor":8,"turns":5},{"damage":3,"enemies":"Exordium Wildlife","floor":11,"turns":4},{"damage":0,"enemies":"Large Slime","floor":13,"turns":5},{"damage":13,"enemies":"Hexaghost","floor":16,"turns":12},{"damage":1,"enemies":"Spheric Guardian","floor":18,"turns":3},{"damage":17,"enemies":"2 Thieves","floor":19,"turns":3},{"damage":13,"enemies":"Gremlin Leader","floor":24,"turns":7},{"damage":6,"enemies":"Centurion and Healer","floor":27,"turns":3},{"damage":6,"enemies":"Slavers","floor":28,"turns":5},{"damage":12,"enemies":"Snake Plant","floor":30,"turns":4},{"damage":1,"enemies":"Snecko","floor":31,"turns":3},{"damage":58,"enemies":"Champ","floor":33,"turns":10}],"seed_played":"7950267419031428249","potions_obtained":[{"floor":7,"key":"Block Potion"},{"floor":8,"key":"SkillPotion"},{"floor":13,"key":"Swift Potion"},{"floor":16,"key":"Fruit Juice"}],"is_trial":false,"path_per_floor":["M","?","$","?","M","M","E","M","T","R","M","R","M","$","R","B",null,"M","M","?","?","?","R","E","$","T","M","E","R","M","M","R"],"character_chosen":"THE_SILENT","items_purchased":["Paper Crane","Deflect","Escape Plan"],"campfire_rested":4,"item_purchase_floors":[3,14,25],"current_hp_per_floor":[62,62,62,62,60,60,37,37,37,37,34,55,55,55,70,57,67,66,54,54,54,54,75,62,62,62,56,50,50,38,37,59,1],"gold":208,"neow_bonus":"ONE_RANDOM_RARE_CARD","is_prod":false,"is_daily":false,"chose_seed":false,"campfire_upgraded":2,"win_rate":0,"timestamp":1540780225,"path_taken":["M","?","$","?","?","M","E","M","T","R","M","R","M","$","R","BOSS","M","M","?","?","?","R","E","$","T","?","E","R","?","M","R","BOSS"],"build_version":"2018-10-25v2","purchased_purges":2,"victory":false,"max_hp_per_floor":[70,70,70,70,70,70,70,70,70,70,70,70,70,70,70,70,70,70,75,75,75,75,75,75,75,75,75,75,75,75,75,75,75],"card_choices":[{"not_picked":["Underhanded Strike","PiercingWail"],"picked":"Backflip","floor":1},{"not_picked":["Cloak And Dagger","Distraction"],"picked":"Dagger Spray","floor":5},{"not_picked":["All Out Attack","Choke"],"picked":"Cloak And Dagger","floor":6},{"not_picked":["Noxious Fumes","Prepared"],"picked":"Slice","floor":7},{"not_picked":["Underhanded Strike","Masterful Stab"],"picked":"Sucker Punch","floor":8},{"not_picked":["Bouncing Flask","Slice"],"picked":"Backstab","floor":11},{"not_picked":["Crippling Poison","Choke"],"picked":"Adrenaline","floor":13},{"not_picked":["Phantasmal Killer","Die Die Die"],"picked":"Burst","floor":16},{"not_picked":["Dagger Throw","Slice"],"picked":"Backstab","floor":18},{"not_picked":["PiercingWail","Catalyst"],"picked":"Dagger Spray","floor":19},{"not_picked":["Setup","Flechettes"],"picked":"Heel Hook+1","floor":24},{"not_picked":["Choke","Heel Hook"],"picked":"Quick Slash","floor":27},{"not_picked":["Expertise","Flying Knee"],"picked":"Backflip","floor":28},{"not_picked":["Flying Knee","Poisoned Stab"],"picked":"Heel Hook","floor":30},{"not_picked":["Bane","Tools of the Trade"],"picked":"Infinite Blades+1","floor":31}],"player_experience":888740,"relics_obtained":[{"floor":7,"key":"Bronze Scales"},{"floor":9,"key":"Whetstone"},{"floor":24,"key":"Potion Belt"},{"floor":26,"key":"Vajra"},{"floor":28,"key":"Tiny Chest"}],"event_choices":[{"damage_healed":0,"gold_gain":275,"player_choice":"Desecrate","damage_taken":0,"max_hp_gain":0,"max_hp_loss":0,"event_name":"Golden Shrine","floor":2,"gold_loss":0,"cards_obtained":["Regret"]},{"cards_removed":["Strike_G"],"damage_healed":0,"gold_gain":0,"player_choice":"Card Removal","damage_taken":0,"max_hp_gain":0,"max_hp_loss":0,"event_name":"The Cleric","floor":4,"gold_loss":50},{"damage_healed":0,"gold_gain":0,"player_choice":"Inject Mutagens","damage_taken":0,"relics_obtained":["MutagenicStrength"],"max_hp_gain":0,"max_hp_loss":0,"event_name":"Drug Dealer","floor":20,"gold_loss":0},{"damage_healed":0,"gold_gain":100,"player_choice":"Bet on Murderer","damage_taken":0,"max_hp_gain":0,"max_hp_loss":0,"event_name":"The Joust","floor":21,"gold_loss":50},{"cards_removed":["Strike_G"],"damage_healed":0,"gold_gain":0,"player_choice":"Gave Gold","damage_taken":0,"max_hp_gain":0,"max_hp_loss":0,"event_name":"Beggar","floor":22,"gold_loss":75}],"is_beta":false,"boss_relics":[{"not_picked":["Lizard Tail","Fusion Hammer"],"picked":"Sozu"}],"items_purged_floors":[3,14],"is_endless":false,"potions_floor_spawned":[7,8,13,16,19,24,31],"killed_by":"Champ","ascension_level":10}