{"gold_per_floor":[117,117,42,56,76,76,111,111,136,156,213,247,267,299,299,395,395,360,376,31,42,52,83,96,96,148,175,193,193,29,29,29,124,124,137,148,161,177,196,225,225,225,225,259,259,259,259,259],"floor_reached":48,"playtime":5477,"items_purged":["Decay"],"score":602,"play_id":"c21587ab-1961-407b-9d27-9b9cd3d83142","local_time":"20190626015604","is_ascension_mode":false,"campfire_choices":[{"data":"Tactician","floor":6.0,"key":"SMITH"},{"floor":8.0,"key":"REST"},{"floor":15.0,"key":"REST"},{"floor":25.0,"key":"REST"},{"floor":32.0,"key":"REST"},{"floor":41,"key":"REST"}],"neow_cost":"CURSE","seed_source_timestamp":0,"circlet_count":0,"master_deck":["Defend_G","Defend_G","Defend_G","Defend_G","Defend_G","Strike_G","Strike_G","Strike_G","Strike_G","Survivor","Neutralize","Slice","Tactician+1","Slice+1","Blade Dance","Prepared","Finisher","Setup","Cloak And Dagger","Backflip","Unload+1","Underhanded Strike+1","Quick Slash","Impatience","Outmaneuver","Cloak And Dagger","Dash","All Out Attack+1","Footwork","Backstab","Die Die Die","Tools of the Trade","Infinite Blades+1","Quick Slash+1","Underhanded Strike+1","All Out Attack+1","Cloak And Dagger","Masterful Stab","Madness","Madness","Endless Agony","Metamorphosis"],"special_seed":0,"relics":["Ring of the Serpent","Ice Cream","Orichalcum","Bag of Preparation","Strawberry","Bag of Marbles","Kunai","Gremlin Horn","Meat on the Bone","Whetstone","Incense Burner","Pear","WristBlade","Omamori","Du-Vu Doll","Juzu Bracelet"],"potions_floor_usage":[33,36,44,44],"damage_taken":[{"damage":2.0,"enemies":"Cultist","floor":1.0,"turns":5.0},{"damage":0.0,"enemies":"Small Slimes","floor":4.0,"turns":4.0},{"damage":1.0,"enemies":"2 Louse","floor":5.0,"turns":2.0},{"damage":20.0,"enemies":"3 Sentries","floor":7.0,"turns":13.0},{"damage":0.0,"enemies":"Large Slime","floor":10.0,"turns":6.0},{"damage":35.0,"enemies":"Lagavulin Event","floor":11.0,"turns":8.0},{"damage":13.0,"enemies":"Lagavulin","floor":12.0,"turns":5.0},{"damage":0.0,"enemies":"Looter","floor":13.0,"turns":1.0},{"damage":3.0,"enemies":"3 Sentries","floor":14.0,"turns":7.0},{"damage":46.0,"enemies":"Slime Boss","floor":16.0,"turns":19.0},{"damage":2.0,"enemies":"2 Thieves","floor":18.0,"turns":5.0},{"damage":12.0,"enemies":"Shell Parasite","floor":19.0,"turns":5.0},{"damage":0.0,"enemies":"Chosen and Byrds","floor":21.0,"turns":4.0},{"damage":30.0,"enemies":"Snake Plant","floor":22.0,"turns":6.0},{"damage":18.0,"enemies":"Slavers","floor":23.0,"turns":7.0},{"damage":0.0,"enemies":"Snecko","floor":24.0,"turns":5.0},{"damage":33.0,"enemies":"Book of Stabbing","floor":27.0,"turns":6.0},{"damage":8.0,"enemies":"Centurion and Healer","floor":28.0,"turns":7.0},{"damage":31,"enemies":"Champ","floor":33,"turns":24},{"damage":5,"enemies":"Orb Walker","floor":35,"turns":2},{"damage":1,"enemies":"3 Darklings","floor":36,"turns":2},{"damage":3,"enemies":"Jaw Worm Horde","floor":37,"turns":3},{"damage":5,"enemies":"Sphere and 2 Shapes","floor":38,"turns":4},{"damage":39,"enemies":"Maw","floor":39,"turns":8},{"damage":16,"enemies":"Reptomancer","floor":40,"turns":4},{"damage":38,"enemies":"Nemesis","floor":44,"turns":7},{"damage":54,"enemies":"Giant Head","floor":48,"turns":7}],"seed_played":"5891869232884802995","potions_obtained":[{"floor":5.0,"key":"Strength Potion"},{"floor":10.0,"key":"AttackPotion"},{"floor":12.0,"key":"Explosive Potion"},{"floor":13.0,"key":"SpeedPotion"},{"floor":14.0,"key":"GamblersBrew"},{"floor":19.0,"key":"Regen Potion"},{"floor":21.0,"key":"SteroidPotion"},{"floor":22.0,"key":"EssenceOfSteel"},{"floor":24.0,"key":"Fire Potion"},{"floor":33,"key":"GamblersBrew"},{"floor":35,"key":"SkillPotion"},{"floor":38,"key":"Energy Potion"},{"floor":40,"key":"SteroidPotion"}],"is_trial":false,"path_per_floor":["M","?","$","M","M","R","E","R","T","M","?","E","M","E","R","B",null,"M","M","$","M","M","E","M","R","T","E","M","?","$","?","R","B",null,"M","M","M","M","M","E","R","?","T","E","?","?","?","E"],"character_chosen":"THE_SILENT","items_purchased":["Gremlin Horn","Impatience","Die Die Die"],"campfire_rested":5,"item_purchase_floors":[20,20,30],"current_hp_per_floor":[68,68,68,68,67,67,47,68,68,68,40,27,27,24,47,1,77,75,63,63,63,33,15,27,50,50,29,33,19,19,29,56,46,92,87,86,83,78,51,47,74,62,62,36,36,36,36,0],"gold":259,"neow_bonus":"ONE_RARE_RELIC","is_prod":false,"is_daily":false,"chose_seed":false,"campfire_upgraded":1,"win_rate":0,"timestamp":1561485364,"path_taken":["M","?","$","M","M","R","E","R","T","M","?","E","M","E","R","BOSS","M","M","$","M","M","E","M","R","T","E","M","?","$","?","R","BOSS","M","M","M","M","M","E","R","?","T","E","?","?","?","E"],"build_version":"2019-01-23","purchased_purges":1,"victory":false,"max_hp_per_floor":[70,70,70,70,70,70,70,70,70,70,77,77,77,77,77,77,77,77,77,77,77,77,77,77,77,77,77,77,82,82,92,92,92,92,92,92,92,92,92,92,92,92,92,92,92,92,92,92],"card_choices":[{"not_picked":["Deadly Poison","Backflip"],"picked":"Slice","floor":1.0},{"not_picked":["Quick Slash","Poisoned Stab"],"picked":"Tactician","floor":4.0},{"not_picked":["Bane","Quick Slash"],"picked":"Slice","floor":5.0},{"not_picked":["Choke","Concentrate"],"picked":"Blade Dance","floor":7.0},{"not_picked":["Glass Knife","Predator"],"picked":"Prepared","floor":10.0},{"not_picked":["Cloak And Dagger","Deadly Poison"],"picked":"Finisher","floor":11.0},{"not_picked":["Flechettes","Dodge and Roll"],"picked":"Setup","floor":12.0},{"not_picked":["Outmaneuver","Skewer"],"picked":"Cloak And Dagger","floor":13.0},{"not_picked":["Setup","Finisher"],"picked":"Backflip","floor":14.0},{"not_picked":["Grand Finale","Envenom"],"picked":"Unload","floor":16.0},{"not_picked":["Blade Dance","Caltrops+1"],"picked":"Underhanded Strike+1","floor":18.0},{"not_picked":["Poisoned Stab+1","Bane"],"picked":"Quick Slash","floor":19.0},{"not_picked":["Sucker Punch","Cloak And Dagger"],"picked":"Outmaneuver","floor":21.0},{"not_picked":["Finisher","Slice"],"picked":"Cloak And Dagger","floor":22.0},{"not_picked":["Deadly Poison","Poisoned Stab+1"],"picked":"Dash","floor":23.0},{"not_picked":["Acrobatics","Bane"],"picked":"All Out Attack+1","floor":24.0},{"not_picked":["Deadly Poison","Bane+1"],"picked":"Footwork","floor":27.0},{"not_picked":["Escape Plan+1","Acrobatics"],"picked":"Backstab","floor":28.0},{"not_picked":["Die Die Die","Glass Knife"],"picked":"Tools of the Trade","floor":33},{"not_picked":["Backflip+1","Slice"],"picked":"Infinite Blades+1","floor":35},{"not_picked":["Bane","Malaise"],"picked":"Quick Slash+1","floor":36},{"not_picked":["Deflect","Finisher+1"],"picked":"Underhanded Strike+1","floor":37},{"not_picked":["PiercingWail","Deadly Poison+1"],"picked":"All Out Attack+1","floor":38},{"not_picked":["Storm of Steel","Outmaneuver"],"picked":"Cloak And Dagger","floor":39},{"not_picked":["Underhanded Strike","Dagger Spray+1"],"picked":"Masterful Stab","floor":40},{"not_picked":["Dash+1","Skewer+1"],"picked":"Endless Agony","floor":44},{"not_picked":["Bandage Up","Secret Weapon"],"picked":"Metamorphosis","floor":45}],"player_experience":275729,"relics_obtained":[{"floor":7.0,"key":"Orichalcum"},{"floor":9.0,"key":"Bag of Preparation"},{"floor":11.0,"key":"Strawberry"},{"floor":12.0,"key":"Bag of Marbles"},{"floor":14.0,"key":"Kunai"},{"floor":23.0,"key":"Meat on the Bone"},{"floor":26.0,"key":"Whetstone"},{"floor":27.0,"key":"Incense Burner"},{"floor":40,"key":"Omamori"},{"floor":43,"key":"Du-Vu Doll"},{"floor":44,"key":"Juzu Bracelet"}],"event_choices":[{"damage_healed":0.0,"max_hp_gain":0.0,"max_hp_loss":0.0,"gold_gain":0.0,"event_name":"Liars Game","player_choice":"Ignored","floor":2.0,"gold_loss":0.0,"damage_taken":0.0},{"damage_healed":0.0,"max_hp_gain":0.0,"max_hp_loss":0.0,"gold_gain":0.0,"event_name":"Dead Adventurer","player_choice":"Searched \u00271\u0027 times","floor":11.0,"gold_loss":0.0,"damage_taken":0.0},{"damage_healed":0.0,"max_hp_gain":5.0,"max_hp_loss":0.0,"gold_gain":0.0,"event_name":"Forgotten Altar","player_choice":"Shed Blood","floor":29.0,"gold_loss":0.0,"damage_taken":19.0},{"damage_healed":0.0,"max_hp_gain":0.0,"max_hp_loss":0.0,"gold_gain":0.0,"event_name":"The Mausoleum","player_choice":"Opened","floor":31.0,"gold_loss":0.0,"damage_taken":0.0,"relics_obtained":["Pear"]},{"damage_healed":0,"gold_gain":0,"player_choice":"Embrace Madness","damage_taken":12,"max_hp_gain":0,"max_hp_loss":0,"event_name":"Winding Halls","floor":42,"gold_loss":0,"cards_obtained":["Madness","Madness"]},{"damage_healed":0,"gold_gain":0,"player_choice":"Memory 1","damage_taken":0,"max_hp_gain":0,"max_hp_loss":0,"event_name":"SensoryStone","floor":45,"gold_loss":0},{"cards_removed":["Strike_G"],"damage_healed":0,"gold_gain":0,"player_choice":"Purged","damage_taken":0,"max_hp_gain":0,"max_hp_loss":0,"event_name":"Purifier","floor":46,"gold_loss":0},{"damage_healed":0,"gold_gain":0,"player_choice":"Ignored","damage_taken":0,"max_hp_gain":0,"max_hp_loss":0,"event_name":"Mysterious Sphere","floor":47,"gold_loss":0}],"is_beta":false,"boss_relics":[{"not_picked":["Orrery","Runic Pyramid"],"picked":"Ring of the Serpent"},{"not_picked":["Busted Crown","Calling Bell"],"picked":"WristBlade"}],"items_purged_floors":[3],"is_endless":false,"potions_floor_spawned":[5,10,12,13,14,19,21,22,23,24,33,35,38,40],"killed_by":"Giant Head","ascension_level":0}