{"gold_per_floor":[109,120,83,99,99,99,133,133,159,159,198,218,293,311,311,435,435,459,374,374,111,41,41,41,41,41,57,90,90],"floor_reached":29,"playtime":4058,"items_purged":["Regret"],"score":394,"play_id":"f225794f-083a-42e2-9f7b-f4d191d8f459","local_time":"20190402094512","is_ascension_mode":true,"campfire_choices":[{"data":"Noxious Fumes","floor":6,"key":"SMITH"},{"floor":10,"key":"REST"},{"floor":15,"key":"REST"},{"data":"Dash","floor":23,"key":"SMITH"},{"data":"Caltrops","floor":25,"key":"SMITH"}],"neow_cost":"NONE","seed_source_timestamp":48453937162281,"circlet_count":0,"master_deck":["AscendersBane","Defend_G","Defend_G+1","Defend_G","Defend_G","Defend_G","Strike_G","Strike_G","Strike_G","Strike_G","Survivor","Neutralize","Poisoned Stab","Blur+1","Noxious Fumes+1","Backflip","Bane","Cloak And Dagger","Dagger Spray","Dash+1","Corpse Explosion","Writhe","Caltrops","Caltrops+1","Writhe","Noxious Fumes+1"],"relics":["Ring of the Snake","Boot","Golden Idol","Anchor","War Paint","Calling Bell","Juzu Bracelet","Singing Bowl","Peace Pipe","Pantograph","Happy Flower","Sundial","Bottled Lightning","Red Mask"],"potions_floor_usage":[12,18],"damage_taken":[{"damage":1,"enemies":"Cultist","floor":1,"turns":5},{"damage":1,"enemies":"2 Louse","floor":2,"turns":5},{"damage":1,"enemies":"Small Slimes","floor":4,"turns":5},{"damage":0,"enemies":"Lagavulin","floor":7,"turns":9},{"damage":18,"enemies":"Gremlin Nob","floor":11,"turns":4},{"damage":4,"enemies":"3 Louse","floor":12,"turns":4},{"damage":0,"enemies":"Blue Slaver","floor":14,"turns":4},{"damage":26,"enemies":"Hexaghost","floor":16,"turns":12},{"damage":11,"enemies":"Chosen","floor":18,"turns":5},{"damage":1,"enemies":"Shell Parasite","floor":27,"turns":6},{"damage":51,"enemies":"Masked Bandits","floor":28,"turns":4},{"damage":10,"enemies":"Chosen and Byrds","floor":29,"turns":4}],"seed_played":"-3075841023481071498","potions_obtained":[{"floor":2,"key":"SkillPotion"},{"floor":7,"key":"Strength Potion"},{"floor":12,"key":"Fire Potion"},{"floor":28,"key":"LiquidBronze"}],"is_trial":false,"path_per_floor":["M","M","$","M","?","R","E","?","T","R","E","M","?","M","R","B",null,"M","?","?","$","$","R","?","R","T","M","?","M"],"character_chosen":"THE_SILENT","items_purchased":["Noxious Fumes","Happy Flower","Caltrops","Caltrops"],"campfire_rested":2,"item_purchase_floors":[3,21,21,22],"current_hp_per_floor":[69,68,68,67,60,60,60,41,41,64,46,42,31,31,54,28,65,56,56,56,56,56,56,56,56,56,55,6,0],"gold":90,"neow_bonus":"TEN_PERCENT_HP_BONUS","is_prod":false,"is_daily":false,"chose_seed":false,"campfire_upgraded":3,"win_rate":0,"timestamp":1554216312,"path_taken":["M","M","?","M","?","R","E","?","T","R","E","M","?","?","R","BOSS","M","?","?","?","$","R","?","R","T","M","?","M"],"build_version":"2019-01-23","purchased_purges":1,"victory":false,"max_hp_per_floor":[77,77,77,77,77,77,77,77,77,77,77,77,77,77,77,77,77,79,79,79,79,79,79,79,79,79,79,81,81],"card_choices":[{"not_picked":["Endless Agony","Noxious Fumes"],"picked":"Poisoned Stab","floor":1},{"not_picked":["All Out Attack","Infinite Blades"],"picked":"Blur","floor":2},{"not_picked":["Underhanded Strike","Flying Knee"],"picked":"Backflip","floor":4},{"not_picked":["Expertise","Deflect"],"picked":"Bane","floor":7},{"not_picked":["PiercingWail","Malaise"],"picked":"Cloak And Dagger","floor":11},{"not_picked":["Deadly Poison","Backflip"],"picked":"Dagger Spray","floor":12},{"not_picked":["Cloak And Dagger","Setup"],"picked":"Dash","floor":14},{"not_picked":["Grand Finale","After Image"],"picked":"Corpse Explosion","floor":16},{"not_picked":["Deflect+1","Leg Sweep","Outmaneuver"],"picked":"Singing Bowl","floor":18},{"not_picked":["Well Laid Plans+1","Prepared"],"picked":"Noxious Fumes+1","floor":27},{"not_picked":["Deadly Poison","Prepared","Dagger Throw"],"picked":"Singing Bowl","floor":28}],"player_experience":1315901,"relics_obtained":[{"floor":7,"key":"Boot"},{"floor":9,"key":"Anchor"},{"floor":11,"key":"War Paint"},{"floor":17,"key":"Juzu Bracelet"},{"floor":17,"key":"Singing Bowl"},{"floor":17,"key":"Peace Pipe"},{"floor":26,"key":"Bottled Lightning"},{"floor":28,"key":"Red Mask"}],"event_choices":[{"cards_removed":["Strike_G"],"damage_healed":0,"gold_gain":0,"player_choice":"Card Removal","damage_taken":7,"max_hp_gain":0,"max_hp_loss":0,"event_name":"Golden Wing","floor":5,"gold_loss":0},{"damage_healed":0,"gold_gain":0,"player_choice":"Take Damage","damage_taken":19,"relics_obtained":["Golden Idol"],"max_hp_gain":0,"max_hp_loss":0,"event_name":"Golden Idol","floor":8,"gold_loss":0},{"damage_healed":0,"gold_gain":75,"player_choice":"Gather Gold","damage_taken":11,"max_hp_gain":0,"max_hp_loss":0,"event_name":"World of Goop","floor":13,"gold_loss":0},{"damage_healed":0,"gold_gain":0,"player_choice":"Obtained Relic","damage_taken":0,"relics_obtained":["Pantograph"],"max_hp_gain":0,"max_hp_loss":0,"event_name":"Addict","floor":19,"gold_loss":85},{"cards_removed":["Pain"],"damage_healed":0,"gold_gain":0,"player_choice":"Elegance","damage_taken":0,"max_hp_gain":0,"max_hp_loss":0,"event_name":"Back to Basics","floor":20,"gold_loss":0},{"damage_healed":0,"gold_gain":0,"player_choice":"Opened","damage_taken":0,"relics_obtained":["Sundial"],"max_hp_gain":0,"max_hp_loss":0,"event_name":"The Mausoleum","floor":24,"gold_loss":0,"cards_obtained":["Writhe"]},{"damage_healed":0,"gold_gain":0,"player_choice":"Fought Bandits","damage_taken":0,"max_hp_gain":0,"max_hp_loss":0,"event_name":"Masked Bandits","floor":28,"gold_loss":0}],"is_beta":false,"boss_relics":[{"not_picked":["HoveringKite","Fusion Hammer"],"picked":"Calling Bell"}],"items_purged_floors":[21],"is_endless":false,"potions_floor_spawned":[2,7,11,12,16,28],"killed_by":"Chosen and Byrds","ascension_level":11}