{"gold_per_floor":[110,285,339,352,57,84,94,108,108,108,108,108,123,139,139,243,243,253,57,75,0,18,18,18,18,18,18,49,61,61,75,75,75],"floor_reached":33,"playtime":2868,"items_purged":["Defend_G"],"score":267,"play_id":"caaddd49-0aeb-487d-ad0f-28887d4dfde5","local_time":"20180720084826","is_ascension_mode":false,"campfire_choices":[{"floor":10,"key":"REST"},{"floor":15,"key":"REST"},{"data":"Caltrops","floor":23,"key":"SMITH"},{"data":"Heel Hook","floor":25,"key":"SMITH"},{"data":"Reflex","floor":30,"key":"SMITH"},{"data":"Noxious Fumes","floor":32,"key":"SMITH"}],"neow_cost":"TEN_PERCENT_HP_LOSS","seed_source_timestamp":2045948052215120,"circlet_count":0,"master_deck":["Defend_G","Defend_G","Defend_G","Defend_G+1","Strike_G","Strike_G","Strike_G","Strike_G","Survivor","Neutralize","Heel Hook","Doubt","Dagger Throw+1","Heel Hook+1","Backstab","Crippling Poison","Sucker Punch","Caltrops+1","Underhanded Strike","Acrobatics","Backstab","Dagger Throw","Leg Sweep+1","Reflex+1","Prepared+1","Noxious Fumes+1","Slice+1","Backstab+1","Poisoned Stab+1","Slice+1"],"relics":["Ring of the Snake","Du-Vu Doll","Tiny Chest","Ice Cream","Potion Belt","Prayer Wheel","Ninja Scroll","Eternal Feather","Lee\u0027s Waffle","The Specimen","Molten Egg 2"],"potions_floor_usage":[6,14,16,18,28,33,33],"damage_taken":[{"damage":0,"enemies":"Cultist","floor":1,"turns":4},{"damage":0,"enemies":"2 Louse","floor":4,"turns":3},{"damage":31,"enemies":"Lagavulin","floor":6,"turns":8},{"damage":0,"enemies":"Jaw Worm","floor":7,"turns":3},{"damage":9,"enemies":"Exordium Thugs","floor":8,"turns":6},{"damage":0,"enemies":"Exordium Wildlife","floor":13,"turns":2},{"damage":7,"enemies":"Large Slime","floor":14,"turns":3},{"damage":14,"enemies":"Slime Boss","floor":16,"turns":12},{"damage":14,"enemies":"2 Thieves","floor":18,"turns":4},{"damage":0,"enemies":"Spheric Guardian","floor":20,"turns":1},{"damage":12,"enemies":"Cultist and Chosen","floor":22,"turns":5},{"damage":29,"enemies":"Book of Stabbing","floor":28,"turns":4},{"damage":20,"enemies":"Snake Plant","floor":29,"turns":6},{"damage":7,"enemies":"Chosen and Byrds","floor":31,"turns":4},{"damage":62,"enemies":"Champ","floor":33,"turns":12}],"seed_played":"4666278186431592674","potions_obtained":[{"floor":4,"key":"AttackPotion"},{"floor":8,"key":"Weak Potion"},{"floor":13,"key":"Fruit Juice"},{"floor":16,"key":"GamblersBrew"},{"floor":20,"key":"LiquidBronze"},{"floor":29,"key":"Ancient Potion"},{"floor":31,"key":"Ancient Potion"}],"is_trial":false,"path_per_floor":["M","?","T","M","$","E","M","M","T","R","T","?","M","M","R","B",null,"M","$","M","$","M","R","?","R","T","?","E","M","R","M","R"],"character_chosen":"THE_SILENT","items_purchased":["Ice Cream","Lee\u0027s Waffle"],"campfire_rested":2,"item_purchase_floors":[5,19],"current_hp_per_floor":[63,63,63,63,63,32,32,23,23,41,41,28,28,26,46,32,68,54,75,75,75,63,75,75,75,75,75,46,26,41,34,52,0],"gold":75,"neow_bonus":"ONE_RARE_RELIC","is_prod":false,"is_daily":false,"chose_seed":false,"campfire_upgraded":4,"win_rate":0,"timestamp":1532094506,"path_taken":["M","?","?","?","$","E","M","M","T","R","?","?","?","M","R","BOSS","M","$","M","?","M","R","?","R","T","?","E","M","R","M","R","BOSS"],"build_version":"2018-07-19v2","purchased_purges":1,"victory":false,"max_hp_per_floor":[63,63,63,63,63,63,63,63,63,63,63,63,63,68,68,68,68,68,75,75,75,75,75,75,75,75,75,75,75,75,75,75,75],"card_choices":[{"not_picked":["Acrobatics","Crippling Poison"],"picked":"Heel Hook","floor":1},{"not_picked":["Quick Slash","Dodge and Roll"],"picked":"Dagger Throw","floor":4},{"not_picked":["Distraction","Infinite Blades"],"picked":"Heel Hook","floor":6},{"not_picked":["Deflect","Distraction"],"picked":"Backstab","floor":7},{"not_picked":["Dodge and Roll","Prepared"],"picked":"Crippling Poison","floor":8},{"not_picked":["Dagger Throw","Deadly Poison"],"picked":"Sucker Punch","floor":13},{"not_picked":["Cloak And Dagger","Night Terror"],"picked":"Caltrops","floor":13},{"not_picked":["Dagger Throw","Quick Slash"],"picked":"Underhanded Strike","floor":14},{"not_picked":["Cloak And Dagger","Dodge and Roll"],"picked":"Acrobatics","floor":14},{"not_picked":["Expertise","Deflect"],"picked":"Backstab","floor":18},{"not_picked":["Deadly Poison","Poisoned Stab"],"picked":"Dagger Throw","floor":18},{"not_picked":["Dagger Throw","PiercingWail"],"picked":"Leg Sweep+1","floor":20},{"not_picked":["Flechettes","Eviscerate+1","Distraction"],"picked":"SKIP","floor":20},{"not_picked":["Dodge and Roll+1","Cloak And Dagger"],"picked":"Reflex","floor":22},{"not_picked":["Cloak And Dagger","Dodge and Roll"],"picked":"Prepared+1","floor":22},{"not_picked":["Endless Agony","Bouncing Flask"],"picked":"Noxious Fumes","floor":28},{"not_picked":["Die Die Die+1","PiercingWail"],"picked":"Slice+1","floor":29},{"not_picked":["Heel Hook+1","Deadly Poison"],"picked":"Backstab+1","floor":29},{"not_picked":["Footwork","Flechettes+1"],"picked":"Poisoned Stab+1","floor":31},{"not_picked":["PiercingWail","Dagger Throw+1"],"picked":"Slice+1","floor":31}],"player_experience":237537,"relics_obtained":[{"floor":3,"key":"Tiny Chest"},{"floor":6,"key":"Potion Belt"},{"floor":9,"key":"Prayer Wheel"},{"floor":11,"key":"Ninja Scroll"},{"floor":26,"key":"The Specimen"},{"floor":28,"key":"Molten Egg 2"}],"event_choices":[{"event_name":"Liars Game","player_choice":"agreed","floor":2,"damage_taken":0},{"event_name":"Shining Light","player_choice":"Entered Light","floor":12,"damage_taken":0},{"event_name":"Beggar","player_choice":"Ignored","floor":24,"damage_taken":0},{"event_name":"Purifier","player_choice":"One Purge","floor":27,"damage_taken":0}],"is_beta":false,"boss_relics":[{"not_picked":["Ectoplasm","Empty Cage"],"picked":"Eternal Feather"}],"items_purged_floors":[21],"is_endless":false,"potions_floor_spawned":[4,8,13,16,20,29,31],"killed_by":"Champ","ascension_level":0}