{"gold_per_floor":[118,118,118,135,135,165,165,191,217,251,266,266,3,3,3,123,123,139,152,166,131,131,131,165,165,165,181,181],"floor_reached":28,"playtime":1418,"items_purged":[],"score":444,"play_id":"74301a12-5659-48ad-af8a-96d9714b1daf","local_time":"20181025095303","is_ascension_mode":true,"campfire_choices":[{"data":"Neutralize","floor":7,"key":"SMITH"},{"floor":12,"key":"REST"},{"data":"Caltrops","floor":15,"key":"SMITH"},{"floor":23,"key":"REST"},{"floor":25,"key":"REST"}],"neow_cost":"NONE","seed_source_timestamp":3709865586131290,"circlet_count":0,"master_deck":["Defend_G","Defend_G","Defend_G+1","Defend_G","Defend_G","Strike_G","Strike_G","Strike_G+1","Strike_G","Strike_G","Survivor","Neutralize+1","AscendersBane","Caltrops+1","Flying Knee","Deflect","Dagger Spray","Storm of Steel","Backflip","Caltrops+1","Injury","Envenom","Skewer+1","Acrobatics+1","Accuracy","Shame","Accuracy"],"relics":["Ring of the Snake","NeowsBlessing","Vajra","Darkstone Periapt","Orichalcum","Happy Flower","Calipers","Lee\u0027s Waffle","Golden Idol","Busted Crown","Prayer Wheel","Bottled Flame","Gambling Chip"],"potions_floor_usage":[8,10,16,24],"damage_taken":[{"damage":0,"enemies":"Jaw Worm","floor":1,"turns":1},{"damage":0,"enemies":"2 Louse","floor":4,"turns":1},{"damage":0,"enemies":"Lagavulin","floor":6,"turns":1},{"damage":12,"enemies":"Gremlin Nob","floor":8,"turns":5},{"damage":20,"enemies":"3 Sentries","floor":10,"turns":7},{"damage":0,"enemies":"Cultist","floor":11,"turns":2},{"damage":65,"enemies":"Slime Boss","floor":16,"turns":11},{"damage":13,"enemies":"Spheric Guardian","floor":18,"turns":4},{"damage":22,"enemies":"2 Thieves","floor":19,"turns":4},{"damage":24,"enemies":"Snake Plant","floor":20,"turns":3},{"damage":29,"enemies":"Slavers","floor":24,"turns":5},{"damage":29,"enemies":"Chosen and Byrds","floor":27,"turns":6},{"damage":0,"enemies":"Book of Stabbing","floor":28,"turns":1}],"seed_played":"8856318376244153201","potions_obtained":[{"floor":6,"key":"Block Potion"},{"floor":8,"key":"Regen Potion"},{"floor":10,"key":"Fire Potion"},{"floor":16,"key":"Fire Potion"},{"floor":27,"key":"Weak Potion"}],"is_trial":false,"path_per_floor":["M","?","?","M","?","E","R","E","T","E","M","R","$","?","R","B",null,"M","M","M","$","?","R","E","R","T","M"],"character_chosen":"THE_SILENT","items_purchased":["Caltrops","Lee\u0027s Waffle","Accuracy"],"campfire_rested":3,"item_purchase_floors":[13,13,21],"current_hp_per_floor":[63,49,49,49,49,49,49,37,37,32,32,53,77,83,83,18,67,54,32,8,8,14,40,11,37,37,8,8],"gold":181,"neow_bonus":"THREE_ENEMY_KILL","is_prod":false,"is_daily":false,"chose_seed":false,"campfire_upgraded":2,"win_rate":0,"timestamp":1540479183,"path_taken":["M","?","?","M","?","E","R","E","T","E","?","R","$","?","R","BOSS","M","M","M","$","?","R","E","R","T","?","E"],"build_version":"2018-10-18","purchased_purges":0,"victory":false,"max_hp_per_floor":[70,70,70,70,70,70,70,70,70,70,70,70,77,83,83,83,83,83,83,83,83,89,89,89,89,89,89,89],"card_choices":[{"not_picked":["Outmaneuver","Calculated Gamble"],"picked":"Caltrops","floor":1},{"not_picked":["Escape Plan","Dagger Throw"],"picked":"Flying Knee","floor":4},{"not_picked":["Phantasmal Killer","Quick Slash"],"picked":"Deflect","floor":6},{"not_picked":["Flechettes","Crippling Poison"],"picked":"Dagger Spray","floor":8},{"not_picked":["Outmaneuver","Endless Agony"],"picked":"Storm of Steel","floor":10},{"not_picked":["Poisoned Stab","Bane"],"picked":"Backflip","floor":11},{"not_picked":["A Thousand Cuts","Malaise"],"picked":"Envenom","floor":16},{"not_picked":[],"picked":"Skewer+1","floor":18},{"not_picked":[],"picked":"Acrobatics+1","floor":19},{"not_picked":["Dagger Spray"],"picked":"SKIP","floor":20},{"not_picked":["Deadly Poison"],"picked":"SKIP","floor":24},{"not_picked":[],"picked":"Accuracy","floor":27},{"not_picked":["Prepared"],"picked":"SKIP","floor":27}],"player_experience":855261,"relics_obtained":[{"floor":5,"key":"Vajra"},{"floor":6,"key":"Darkstone Periapt"},{"floor":8,"key":"Orichalcum"},{"floor":9,"key":"Happy Flower"},{"floor":10,"key":"Calipers"},{"floor":24,"key":"Bottled Flame"},{"floor":26,"key":"Gambling Chip"}],"event_choices":[{"damage_healed":0,"gold_gain":0,"player_choice":"Entered Light","damage_taken":14,"max_hp_gain":0,"max_hp_loss":0,"event_name":"Shining Light","floor":2,"gold_loss":0,"cards_upgraded":["Defend_G","Strike_G"]},{"damage_healed":0,"gold_gain":0,"player_choice":"Forge","damage_taken":0,"max_hp_gain":0,"max_hp_loss":0,"event_name":"Accursed Blacksmith","floor":3,"gold_loss":0,"cards_upgraded":["Caltrops"]},{"damage_healed":0,"gold_gain":0,"player_choice":"Relic","damage_taken":0,"max_hp_gain":0,"max_hp_loss":0,"event_name":"Wheel of Change","floor":5,"gold_loss":0},{"damage_healed":0,"gold_gain":0,"player_choice":"Take Wound","damage_taken":0,"relics_obtained":["Golden Idol"],"max_hp_gain":0,"max_hp_loss":0,"event_name":"Golden Idol","floor":14,"gold_loss":0,"cards_obtained":["Injury"]},{"damage_healed":0,"gold_gain":0,"player_choice":"Stole Relic","damage_taken":0,"relics_obtained":["Prayer Wheel"],"max_hp_gain":0,"max_hp_loss":0,"event_name":"Addict","floor":22,"gold_loss":0,"cards_obtained":["Shame"]}],"is_beta":false,"boss_relics":[{"not_picked":["Runic Pyramid","Tiny House"],"picked":"Busted Crown"}],"items_purged_floors":[],"is_endless":false,"potions_floor_spawned":[6,8,10,16,27],"killed_by":"Book of Stabbing","ascension_level":10}