{"gold_per_floor":[119,130,55,55,155,190,45,45,72,84,98,98,98,98,98,197,197,216,216,316,316,329,329,329,329,329,329,348,363,184,184,184,184],"floor_reached":33,"playtime":1535,"items_purged":["Strike_R","Strike_R","Strike_R"],"score":241,"play_id":"d2ad1c04-000f-4ce4-8dd6-60bd7070fcef","local_time":"20180705084141","is_ascension_mode":false,"campfire_choices":[{"data":"Cleave","floor":8,"key":"SMITH"},{"data":"Body Slam","floor":12,"key":"SMITH"},{"floor":15,"key":"REST"},{"data":"Twin Strike","floor":23,"key":"SMITH"},{"data":"Carnage","floor":25,"key":"SMITH"},{"data":"Havoc","floor":27,"key":"SMITH"},{"floor":32,"key":"REST"}],"neow_cost":"","seed_source_timestamp":750847318591959,"circlet_count":0,"master_deck":["Strike_R","Strike_R","Defend_R","Defend_R+1","Bash","Twin Strike+1","Pommel Strike+1","Body Slam+1","Cleave+1","Carnage+1","Feed","Power Through","RitualDagger","Havoc+1","Twin Strike+1","Heavy Blade+1","Inflame","Flex"],"relics":["Black Blood","Happy Flower","Boot","Molten Egg 2"],"potions_floor_usage":[18,33],"damage_taken":[{"damage":6,"enemies":"Jaw Worm","floor":1,"turns":3},{"damage":0,"enemies":"2 Louse","floor":2,"turns":3},{"damage":24,"enemies":"Gremlin Nob","floor":6,"turns":4},{"damage":0,"enemies":"Cultist","floor":10,"turns":3},{"damage":6,"enemies":"3 Louse","floor":11,"turns":3},{"damage":70,"enemies":"The Guardian","floor":16,"turns":12},{"damage":8,"enemies":"3 Byrds","floor":18,"turns":3},{"damage":15,"enemies":"Chosen","floor":22,"turns":4},{"damage":28,"enemies":"Centurion and Healer","floor":28,"turns":4},{"damage":42,"enemies":"Chosen and Byrds","floor":29,"turns":5},{"damage":53,"enemies":"Automaton","floor":33,"turns":6}],"seed_played":"3328407429867136467","potions_obtained":[{"floor":6,"key":"Ancient Potion"},{"floor":10,"key":"GamblersBrew"},{"floor":16,"key":"Explosive Potion"},{"floor":28,"key":"Explosive Potion"}],"is_trial":false,"path_per_floor":["M","M","$","?","?","E","$","R","T","M","M","R","?","?","R","B",null,"M","?","?","?","M","R","?","R","T","R","M","M","$","?","R"],"character_chosen":"IRONCLAD","items_purchased":["Cleave","Flex"],"campfire_rested":2,"item_purchase_floors":[7,30],"current_hp_per_floor":[80,80,80,64,64,46,46,46,46,52,52,52,57,57,82,18,85,85,79,79,79,77,77,77,77,77,77,59,27,27,27,53,0],"gold":184,"neow_bonus":"","is_prod":false,"is_daily":false,"chose_seed":false,"campfire_upgraded":5,"win_rate":0,"timestamp":1530798101,"path_taken":["M","M","$","?","?","E","?","R","T","?","M","R","?","?","R","BOSS","M","?","?","?","M","R","?","R","T","R","?","?","$","?","R","BOSS"],"build_version":"2018-06-28","purchased_purges":3,"victory":false,"max_hp_per_floor":[80,80,80,80,80,80,80,80,80,80,80,80,85,85,85,85,85,85,85,85,85,88,88,88,88,88,88,88,88,88,88,88,88],"card_choices":[{"not_picked":["Sword Boomerang","Body Slam"],"picked":"Twin Strike","floor":1},{"not_picked":["Havoc","Shrug It Off"],"picked":"Pommel Strike","floor":2},{"not_picked":["Intimidate","Corruption"],"picked":"Body Slam","floor":6},{"not_picked":["Headbutt","Shrug It Off"],"picked":"Carnage","floor":10},{"not_picked":["Heavy Blade","Pommel Strike"],"picked":"Spot Weakness","floor":11},{"not_picked":["Reaper","Impervious"],"picked":"Feed","floor":16},{"not_picked":["Clash","Combust"],"picked":"Power Through","floor":18},{"not_picked":["True Grit+1","Perfected Strike"],"picked":"Twin Strike+1","floor":22},{"not_picked":["Perfected Strike+1","Pummel+1"],"picked":"Heavy Blade+1","floor":28},{"not_picked":["Entrench+1","Shrug It Off+1"],"picked":"Inflame","floor":29}],"player_experience":80940,"relics_obtained":[{"floor":6,"key":"Happy Flower"},{"floor":9,"key":"Boot"},{"floor":26,"key":"Molten Egg 2"}],"event_choices":[{"event_name":"Shining Light","player_choice":"Entered Light","floor":4,"damage_taken":0},{"event_name":"Golden Shrine","player_choice":"Pray","floor":5,"damage_taken":0},{"event_name":"Big Fish","player_choice":"Donut","floor":13,"damage_taken":0},{"event_name":"Living Wall","player_choice":"Forget","floor":14,"damage_taken":0},{"event_name":"Nest","player_choice":"Joined the Cult","floor":19,"damage_taken":0},{"event_name":"Golden Shrine","player_choice":"Pray","floor":20,"damage_taken":0},{"event_name":"Transmorgrifier","player_choice":"Transform","floor":21,"damage_taken":0},{"event_name":"Bonfire Elementals","player_choice":"BASIC","floor":24,"damage_taken":0},{"event_name":"Vampires","player_choice":"Ignored","floor":31,"damage_taken":0}],"boss_relics":[{"not_picked":["Busted Crown","Philosopher\u0027s Stone"],"picked":"Black Blood"}],"items_purged_floors":[3,7,30],"is_endless":false,"potions_floor_spawned":[6,10,16,28],"killed_by":"Automaton","ascension_level":0}