{"gold_per_floor":[109,109,109,122,297,341,341,359,439,474,474,474,0,21,21,147,147,185,206,206,206,2,2,57,102,128,151,151,187,187,222,222,350,350,366,699,169,169,169,201,201,212,212,212,267,267,267,267,267,267],"floor_reached":51,"playtime":3570,"items_purged":["Defend_G","Pain"],"score":1016,"play_id":"d2aa54cc-6a5b-4ad9-a300-2bcabfac3bfa","local_time":"20180828090929","is_ascension_mode":true,"campfire_choices":[{"floor":7.0,"key":"REST"},{"floor":15.0,"key":"REST"},{"floor":23.0,"key":"REST"},{"data":"Burst","floor":28.0,"key":"SMITH"},{"data":"Neutralize","floor":30.0,"key":"SMITH"},{"floor":32.0,"key":"REST"},{"floor":41.0,"key":"REST"},{"data":"Leg Sweep","floor":44.0,"key":"SMITH"},{"data":"Poisoned Stab","floor":46.0,"key":"SMITH"},{"floor":49.0,"key":"REST"}],"neow_cost":"","seed_source_timestamp":0,"circlet_count":0,"master_deck":["Defend_G","Defend_G","Defend_G","Survivor","Neutralize+1","Poisoned Stab+1","Deadly Poison+1","Leg Sweep+1","Slice","Envenom+1","HandOfGreed+1","Poisoned Stab+1","Dagger Spray+1","Burst+1","Acrobatics","Blade Dance+1","Bite+1","Bite+1","Bite+1","Bite+1","Bite+1","Dagger Throw+1","Flying Knee+1","Endless Agony+1","Slice+1","Flying Knee+1","Burst","Injury","Shame","Choke+1"],"special_seed":0,"relics":["Ring of the Snake","FaceOfCleric","Smiling Mask","Molten Egg 2","Shuriken","Busted Crown","Regal Pillow","Potion Belt","Juzu Bracelet","Darkstone Periapt","Snake Skull","Calling Bell","Omamori","Singing Bowl","Torii","Membership Card","Du-Vu Doll","Frozen Egg 2","Bag of Marbles","Peace Pipe"],"potions_floor_usage":[50],"damage_taken":[{"damage":5.0,"enemies":"Jaw Worm","floor":1.0,"turns":6.0},{"damage":0.0,"enemies":"2 Louse","floor":4.0,"turns":2.0},{"damage":32.0,"enemies":"3 Sentries","floor":6.0,"turns":12.0},{"damage":0.0,"enemies":"Cultist","floor":8.0,"turns":4.0},{"damage":31.0,"enemies":"Lagavulin","floor":10.0,"turns":7.0},{"damage":0.0,"enemies":"Large Slime","floor":14.0,"turns":5.0},{"damage":15.0,"enemies":"The Guardian","floor":16.0,"turns":9.0},{"damage":0.0,"enemies":"3 Byrds","floor":18.0,"turns":4.0},{"damage":22.0,"enemies":"Spheric Guardian","floor":19.0,"turns":4.0},{"damage":26.0,"enemies":"Slavers","floor":24.0,"turns":4.0},{"damage":25.0,"enemies":"Snake Plant","floor":25.0,"turns":4.0},{"damage":2.0,"enemies":"Centurion and Healer","floor":27.0,"turns":4.0},{"damage":28.0,"enemies":"Gremlin Leader","floor":29.0,"turns":5.0},{"damage":24.0,"enemies":"Slavers","floor":31.0,"turns":4.0},{"damage":27.0,"enemies":"Automaton","floor":33.0,"turns":8.0},{"damage":48.0,"enemies":"3 Darklings","floor":35.0,"turns":5.0},{"damage":36.0,"enemies":"2 Orb Walkers","floor":40.0,"turns":3.0},{"damage":0.0,"enemies":"Orb Walker","floor":42.0,"turns":3.0},{"damage":17.0,"enemies":"Mysterious Sphere","floor":45.0,"turns":2.0},{"damage":106,"enemies":"Donu and Deca","floor":50,"turns":9}],"seed_played":"766476947507559350","potions_obtained":[{"floor":1.0,"key":"Block Potion"},{"floor":10.0,"key":"AttackPotion"},{"floor":14.0,"key":"Strength Potion"},{"floor":16.0,"key":"Swift Potion"},{"floor":24.0,"key":"Swift Potion"},{"floor":27.0,"key":"Explosive Potion"},{"floor":31.0,"key":"Swift Potion"},{"floor":35.0,"key":"Explosive Potion"},{"floor":45.0,"key":"Ancient Potion"}],"is_trial":false,"path_per_floor":["M","?","?","M","?","E","R","M","T","E","?","?","$","M","R","B",null,"M","M","?","?","$","R","E","M","T","M","R","E","R","E","R","B",null,"M","?","$","?","?","E","R","M","T","R","?","R","?","?","R","B"],"character_chosen":"THE_SILENT","items_purchased":["Shuriken","HandOfGreed+1","Poisoned Stab+1","Regal Pillow","Membership Card","Du-Vu Doll","Choke+1"],"campfire_rested":6,"item_purchase_floors":[13,13,13,22,37,37,37],"current_hp_per_floor":[58,58,58,59,59,28,48,51,51,23,23,23,23,26,47,35,62,65,46,46,46,46,73,60,51,51,68,68,56,56,42,78,67,94,55,55,55,57,57,30,76,85,85,85,71,71,71,71,111,21],"gold":267,"neow_bonus":"","is_prod":false,"is_daily":false,"chose_seed":false,"campfire_upgraded":4,"win_rate":0,"timestamp":1535465369,"path_taken":["M","?","?","M","?","E","R","?","T","E","?","?","$","M","R","BOSS","M","M","?","?","$","R","E","M","T","M","R","E","R","E","R","BOSS","M","?","$","?","?","E","R","M","T","R","?","R","?","M","R","BOSS"],"build_version":"2018-08-23v2","purchased_purges":2,"victory":true,"max_hp_per_floor":[70,65,65,66,66,67,67,68,68,69,69,69,69,70,70,71,71,72,73,73,73,73,73,74,75,75,76,76,77,77,78,78,79,97,100,100,100,102,102,105,105,108,108,108,111,111,111,111,111,112],"card_choices":[{"not_picked":["Crippling Poison","Blade Dance"],"picked":"Poisoned Stab","floor":1.0},{"not_picked":["Dodge and Roll","Outmaneuver"],"picked":"Deadly Poison","floor":4.0},{"not_picked":["Storm of Steel","Dagger Throw"],"picked":"Leg Sweep","floor":6.0},{"not_picked":["Prepared","Catalyst"],"picked":"Slice","floor":8.0},{"not_picked":["Setup","Poisoned Stab"],"picked":"Envenom","floor":10.0},{"not_picked":["Dodge and Roll","Prepared"],"picked":"Dagger Spray+1","floor":14.0},{"not_picked":["Wraith Form v2","Doppelganger"],"picked":"Burst","floor":16.0},{"not_picked":[],"picked":"Acrobatics","floor":18.0},{"not_picked":[],"picked":"Blade Dance+1","floor":19.0},{"not_picked":[],"picked":"Dagger Throw+1","floor":24.0},{"not_picked":[],"picked":"Flying Knee+1","floor":25.0},{"not_picked":[],"picked":"Endless Agony+1","floor":27.0},{"not_picked":[],"picked":"Slice+1","floor":29.0},{"not_picked":[],"picked":"Flying Knee+1","floor":31.0},{"not_picked":[],"picked":"Burst","floor":33.0},{"not_picked":["Backflip+1"],"picked":"Singing Bowl","floor":35.0},{"not_picked":["Blind"],"picked":"Singing Bowl","floor":38.0},{"not_picked":["Backflip+1"],"picked":"Singing Bowl","floor":40.0},{"not_picked":["Deflect"],"picked":"Singing Bowl","floor":42.0},{"not_picked":["Leg Sweep+1"],"picked":"Singing Bowl","floor":45.0}],"player_experience":552882,"relics_obtained":[{"floor":6.0,"key":"Blood Vial"},{"floor":9.0,"key":"Smiling Mask"},{"floor":10.0,"key":"Molten Egg 2"},{"floor":24.0,"key":"Potion Belt"},{"floor":26.0,"key":"Juzu Bracelet"},{"floor":29.0,"key":"Darkstone Periapt"},{"floor":31.0,"key":"Snake Skull"},{"floor":34.0,"key":"Omamori"},{"floor":34.0,"key":"Singing Bowl"},{"floor":34.0,"key":"Torii"},{"floor":40.0,"key":"Frozen Egg 2"},{"floor":43.0,"key":"Bag of Marbles"},{"floor":45.0,"key":"Peace Pipe"}],"event_choices":[{"event_name":"Golden Idol","player_choice":"Lose Max HP","floor":2.0,"damage_taken":0.0},{"event_name":"FaceTrader","player_choice":"Trade","floor":3.0,"damage_taken":0.0},{"event_name":"Liars Game","player_choice":"agreed","floor":5.0,"damage_taken":0.0},{"event_name":"Upgrade Shrine","player_choice":"Upgraded","floor":11.0,"damage_taken":0.0},{"event_name":"Purifier","player_choice":"One Purge","floor":12.0,"damage_taken":0.0},{"event_name":"Vampires","player_choice":"Became a vampire (Vial)","floor":20.0,"damage_taken":0.0},{"event_name":"Back to Basics","player_choice":"Elegance","floor":21.0,"damage_taken":0.0},{"event_name":"The Moai Head","player_choice":"Gave Idol","floor":36.0,"damage_taken":0.0},{"event_name":"SensoryStone","player_choice":"Memory 1","floor":38.0,"damage_taken":0.0},{"event_name":"Falling","player_choice":"Removed Skill","floor":39.0,"damage_taken":0.0},{"event_name":"Mysterious Sphere","player_choice":"Fight","floor":45.0,"damage_taken":0.0},{"event_name":"SecretPortal","player_choice":"Rejected Portal.","floor":47.0,"damage_taken":0.0},{"event_name":"Upgrade Shrine","player_choice":"Upgraded","floor":48.0,"damage_taken":0.0}],"is_beta":false,"boss_relics":[{"not_picked":["WristBlade","Tiny House"],"picked":"Busted Crown"},{"not_picked":["Empty Cage","White Beast Statue"],"picked":"Calling Bell"}],"items_purged_floors":[22,37],"is_endless":false,"potions_floor_spawned":[1,10,14,16,24,27,31,35,45],"ascension_level":6}