{"gold_per_floor":[115,134,145,145,158,158,176,188,188,218,218,228,228],"floor_reached":13,"playtime":799,"items_purged":[],"score":116,"play_id":"3100b0a8-17ff-4b6a-99b7-19e8e3c107e9","local_time":"20190626163816","is_ascension_mode":true,"campfire_choices":[{"floor":6,"key":"REST"},{"floor":11,"key":"REST"}],"neow_cost":"NONE","seed_source_timestamp":967605587711600,"circlet_count":0,"master_deck":["Strike_R","Strike_R","Strike_R","Strike_R","Strike_R","Defend_R","Defend_R","Defend_R","Defend_R","Bash","Fire Breathing","Demon Form","Flex","Iron Wave","Bash","Burning Pact","Cleave","Flex","Flex"],"relics":["Burning Blood","Lantern"],"potions_floor_usage":[3,7,10,10,13,13],"damage_taken":[{"damage":9,"enemies":"2 Louse","floor":1,"turns":3},{"damage":6,"enemies":"Cultist","floor":2,"turns":4},{"damage":29,"enemies":"Small Slimes","floor":3,"turns":4},{"damage":26,"enemies":"Exordium Wildlife","floor":5,"turns":5},{"damage":15,"enemies":"2 Fungi Beasts","floor":7,"turns":4},{"damage":17,"enemies":"Looter","floor":8,"turns":3},{"damage":30,"enemies":"Lagavulin","floor":10,"turns":4},{"damage":11,"enemies":"Blue Slaver","floor":12,"turns":3},{"damage":50,"enemies":"Gremlin Nob","floor":13,"turns":4}],"seed_played":"2764920368653994548","potions_obtained":[{"floor":0,"key":"BloodPotion"},{"floor":0,"key":"LiquidBronze"},{"floor":0,"key":"LiquidBronze"},{"floor":3,"key":"Poison Potion"},{"floor":5,"key":"PowerPotion"},{"floor":7,"key":"Energy Potion"},{"floor":12,"key":"Poison Potion"}],"is_trial":false,"path_per_floor":["M","M","M","?","M","R","M","M","T","E","R","M","E"],"character_chosen":"IRONCLAD","items_purchased":[],"campfire_rested":2,"item_purchase_floors":[],"current_hp_per_floor":[69,69,54,54,34,58,49,38,38,14,38,33,0],"gold":228,"neow_bonus":"THREE_SMALL_POTIONS","is_prod":false,"is_daily":false,"chose_seed":false,"campfire_upgraded":0,"win_rate":0,"timestamp":1561592296,"path_taken":["M","M","M","?","M","R","M","M","T","E","R","?","E"],"build_version":"2019-01-23","purchased_purges":0,"victory":false,"max_hp_per_floor":[80,80,80,80,80,80,80,80,80,80,80,80,80],"card_choices":[{"not_picked":["Clash","Armaments"],"picked":"Fire Breathing","floor":1},{"not_picked":["Clothesline","Heavy Blade"],"picked":"Demon Form","floor":2},{"not_picked":["Armaments","Combust"],"picked":"Flex","floor":3},{"not_picked":["Iron Wave","Rampage"],"picked":"Burning Pact","floor":5},{"not_picked":["Dark Embrace","Rupture"],"picked":"Cleave","floor":7},{"not_picked":["Whirlwind","Warcry"],"picked":"Flex","floor":8},{"not_picked":["Clothesline","Dual Wield","Sentinel"],"picked":"SKIP","floor":10},{"not_picked":["Wild Strike","Combust"],"picked":"Flex","floor":12}],"player_experience":562632,"relics_obtained":[{"floor":10,"key":"Lantern"}],"event_choices":[{"damage_healed":0,"gold_gain":0,"player_choice":"2 cards matched","damage_taken":0,"max_hp_gain":0,"max_hp_loss":0,"event_name":"Match and Keep!","floor":4,"gold_loss":0,"cards_obtained":["Iron Wave","Bash"]}],"is_beta":false,"boss_relics":[],"items_purged_floors":[],"is_endless":false,"potions_floor_spawned":[3,5,7,12],"killed_by":"Gremlin Nob","ascension_level":6}