{"gold_per_floor":[115,128,147,147,50,83,83,83,83,83,101,135,135,153,153,274,274,289,307,35,59,59,59,59,59,129,145,159,159,159,10,10,10],"floor_reached":33,"playtime":2952,"items_purged":[],"score":280,"play_id":"08467fdc-2225-4f0a-adda-4151181d00ba","local_time":"20190702182408","is_ascension_mode":false,"campfire_choices":[{"data":"Double Tap","floor":7,"key":"SMITH"},{"data":"Flame Barrier","floor":10,"key":"SMITH"},{"floor":13,"key":"REST"},{"floor":15,"key":"RECALL"},{"data":"Infernal Blade","floor":23,"key":"SMITH"},{"data":"Barricade","floor":29,"key":"SMITH"},{"floor":32,"key":"REST"}],"neow_cost":"NONE","seed_source_timestamp":29997609241520,"circlet_count":0,"master_deck":["Defend_R","Defend_R","Defend_R","Defend_R","Bash","Double Tap+1","Shrug It Off","Flame Barrier+1","Heavy Blade","Dark Shackles","Offering","Shrug It Off","Wild Strike","Headbutt","Bludgeon+1","Dual Wield","Warcry","Anger","Shrug It Off","Rampage","Perfected Strike+1","Power Through+1","Rage","Infernal Blade+1","Bite","Bite","Bite","Bite","Bite","Necronomicurse","Flex","Barricade+1","Pommel Strike","Trip"],"relics":["Burning Blood","Golden Idol","Pocketwatch","Turnip","Matryoshka","Orrery","Medical Kit","Necronomicon","Bag of Marbles"],"potions_floor_usage":[33,33,33],"damage_taken":[{"damage":2,"enemies":"Small Slimes","floor":1,"turns":5},{"damage":14,"enemies":"2 Louse","floor":2,"turns":3},{"damage":0,"enemies":"Cultist","floor":3,"turns":4},{"damage":23,"enemies":"Gremlin Nob","floor":6,"turns":5},{"damage":10,"enemies":"Large Slime","floor":11,"turns":6},{"damage":18,"enemies":"3 Sentries","floor":12,"turns":10},{"damage":3,"enemies":"Looter","floor":14,"turns":3},{"damage":18,"enemies":"Slime Boss","floor":16,"turns":13},{"damage":21,"enemies":"2 Thieves","floor":18,"turns":5},{"damage":10,"enemies":"Chosen","floor":19,"turns":3},{"damage":15,"enemies":"Snecko","floor":21,"turns":3},{"damage":21,"enemies":"Snake Plant","floor":27,"turns":3},{"damage":17,"enemies":"Shelled Parasite and Fungi","floor":28,"turns":3},{"damage":48,"enemies":"Collector","floor":33,"turns":7}],"seed_played":"3526394249811342926","potions_obtained":[{"floor":2,"key":"FearPotion"},{"floor":6,"key":"SpeedPotion"},{"floor":11,"key":"Block Potion"},{"floor":18,"key":"Swift Potion"}],"is_trial":false,"path_per_floor":["M","M","M","?","$","E","R","?","T","R","M","E","R","M","R","B",null,"M","M","$","M","?","R","?","?","T","M","M","R","?","$","R","B"],"character_chosen":"IRONCLAD","items_purchased":["Dark Shackles","Medical Kit","Rage","Pommel Strike","Trip"],"campfire_rested":2,"item_purchase_floors":[5,20,20,31,31],"current_hp_per_floor":[80,72,78,58,58,41,41,41,41,41,37,25,49,52,52,40,80,65,61,61,52,52,52,36,36,36,25,14,14,14,14,30,0],"gold":10,"neow_bonus":"ONE_RANDOM_RARE_CARD","is_prod":false,"is_daily":false,"chose_seed":false,"campfire_upgraded":4,"win_rate":0,"timestamp":1562084648,"path_taken":["M","M","M","?","$","E","R","?","T","R","M","E","R","M","R","BOSS","M","?","$","M","?","R","?","?","T","M","?","R","?","$","R","BOSS"],"build_version":"2019-07-01","purchased_purges":0,"victory":false,"max_hp_per_floor":[80,80,80,80,80,80,80,80,80,80,80,80,80,80,80,80,80,80,80,80,80,56,56,56,56,56,56,56,56,56,56,56,56],"card_choices":[{"not_picked":["Havoc","Sword Boomerang"],"picked":"Shrug It Off","floor":1},{"not_picked":["Metallicize","Dual Wield"],"picked":"Flame Barrier","floor":2},{"not_picked":["Clash","Twin Strike"],"picked":"Heavy Blade","floor":3},{"not_picked":["Headbutt","Sword Boomerang"],"picked":"Offering","floor":6},{"not_picked":["Clash","Headbutt"],"picked":"Shrug It Off","floor":11},{"not_picked":["Feel No Pain","Armaments"],"picked":"Wild Strike","floor":12},{"not_picked":["Fire Breathing","Sword Boomerang"],"picked":"Headbutt","floor":14},{"not_picked":["Dark Embrace","Limit Break"],"picked":"Bludgeon","floor":16},{"not_picked":["Ghostly Armor","Shockwave"],"picked":"Dual Wield","floor":17},{"not_picked":["Twin Strike","Feel No Pain"],"picked":"Warcry","floor":17},{"not_picked":["Clothesline","Hemokinesis"],"picked":"Anger","floor":17},{"not_picked":["Armaments","Cleave"],"picked":"Shrug It Off","floor":17},{"not_picked":["Power Through","Bloodletting"],"picked":"Rampage","floor":17},{"not_picked":["Rampage","Uppercut"],"picked":"Perfected Strike+1","floor":18},{"not_picked":["Wild Strike+1","True Grit"],"picked":"Power Through+1","floor":19},{"not_picked":["Sword Boomerang","Disarm"],"picked":"Infernal Blade","floor":21},{"not_picked":["Pummel+1","Sword Boomerang"],"picked":"Flex","floor":27},{"not_picked":["Pummel+1","Armaments"],"picked":"Barricade","floor":28}],"player_experience":139298,"relics_obtained":[{"floor":6,"key":"Pocketwatch"},{"floor":9,"key":"Turnip"},{"floor":12,"key":"Matryoshka"},{"floor":24,"key":"Necronomicon"},{"floor":26,"key":"Bag of Marbles"}],"event_choices":[{"damage_healed":0,"gold_gain":0,"player_choice":"Take Damage","damage_taken":20,"relics_obtained":["Golden Idol"],"max_hp_gain":0,"max_hp_loss":0,"event_name":"Golden Idol","floor":4,"gold_loss":0},{"cards_removed":["Strike_R"],"damage_healed":0,"gold_gain":0,"player_choice":"Card Removal","damage_taken":0,"max_hp_gain":0,"max_hp_loss":0,"event_name":"Wheel of Change","floor":8,"gold_loss":0},{"damage_healed":0,"gold_gain":0,"player_choice":"Became a vampire","damage_taken":0,"max_hp_gain":0,"max_hp_loss":24,"event_name":"Vampires","floor":22,"gold_loss":0,"cards_obtained":["Bite","Bite","Bite","Bite","Bite"]},{"damage_healed":0,"gold_gain":0,"player_choice":"Obtained Book","damage_taken":16,"max_hp_gain":0,"max_hp_loss":0,"event_name":"Cursed Tome","floor":24,"gold_loss":0},{"damage_healed":0,"gold_gain":0,"player_choice":"Upgraded","damage_taken":0,"max_hp_gain":0,"max_hp_loss":0,"event_name":"Upgrade Shrine","floor":25,"gold_loss":0,"cards_upgraded":["Bludgeon"]},{"damage_healed":0,"gold_gain":0,"player_choice":"Ignored","damage_taken":0,"max_hp_gain":0,"max_hp_loss":0,"event_name":"Beggar","floor":30,"gold_loss":0}],"is_beta":false,"boss_relics":[{"not_picked":["Cursed Key","Runic Cube"],"picked":"Orrery"}],"items_purged_floors":[],"is_endless":false,"potions_floor_spawned":[2,6,11,14,18,28],"killed_by":"Collector","ascension_level":0}