{"gold_per_floor":[115,38,38,54,69,69,95,95,122,122,197,207,207,265,265,365,365,379,389,407,407],"floor_reached":21,"playtime":1825,"items_purged":[],"score":204,"play_id":"57355f4e-68b2-456e-af34-aa5823f56efb","local_time":"20180625121921","is_ascension_mode":false,"campfire_choices":[{"data":"Reaper","floor":6,"key":"SMITH"},{"data":"Cleave","floor":8,"key":"SMITH"},{"data":"Thunderclap","floor":10,"key":"SMITH"},{"data":"Seeing Red","floor":15,"key":"SMITH"}],"neow_cost":"NONE","seed_source_timestamp":2850837718902386,"circlet_count":0,"master_deck":["Strike_R","Strike_R","Strike_R","Strike_R","Strike_R","Defend_R","Defend_R","Defend_R","Bash","Cleave+1","Reaper+1","Thunderclap+1","Searing Blow","Bludgeon","Armaments","Seeing Red+1","Berserk","Shrug It Off","Anger","Dual Wield"],"relics":["Burning Blood","Orichalcum","Vajra","Anchor","Strawberry","White Beast Statue"],"potions_floor_usage":[20,20],"damage_taken":[{"damage":4,"enemies":"2 Louse","floor":1,"turns":3},{"damage":5,"enemies":"Jaw Worm","floor":4,"turns":4},{"damage":2,"enemies":"Small Slimes","floor":5,"turns":2},{"damage":16,"enemies":"Gremlin Nob","floor":7,"turns":5},{"damage":0,"enemies":"Looter","floor":12,"turns":2},{"damage":2,"enemies":"3 Sentries","floor":14,"turns":4},{"damage":44,"enemies":"Slime Boss","floor":16,"turns":18},{"damage":38,"enemies":"Shell Parasite","floor":18,"turns":6},{"damage":45,"enemies":"3 Byrds","floor":19,"turns":6},{"damage":49,"enemies":"Snecko","floor":20,"turns":7},{"damage":18,"enemies":"Cultist and Chosen","floor":21,"turns":4}],"seed_played":"241923007740241677","potions_obtained":[{"floor":1,"key":"AttackPotion"},{"floor":7,"key":"SkillPotion"},{"floor":14,"key":"BloodPotion"},{"floor":19,"key":"Fruit Juice"},{"floor":20,"key":"SkillPotion"}],"is_trial":false,"path_per_floor":["M","$","?","M","M","R","E","R","T","R","?","M","?","?","R","B",null,"M","M","M"],"character_chosen":"IRONCLAD","items_purchased":["Reaper"],"campfire_rested":0,"item_purchase_floors":[2],"current_hp_per_floor":[80,80,85,85,85,85,82,82,82,82,71,83,76,92,92,77,92,60,30,7,0],"gold":407,"neow_bonus":"RANDOM_COMMON_RELIC","is_prod":false,"is_daily":false,"chose_seed":false,"campfire_upgraded":4,"win_rate":0.0,"timestamp":1529947161,"path_taken":["M","$","?","M","M","R","E","R","T","R","?","M","?","?","R","BOSS","M","?","M","M"],"build_version":"2018-06-21v2","purchased_purges":0,"victory":false,"max_hp_per_floor":[80,80,85,85,85,85,85,85,85,85,85,85,85,92,92,92,92,92,92,97,97],"card_choices":[{"not_picked":["Dropkick","Clash"],"picked":"Cleave","floor":1},{"not_picked":["Infernal Blade","Sword Boomerang"],"picked":"Thunderclap","floor":4},{"not_picked":["Body Slam","Fire Breathing"],"picked":"Searing Blow","floor":5},{"not_picked":["Warcry","Impervious"],"picked":"Bludgeon","floor":7},{"not_picked":["Reckless Charge","True Grit"],"picked":"Armaments","floor":12},{"not_picked":["Shrug It Off","Rupture"],"picked":"Seeing Red","floor":14},{"not_picked":["Fiend Fire","Dark Embrace"],"picked":"Berserk","floor":16},{"not_picked":["Thunderclap","Warcry"],"picked":"Shrug It Off","floor":18},{"not_picked":["Shrug It Off","Body Slam"],"picked":"Anger","floor":19},{"not_picked":["Spot Weakness","Shrug It Off+1"],"picked":"Dual Wield","floor":20}],"player_experience":7715,"relics_obtained":[{"floor":7,"key":"Vajra"},{"floor":9,"key":"Anchor"},{"floor":14,"key":"Strawberry"}],"event_choices":[{"event_name":"Big Fish","player_choice":"Donut","floor":3,"damage_taken":0},{"event_name":"World of Goop","player_choice":"Gather Gold","floor":11,"damage_taken":0},{"event_name":"Golden Wing","player_choice":"Card Removal","floor":13,"damage_taken":0},{"event_name":"Dead Adventurer","player_choice":"Searched \u00271\u0027 times","floor":14,"damage_taken":0}],"boss_relics":[{"not_picked":["Philosopher\u0027s Stone","Coffee Dripper"],"picked":"White Beast Statue"}],"items_purged_floors":[],"is_endless":false,"potions_floor_spawned":[1,7,14,16,18,19,20],"killed_by":"Cultist and Chosen","ascension_level":0}