{"gold_per_floor":[119,119,119,119,134,159,159,194,247,267,282,139,166,179,179,258,258,270,289,231,243,243,271,14,64,64,64,75,90,90],"floor_reached":30,"playtime":2202,"items_purged":[],"score":525,"play_id":"42aee0c4-a3fc-4ed9-ac2b-d43322300007","local_time":"20181018144021","is_ascension_mode":true,"campfire_choices":[{"floor":7.0,"key":"REST"},{"floor":15.0,"key":"REST"},{"floor":27.0,"key":"REST"}],"neow_cost":"NONE","seed_source_timestamp":0,"circlet_count":0,"master_deck":["Defend_R","Defend_R","Defend_R","Defend_R","Bash","AscendersBane","Demon Form","Perfected Strike","Twin Strike","Wild Strike","Iron Wave","Cleave","Perfected Strike","Pommel Strike","Shrug It Off","Power Through","Flex","Spot Weakness","Immolate+1","Pommel Strike","Heavy Blade","Bite","Bite","Bite","Bite","Bite+1","Spot Weakness"],"special_seed":0,"relics":["Burning Blood","Smiling Mask","Pantograph","Orichalcum","StoneCalendar","Busted Crown","Happy Flower","Whetstone","Gremlin Horn"],"potions_floor_usage":[28,29],"damage_taken":[{"damage":7.0,"enemies":"Cultist","floor":1.0,"turns":4.0},{"damage":9.0,"enemies":"2 Louse","floor":5.0,"turns":2.0},{"damage":40.0,"enemies":"3 Sentries","floor":6.0,"turns":7.0},{"damage":27.0,"enemies":"Gremlin Nob","floor":8.0,"turns":4.0},{"damage":7.0,"enemies":"Jaw Worm","floor":10.0,"turns":3.0},{"damage":19.0,"enemies":"Gremlin Gang","floor":11.0,"turns":3.0},{"damage":8.0,"enemies":"3 Sentries","floor":13.0,"turns":7.0},{"damage":0.0,"enemies":"Blue Slaver","floor":14.0,"turns":3.0},{"damage":53.0,"enemies":"The Guardian","floor":16.0,"turns":8.0},{"damage":4.0,"enemies":"Chosen","floor":18.0,"turns":4.0},{"damage":18.0,"enemies":"3 Byrds","floor":19.0,"turns":5.0},{"damage":11.0,"enemies":"Centurion and Healer","floor":21.0,"turns":4.0},{"damage":51.0,"enemies":"Slavers","floor":23.0,"turns":5.0},{"damage":9,"enemies":"3 Cultists","floor":28,"turns":4},{"damage":30,"enemies":"Snake Plant","floor":29,"turns":3},{"damage":21,"enemies":"Sentry and Sphere","floor":30,"turns":4}],"seed_played":"-7670533215772696675","potions_obtained":[{"floor":1.0,"key":"LiquidBronze"},{"floor":8.0,"key":"BloodPotion"},{"floor":13.0,"key":"SpeedPotion"},{"floor":14.0,"key":"GamblersBrew"},{"floor":21.0,"key":"SpeedPotion"},{"floor":23.0,"key":"FearPotion"}],"is_trial":false,"path_per_floor":["M","?","?","?","M","E","R","E","T","M","M","$","E","M","R","B",null,"M","M","$","M","?","E","$","?","T","R","M","M"],"character_chosen":"IRONCLAD","items_purchased":["Shrug It Off","Power Through","Heavy Blade","Whetstone","Spot Weakness"],"campfire_rested":3,"item_purchase_floors":[12,12,20,24,24],"current_hp_per_floor":[67,72,72,65,62,28,52,31,31,30,25,25,23,29,53,31,68,70,58,58,53,53,14,14,14,14,30,33,13,3],"gold":90,"neow_bonus":"ONE_RANDOM_RARE_CARD","is_prod":false,"is_daily":false,"chose_seed":false,"campfire_upgraded":0,"win_rate":0,"timestamp":1539891621,"path_taken":["M","?","?","?","M","E","R","E","T","M","M","$","E","M","R","BOSS","M","M","$","M","?","E","$","?","T","R","M","M","?"],"build_version":"2018-10-11","purchased_purges":0,"victory":false,"max_hp_per_floor":[75,80,80,80,80,80,80,80,80,80,80,80,80,80,80,80,80,80,80,80,80,56,56,56,56,56,56,56,56,56],"card_choices":[{"not_picked":["Hemokinesis","Inflame"],"picked":"Perfected Strike","floor":1.0},{"not_picked":["Evolve","Bloodletting"],"picked":"Wild Strike","floor":5.0},{"not_picked":["Anger","Havoc"],"picked":"Iron Wave","floor":6.0},{"not_picked":["True Grit","Sentinel"],"picked":"Cleave","floor":8.0},{"not_picked":["Rampage","Armaments"],"picked":"Perfected Strike","floor":10.0},{"not_picked":["Headbutt","Barricade"],"picked":"Pommel Strike","floor":11.0},{"not_picked":["True Grit","Intimidate"],"picked":"Flex","floor":13.0},{"not_picked":["Clothesline","Havoc"],"picked":"Spot Weakness","floor":14.0},{"not_picked":["Feed","Dark Embrace"],"picked":"Immolate","floor":16.0},{"not_picked":["Feel No Pain"],"picked":"SKIP","floor":18.0},{"not_picked":[],"picked":"Pommel Strike","floor":19.0},{"not_picked":["Anger"],"picked":"SKIP","floor":21.0},{"not_picked":["Dual Wield"],"picked":"SKIP","floor":23.0},{"not_picked":["Searing Blow"],"picked":"SKIP","floor":28},{"not_picked":["Intimidate+1"],"picked":"SKIP","floor":29}],"player_experience":787637,"relics_obtained":[{"floor":6.0,"key":"Smiling Mask"},{"floor":8.0,"key":"Pantograph"},{"floor":9.0,"key":"Orichalcum"},{"floor":13.0,"key":"StoneCalendar"},{"floor":23.0,"key":"Happy Flower"},{"floor":26.0,"key":"Gremlin Horn"}],"event_choices":[{"event_name":"Big Fish","player_choice":"Donut","floor":2.0,"damage_taken":0.0},{"event_name":"Transmorgrifier","player_choice":"Transform","floor":3.0,"damage_taken":0.0},{"event_name":"Golden Wing","player_choice":"Card Removal","floor":4.0,"damage_taken":0.0},{"event_name":"Vampires","player_choice":"Became a vampire","floor":22.0,"damage_taken":0.0},{"event_name":"Golden Shrine","player_choice":"Pray","floor":25.0,"damage_taken":0.0}],"is_beta":false,"boss_relics":[{"not_picked":["Astrolabe","Calling Bell"],"picked":"Busted Crown"}],"items_purged_floors":[],"is_endless":false,"potions_floor_spawned":[1,8,10,13,14,21,23],"killed_by":"Sentry and Sphere","ascension_level":17}