{"gold_per_floor":[117,130,149,149,174,212,232,232,302,302,302,4,19,44,44,174,174,189,9,22,38,59,59,75,75,75,99,114,114,199,223,223,223],"floor_reached":33,"playtime":7543,"items_purged":["Strike_G","Injury"],"score":306,"play_id":"fc652377-c56c-4ba6-8011-dcf8198bb110","local_time":"20180903002206","is_ascension_mode":true,"campfire_choices":[{"floor":8,"key":"REST"},{"floor":11,"key":"REST"},{"data":"Backstab","floor":15,"key":"SMITH"},{"floor":23,"key":"REST"},{"floor":25,"key":"REST"},{"floor":32,"key":"REST"}],"neow_cost":"NONE","seed_source_timestamp":304713725575029,"circlet_count":0,"master_deck":["Survivor","Neutralize","Blade Dance","Crippling Poison","Escape Plan","Sucker Punch","Backstab+1","Panache","Poisoned Stab","Dagger Throw","Backflip","Unload","PiercingWail","Bane","Caltrops","Slice","Slice","All Out Attack","Poisoned Stab","Sucker Punch","Backflip","Escape Plan","Dash+1","Backflip+1","Dagger Throw+1","Backflip","PiercingWail"],"relics":["Sozu","Golden Idol","Lantern","Bottled Lightning","Pandora\u0027s Box","The Courier","Tiny Chest"],"potions_floor_usage":[],"damage_taken":[{"damage":0,"enemies":"Cultist","floor":1,"turns":4},{"damage":0,"enemies":"Small Slimes","floor":2,"turns":3},{"damage":0,"enemies":"2 Louse","floor":3,"turns":2},{"damage":2,"enemies":"2 Fungi Beasts","floor":5,"turns":3},{"damage":36,"enemies":"3 Sentries","floor":6,"turns":11},{"damage":2,"enemies":"Exordium Thugs","floor":7,"turns":4},{"damage":0,"enemies":"Looter","floor":13,"turns":3},{"damage":9,"enemies":"Gremlin Gang","floor":14,"turns":4},{"damage":32,"enemies":"Slime Boss","floor":16,"turns":11},{"damage":7,"enemies":"3 Byrds","floor":18,"turns":2},{"damage":16,"enemies":"2 Thieves","floor":20,"turns":3},{"damage":18,"enemies":"Snake Plant","floor":21,"turns":4},{"damage":10,"enemies":"Centurion and Healer","floor":22,"turns":4},{"damage":23,"enemies":"Shelled Parasite and Fungi","floor":24,"turns":5},{"damage":2,"enemies":"3 Cultists","floor":27,"turns":4},{"damage":13,"enemies":"Snake Plant","floor":28,"turns":3},{"damage":10,"enemies":"Centurion and Healer","floor":31,"turns":4},{"damage":47,"enemies":"Champ","floor":33,"turns":9}],"seed_played":"-7095776435842370284","potions_obtained":[],"is_trial":false,"path_per_floor":["M","M","M","?","M","E","M","R","T","?","R","$","M","M","R","B",null,"M","$","M","M","M","R","M","R","T","M","M","?","T","M","R"],"character_chosen":"THE_SILENT","items_purchased":["Panache","Poisoned Stab","Escape Plan"],"campfire_rested":5,"item_purchase_floors":[12,12,19],"current_hp_per_floor":[70,70,70,70,68,32,30,51,51,56,75,75,75,66,66,34,75,68,68,52,34,24,46,23,45,45,43,30,30,30,20,42,0],"gold":223,"neow_bonus":"BOSS_RELIC","is_prod":false,"is_daily":false,"chose_seed":false,"campfire_upgraded":1,"win_rate":0,"timestamp":1535959326,"path_taken":["M","M","M","?","M","E","M","R","T","?","R","$","M","M","R","BOSS","M","$","M","M","M","R","M","R","T","M","?","?","?","M","R","BOSS"],"build_version":"2018-08-30","purchased_purges":2,"victory":false,"max_hp_per_floor":[70,70,70,70,70,70,70,70,70,75,75,75,75,75,75,75,75,75,75,75,75,75,75,75,75,75,75,75,75,75,75,75,75],"card_choices":[{"not_picked":["Tactician","Deflect"],"picked":"Blade Dance","floor":1},{"not_picked":["Outmaneuver","Blur"],"picked":"Crippling Poison","floor":2},{"not_picked":["Bane","Blade Dance"],"picked":"Escape Plan","floor":3},{"not_picked":["Quick Slash","Grand Finale"],"picked":"Sucker Punch","floor":5},{"not_picked":["Acrobatics","Expertise","Blade Dance"],"picked":"SKIP","floor":6},{"not_picked":["Leg Sweep","Dodge and Roll"],"picked":"Backstab","floor":7},{"not_picked":["Blur","Bane"],"picked":"Dagger Throw","floor":13},{"not_picked":["Bane","Riddle With Holes"],"picked":"Backflip","floor":14},{"not_picked":["Phantasmal Killer","Burst"],"picked":"Unload","floor":16},{"not_picked":["Bane+1","Catalyst+1"],"picked":"Backflip","floor":18},{"not_picked":["Blur+1","Outmaneuver+1"],"picked":"Dash+1","floor":20},{"not_picked":["Slice","Setup+1"],"picked":"Backflip+1","floor":21},{"not_picked":["Finisher","Bane"],"picked":"Dagger Throw+1","floor":22},{"not_picked":["Underhanded Strike","Outmaneuver"],"picked":"Backflip","floor":24},{"not_picked":["Concentrate","Sucker Punch+1","Riddle With Holes"],"picked":"SKIP","floor":27},{"not_picked":["Deflect+1","Setup","Flying Knee"],"picked":"SKIP","floor":28},{"not_picked":["Bouncing Flask","Dagger Spray"],"picked":"PiercingWail","floor":31}],"player_experience":288004,"relics_obtained":[{"floor":6,"key":"Lantern"},{"floor":9,"key":"Bottled Lightning"},{"floor":26,"key":"The Courier"},{"floor":30,"key":"Tiny Chest"}],"event_choices":[{"event_name":"Golden Idol","player_choice":"Take Wound","floor":4,"damage_taken":0},{"event_name":"Big Fish","player_choice":"Donut","floor":10,"damage_taken":0},{"event_name":"Purifier","player_choice":"One Purge","floor":29,"damage_taken":0}],"is_beta":false,"boss_relics":[{"not_picked":["Fusion Hammer","Coffee Dripper"],"picked":"Pandora\u0027s Box"}],"items_purged_floors":[12,19],"is_endless":false,"potions_floor_spawned":[1,7,16,20,21,27],"killed_by":"Champ","ascension_level":2}