{"gold_per_floor":[15,15,15,15,27,27,39,71,96,96,21,40,40,53,53,128,128,147,157,157,99,99,99,113,113,184,219,92,102,102,171,171,171],"floor_reached":33,"playtime":2186,"items_purged":["Strike_R"],"score":477,"play_id":"0d50275c-b5da-43da-8570-c8d929dd3e7c","local_time":"20181010215124","is_ascension_mode":true,"campfire_choices":[{"data":"Twin Strike","floor":6.0,"key":"SMITH"},{"data":"Thunderclap","floor":10.0,"key":"SMITH"},{"data":"Iron Wave","floor":13.0,"key":"SMITH"},{"floor":15.0,"key":"REST"},{"data":"Immolate","floor":23,"key":"SMITH"},{"data":"Metallicize","floor":25,"key":"SMITH"},{"floor":30,"key":"REST"},{"floor":32,"key":"REST"}],"neow_cost":"NO_GOLD","seed_source_timestamp":0,"circlet_count":0,"master_deck":["Strike_R","Strike_R","Strike_R","Defend_R","Defend_R","Defend_R","Bash","AscendersBane","Headbutt","Twin Strike+1","Metallicize+1","Thunderclap+1","Iron Wave+1","Flame Barrier","Immolate+1","Headbutt+1","Iron Wave","Body Slam+1","Clothesline","Headbutt","Shrug It Off+1"],"special_seed":0,"relics":["Burning Blood","Ice Cream","Letter Opener","Regal Pillow","Sozu","MutagenicStrength","SsserpentHead","Bottled Tornado","Ancient Tea Set","Orichalcum"],"potions_floor_usage":[],"damage_taken":[{"damage":6.0,"enemies":"Cultist","floor":1.0,"turns":4.0},{"damage":6.0,"enemies":"2 Louse","floor":5.0,"turns":3.0},{"damage":7.0,"enemies":"Jaw Worm","floor":7.0,"turns":3.0},{"damage":31.0,"enemies":"3 Sentries","floor":8.0,"turns":9.0},{"damage":6.0,"enemies":"Looter","floor":12.0,"turns":3.0},{"damage":0.0,"enemies":"Exordium Wildlife","floor":14.0,"turns":3.0},{"damage":73.0,"enemies":"Hexaghost","floor":16.0,"turns":15.0},{"damage":16,"enemies":"Spheric Guardian","floor":18,"turns":4},{"damage":9,"enemies":"Chosen","floor":19,"turns":4},{"damage":11,"enemies":"Centurion and Healer","floor":24,"turns":4},{"damage":19,"enemies":"Slavers","floor":27,"turns":6},{"damage":3,"enemies":"Snecko","floor":29,"turns":5},{"damage":14,"enemies":"Snake Plant","floor":31,"turns":2},{"damage":70,"enemies":"Collector","floor":33,"turns":10}],"seed_played":"8570267850292190112","potions_obtained":[{"floor":1.0,"key":"Swift Potion"},{"floor":8.0,"key":"Block Potion"},{"floor":14.0,"key":"Block Potion"}],"is_trial":false,"path_per_floor":["M","T","?","$","M","R","M","E","T","R","$","M","R","M","R","B",null,"M","M","?","$","?","R","M","R","T","E","$","M","R","M","R"],"character_chosen":"IRONCLAD","items_purchased":["Iron Wave","Orichalcum"],"campfire_rested":3,"item_purchase_floors":[21,28],"current_hp_per_floor":[68,68,68,68,68,68,67,42,42,42,42,42,42,48,75,8,58,48,45,45,45,45,45,40,40,40,27,27,30,67,59,75,5],"gold":171,"neow_bonus":"REMOVE_TWO","is_prod":false,"is_daily":false,"chose_seed":false,"campfire_upgraded":5,"win_rate":0,"timestamp":1539226284,"path_taken":["M","?","?","?","M","R","?","E","T","R","$","M","R","M","R","BOSS","M","M","?","$","?","R","M","R","T","E","?","M","R","?","R","BOSS"],"build_version":"2018-10-04v2","purchased_purges":1,"victory":false,"max_hp_per_floor":[75,75,75,75,75,75,75,75,75,75,75,75,75,75,75,75,75,75,75,75,75,75,75,75,75,75,75,75,75,75,75,75,75],"card_choices":[{"not_picked":["Corruption","Sword Boomerang"],"picked":"Headbutt","floor":1.0},{"not_picked":["Armaments","Perfected Strike"],"picked":"Twin Strike","floor":5.0},{"not_picked":["Clash","Sword Boomerang"],"picked":"Metallicize","floor":7.0},{"not_picked":["Intimidate","Reckless Charge"],"picked":"Thunderclap","floor":8.0},{"not_picked":["Cleave","Ghostly Armor"],"picked":"Iron Wave","floor":12.0},{"not_picked":["Anger","Intimidate"],"picked":"Flame Barrier","floor":14.0},{"not_picked":["Offering","Dark Embrace"],"picked":"Immolate","floor":16.0},{"not_picked":["Dual Wield","Clash","Sever Soul"],"picked":"SKIP","floor":18},{"not_picked":["Burning Pact+1","Hemokinesis+1"],"picked":"Headbutt+1","floor":19},{"not_picked":["Power Through","True Grit"],"picked":"Body Slam+1","floor":24},{"not_picked":["Perfected Strike","Fire Breathing+1"],"picked":"Clothesline","floor":27},{"not_picked":["Hemokinesis","Flame Barrier"],"picked":"Headbutt","floor":29},{"not_picked":["Ghostly Armor","Clothesline"],"picked":"Shrug It Off+1","floor":31}],"player_experience":750571,"relics_obtained":[{"floor":2.0,"key":"Ice Cream"},{"floor":8.0,"key":"Letter Opener"},{"floor":9.0,"key":"Regal Pillow"},{"floor":26,"key":"Bottled Tornado"},{"floor":27,"key":"Ancient Tea Set"}],"event_choices":[{"event_name":"Liars Game","player_choice":"disagreed","floor":3.0,"damage_taken":0.0},{"event_name":"Drug Dealer","player_choice":"Inject Mutagens","floor":20,"damage_taken":0},{"event_name":"FaceTrader","player_choice":"Trade","floor":22,"damage_taken":0}],"is_beta":false,"boss_relics":[{"not_picked":["Runic Pyramid","Mark of Pain"],"picked":"Sozu"}],"items_purged_floors":[11],"is_endless":false,"potions_floor_spawned":[1,8,14,24,27,31],"killed_by":"Collector","ascension_level":16}