{"gold_per_floor":[118,193,119,132,144,177,177,189,269,323,323],"floor_reached":11,"playtime":459,"items_purged":[],"score":102,"play_id":"99e0c6d9-45dc-4ee5-82d2-0c06a1ddd101","local_time":"20181110141031","is_ascension_mode":true,"campfire_choices":[{"floor":7,"key":"REST"}],"neow_cost":"NONE","seed_source_timestamp":850082301646017,"circlet_count":0,"master_deck":["Strike_B","Strike_B","Strike_B","Strike_B","Defend_B","Defend_B","Defend_B","Defend_B","Zap","Dualcast","Biased Cognition","Darkness","Capacitor","Ball Lightning","Loop","Consume","Sweeping Beam"],"relics":["Cracked Core","StoneCalendar","Bottled Tornado","Tiny Chest"],"potions_floor_usage":[4,5,6],"damage_taken":[{"damage":1,"enemies":"2 Louse","floor":1,"turns":3},{"damage":0,"enemies":"Cultist","floor":4,"turns":2},{"damage":0,"enemies":"Jaw Worm","floor":5,"turns":1},{"damage":35,"enemies":"Gremlin Nob","floor":6,"turns":4},{"damage":11,"enemies":"Exordium Thugs","floor":8,"turns":4},{"damage":0,"enemies":"2 Fungi Beasts","floor":11,"turns":1}],"seed_played":"6734509207679394335","potions_obtained":[{"floor":1,"key":"EntropicBrew"},{"floor":5,"key":"SteroidPotion"},{"floor":8,"key":"Weak Potion"}],"is_trial":false,"path_per_floor":["M","?","$","M","M","E","R","M","T","T","M"],"character_chosen":"DEFECT","items_purchased":["Capacitor"],"campfire_rested":1,"item_purchase_floors":[3],"current_hp_per_floor":[67,60,60,60,60,25,47,36,36,36,36],"gold":323,"neow_bonus":"ONE_RANDOM_RARE_CARD","is_prod":false,"is_daily":false,"chose_seed":false,"campfire_upgraded":0,"win_rate":0,"timestamp":1541880631,"path_taken":["M","?","$","?","M","E","R","M","T","?","M"],"build_version":"2018-11-08","purchased_purges":0,"victory":false,"max_hp_per_floor":[75,75,75,75,75,75,75,75,75,75,75],"card_choices":[{"not_picked":["Blizzard","Compile Driver"],"picked":"Darkness","floor":1},{"not_picked":["Stack","Double Energy"],"picked":"Ball Lightning","floor":4},{"not_picked":["Undo","Compile Driver"],"picked":"Loop","floor":5},{"not_picked":["Compile Driver","Sweeping Beam"],"picked":"Consume","floor":6},{"not_picked":["Heatsinks","Scrape"],"picked":"Sweeping Beam","floor":8}],"player_experience":980664,"relics_obtained":[{"floor":6,"key":"StoneCalendar"},{"floor":9,"key":"Bottled Tornado"},{"floor":10,"key":"Tiny Chest"}],"event_choices":[{"damage_healed":0,"gold_gain":75,"player_choice":"Touch","damage_taken":7,"max_hp_gain":0,"max_hp_loss":0,"event_name":"FaceTrader","floor":2,"gold_loss":0}],"is_beta":false,"boss_relics":[],"items_purged_floors":[],"is_endless":false,"potions_floor_spawned":[1,5,8],"killed_by":"2 Fungi Beasts","ascension_level":8}