{"gold_per_floor":[115,115,115,131,131,165,165,196,196,215,215,231,246,246,246,348,378,378],"floor_reached":18,"playtime":1558,"items_purged":[],"score":289,"play_id":"e3700563-a6c4-4bd8-a0f0-357c978e2ee8","local_time":"20190401144137","is_ascension_mode":true,"campfire_choices":[{"floor":7,"key":"REST"},{"data":"Envenom","floor":11,"key":"SMITH"},{"data":"Dagger Spray","floor":15,"key":"SMITH"}],"neow_cost":"NONE","seed_source_timestamp":0,"circlet_count":0,"master_deck":["AscendersBane","Defend_G","Defend_G","Defend_G","Defend_G","Defend_G","Strike_G","Strike_G","Strike_G","Survivor","Neutralize","Dagger Spray+1","Quick Slash","Envenom+1","Backflip","Dagger Spray+1","Dagger Spray","Dagger Spray","Glass Knife","Shame","Injury","Injury"],"special_seed":0,"relics":["Ring of the Snake","Dead Branch","Meat on the Bone","Singing Bowl","Calling Bell","Tiny Chest","Pantograph","Calipers"],"potions_floor_usage":[],"damage_taken":[{"damage":0.0,"enemies":"Jaw Worm","floor":1.0,"turns":4.0},{"damage":4.0,"enemies":"Small Slimes","floor":4.0,"turns":4.0},{"damage":54,"enemies":"Gremlin Nob","floor":6,"turns":6},{"damage":17,"enemies":"Lagavulin","floor":8,"turns":7},{"damage":0,"enemies":"Cultist","floor":10,"turns":4},{"damage":0,"enemies":"2 Fungi Beasts","floor":12,"turns":2},{"damage":15,"enemies":"Gremlin Gang","floor":13,"turns":2},{"damage":35,"enemies":"The Guardian","floor":16,"turns":9},{"damage":42,"enemies":"Shell Parasite","floor":18,"turns":6}],"seed_played":"3422650933508828885","potions_obtained":[{"floor":6,"key":"Weak Potion"},{"floor":12,"key":"Fruit Juice"}],"is_trial":false,"path_per_floor":["M","?","?","M","?","E","R","E","T","M","R","M","M","?","R","B",null,"M"],"character_chosen":"THE_SILENT","items_purchased":[],"campfire_rested":1,"item_purchase_floors":[],"current_hp_per_floor":[70,70,70,66,66,12,35,18,18,30,30,44,41,46,46,23,69,27],"gold":378,"neow_bonus":"TEN_PERCENT_HP_BONUS","is_prod":false,"is_daily":false,"chose_seed":false,"campfire_upgraded":2,"win_rate":0,"timestamp":1554147697,"path_taken":["M","?","?","?","?","E","R","E","T","M","R","?","M","?","R","BOSS","M"],"build_version":"2019-01-23","purchased_purges":0,"victory":false,"max_hp_per_floor":[77,77,77,77,77,77,77,77,77,77,77,79,79,84,84,84,84,84],"card_choices":[{"not_picked":["Acrobatics","Dodge and Roll"],"picked":"Dagger Spray","floor":1.0},{"not_picked":["Dodge and Roll","Blade Dance"],"picked":"Quick Slash","floor":4.0},{"not_picked":["Deadly Poison","PiercingWail"],"picked":"Backflip","floor":6},{"not_picked":["Burst","Blade Dance"],"picked":"Dagger Spray","floor":8},{"not_picked":["Acrobatics","Reflex"],"picked":"Dagger Spray","floor":10},{"not_picked":["PiercingWail","Flying Knee","Deadly Poison"],"picked":"Singing Bowl","floor":12},{"not_picked":["Poisoned Stab","Cloak And Dagger"],"picked":"Dagger Spray","floor":13},{"not_picked":["Phantasmal Killer","Burst"],"picked":"Glass Knife","floor":16}],"player_experience":1313924,"relics_obtained":[{"floor":6,"key":"Dead Branch"},{"floor":8,"key":"Meat on the Bone"},{"floor":9,"key":"Singing Bowl"},{"floor":17,"key":"Tiny Chest"},{"floor":17,"key":"Pantograph"},{"floor":17,"key":"Calipers"}],"event_choices":[{"damage_healed":0.0,"max_hp_gain":0.0,"max_hp_loss":0.0,"gold_gain":0.0,"event_name":"Living Wall","player_choice":"Grow","floor":2.0,"gold_loss":0.0,"damage_taken":0.0,"cards_upgraded":["Dagger Spray"]},{"cards_removed":["Strike_G"],"damage_healed":0.0,"max_hp_gain":0.0,"max_hp_loss":0.0,"gold_gain":0.0,"event_name":"Purifier","player_choice":"Purged","floor":3.0,"gold_loss":0.0,"damage_taken":0.0},{"damage_healed":0.0,"max_hp_gain":0.0,"max_hp_loss":0.0,"gold_gain":0.0,"cards_transformed":["Strike_G"],"event_name":"Transmorgrifier","player_choice":"Transformed","floor":5.0,"gold_loss":0.0,"damage_taken":0.0,"cards_obtained":["Envenom"]},{"damage_healed":0,"gold_gain":0,"player_choice":"Donut","damage_taken":0,"max_hp_gain":5,"max_hp_loss":0,"event_name":"Big Fish","floor":14,"gold_loss":0}],"is_beta":false,"boss_relics":[{"not_picked":["HoveringKite","Philosopher\u0027s Stone"],"picked":"Calling Bell"}],"items_purged_floors":[],"is_endless":false,"potions_floor_spawned":[6,12,16],"killed_by":"Shell Parasite","ascension_level":11}