{"gold_per_floor":[115,134,134,65,79,111,17,17,17,49,49,77,130,145,145,145],"floor_reached":16,"playtime":1003,"items_purged":[],"score":201,"play_id":"123f0768-4fcf-46b4-857e-99cfda5aaa48","local_time":"20181004084710","is_ascension_mode":true,"campfire_choices":[{"data":"1","floor":8,"key":"LIFT"},{"floor":11,"key":"REST"},{"floor":15,"key":"REST"}],"neow_cost":"NONE","seed_source_timestamp":1891862837635731,"circlet_count":0,"master_deck":["Strike_R","Strike_R","Strike_R","Strike_R","Defend_R","Defend_R","Defend_R","Defend_R","Bash","AscendersBane","Headbutt","Cleave","Flex","Twin Strike","Whirlwind","Battle Trance","Flash of Steel","Cleave","Flame Barrier","Power Through"],"relics":["Burning Blood","Girya","Kunai","Juzu Bracelet","Vajra","Smiling Mask"],"potions_floor_usage":[6,14,16],"damage_taken":[{"damage":1,"enemies":"Cultist","floor":1,"turns":3},{"damage":3,"enemies":"Jaw Worm","floor":2,"turns":4},{"damage":3,"enemies":"2 Louse","floor":5,"turns":2},{"damage":40,"enemies":"Lagavulin","floor":6,"turns":4},{"damage":27,"enemies":"3 Sentries","floor":10,"turns":7},{"damage":22,"enemies":"Lagavulin","floor":12,"turns":5},{"damage":18,"enemies":"Large Slime","floor":14,"turns":4},{"damage":51,"enemies":"Hexaghost","floor":16,"turns":11}],"seed_played":"-2773454545897384656","potions_obtained":[{"floor":5,"key":"FearPotion"},{"floor":12,"key":"Regen Potion"},{"floor":14,"key":"FearPotion"}],"is_trial":false,"path_per_floor":["M","M","?","$","M","E","$","R","T","E","R","E","T","M","R"],"character_chosen":"IRONCLAD","items_purchased":["Flex","Twin Strike","Flash of Steel"],"campfire_rested":2,"item_purchase_floors":[4,4,7],"current_hp_per_floor":[73,75,75,75,75,41,41,41,41,20,42,26,26,26,48,0],"gold":145,"neow_bonus":"REMOVE_CARD","is_prod":false,"is_daily":false,"chose_seed":false,"campfire_upgraded":0,"win_rate":0,"timestamp":1538660830,"path_taken":["M","M","?","?","M","E","$","R","T","E","R","E","?","M","R","BOSS"],"build_version":"2018-09-27","purchased_purges":0,"victory":false,"max_hp_per_floor":[75,75,75,75,75,75,75,75,75,75,75,75,75,75,75,75],"card_choices":[{"not_picked":["Clothesline","Fire Breathing"],"picked":"Headbutt","floor":1},{"not_picked":["Blood for Blood","Havoc"],"picked":"Cleave","floor":2},{"not_picked":["Evolve","Blood for Blood"],"picked":"Whirlwind","floor":5},{"not_picked":["True Grit","Clash"],"picked":"Battle Trance","floor":6},{"not_picked":["Inflame","Fire Breathing"],"picked":"Cleave","floor":10},{"not_picked":["Pommel Strike","Inflame"],"picked":"Flame Barrier","floor":12},{"not_picked":["Pommel Strike","Havoc"],"picked":"Power Through","floor":14}],"player_experience":687924,"relics_obtained":[{"floor":6,"key":"Girya"},{"floor":9,"key":"Kunai"},{"floor":10,"key":"Juzu Bracelet"},{"floor":12,"key":"Vajra"},{"floor":13,"key":"Smiling Mask"}],"event_choices":[{"event_name":"The Woman in Blue","player_choice":"Bought 0 Potions","floor":3,"damage_taken":0}],"is_beta":false,"boss_relics":[],"items_purged_floors":[],"is_endless":false,"potions_floor_spawned":[5,12,14],"killed_by":"Hexaghost","ascension_level":14}