{"gold_per_floor":[119,188,188,188,208,242,242,242,314,330,330,361,26,49,49,172,172,185,185,49,73,27,63,78,78,78,78,122,141,141,157,157,281,281,306,362,362,362,10,10,54,54,54,89,113,134,134,149,149,149],"floor_reached":51,"playtime":2937,"items_purged":["Injury","Strike_R","Writhe"],"score":926,"play_id":"5cd89cba-4310-4318-a2fe-26046e7e6de8","local_time":"20190624202550","is_ascension_mode":true,"campfire_choices":[{"floor":7,"key":"REST"},{"data":"Uppercut","floor":11,"key":"SMITH"},{"floor":15,"key":"REST"},{"floor":25,"key":"REST"},{"floor":27,"key":"REST"},{"floor":32,"key":"REST"},{"floor":40,"key":"REST"},{"floor":42,"key":"REST"},{"floor":47,"key":"REST"},{"floor":49,"key":"REST"}],"neow_cost":"NONE","seed_source_timestamp":806302714322400,"circlet_count":0,"master_deck":["Strike_R","Strike_R","Defend_R","Defend_R","Defend_R","Bash","Uppercut+1","Dropkick+1","Twin Strike","Combust+1","Flash of Steel","Anger","Thunderclap","Offering","Anger+1","Finesse","Twin Strike+1","Flex","Flex","Cleave+1","Dropkick+1","Impervious","Shockwave","Pommel Strike+1","Doubt","Bash","Demon Form+1","Flame Barrier","Flex","Thunderclap+1","Ghostly Armor+1"],"relics":["Burning Blood","Smiling Mask","Mercury Hourglass","Golden Idol","Frozen Egg 2","Singing Bowl","Bronze Scales","Fusion Hammer","Ornamental Fan","Whetstone","Bottled Flame","Bag of Marbles","Lizard Tail","Mango","Ginger","Pantograph","Dodecahedron","Vajra"],"potions_floor_usage":[12,16,23,36,46,48,50,50],"damage_taken":[{"damage":0,"enemies":"Small Slimes","floor":1,"turns":3},{"damage":6,"enemies":"Jaw Worm","floor":5,"turns":3},{"damage":40,"enemies":"Lagavulin","floor":6,"turns":6},{"damage":1,"enemies":"Cultist","floor":10,"turns":3},{"damage":12,"enemies":"3 Sentries","floor":12,"turns":4},{"damage":11,"enemies":"Gremlin Gang","floor":14,"turns":3},{"damage":46,"enemies":"Hexaghost","floor":16,"turns":5},{"damage":6,"enemies":"Shell Parasite","floor":18,"turns":2},{"damage":9,"enemies":"2 Thieves","floor":21,"turns":3},{"damage":36,"enemies":"Book of Stabbing","floor":23,"turns":4},{"damage":8,"enemies":"Chosen and Byrds","floor":24,"turns":3},{"damage":13,"enemies":"Slavers","floor":28,"turns":2},{"damage":20,"enemies":"Sentry and Sphere","floor":29,"turns":4},{"damage":2,"enemies":"3 Cultists","floor":31,"turns":4},{"damage":66,"enemies":"Automaton","floor":33,"turns":8},{"damage":3,"enemies":"Orb Walker","floor":35,"turns":3},{"damage":41,"enemies":"2 Orb Walkers","floor":36,"turns":5},{"damage":48,"enemies":"Reptomancer","floor":41,"turns":6},{"damage":28,"enemies":"Giant Head","floor":44,"turns":6},{"damage":19,"enemies":"3 Darklings","floor":45,"turns":3},{"damage":20,"enemies":"Spire Growth","floor":46,"turns":3},{"damage":8,"enemies":"4 Shapes","floor":48,"turns":2},{"damage":82,"enemies":"Donu and Deca","floor":50,"turns":6}],"seed_played":"-8288411711742935928","potions_obtained":[{"floor":6,"key":"LiquidBronze"},{"floor":12,"key":"Strength Potion"},{"floor":18,"key":"BloodPotion"},{"floor":24,"key":"BloodPotion"},{"floor":31,"key":"Ancient Potion"},{"floor":35,"key":"FearPotion"},{"floor":44,"key":"Energy Potion"},{"floor":46,"key":"Swift Potion"},{"floor":48,"key":"Poison Potion"}],"is_trial":false,"path_per_floor":["M","?","?","?","M","E","R","?","T","M","R","E","$","M","R","B",null,"M","?","$","M","$","E","M","R","T","R","E","M","?","M","R","B",null,"M","?","?","?","$","R","E","R","T","E","M","M","R","M","R","B",null],"character_chosen":"IRONCLAD","items_purchased":["Bronze Scales","Flash of Steel","Anger","Finesse","Flex","Ginger"],"campfire_rested":9,"item_purchase_floors":[13,13,13,20,22,39],"current_hp_per_floor":[80,80,80,85,85,51,76,76,76,81,81,77,77,72,87,47,77,77,77,77,74,74,52,50,76,76,87,82,70,70,74,91,31,76,79,67,67,67,67,98,56,87,87,65,54,40,72,70,102,31],"gold":149,"neow_bonus":"RANDOM_COMMON_RELIC","is_prod":false,"is_daily":false,"chose_seed":false,"campfire_upgraded":1,"win_rate":0,"timestamp":1561433150,"path_taken":["M","?","?","?","M","E","R","?","T","M","R","E","$","?","R","BOSS","M","?","$","?","$","E","?","R","T","R","E","?","?","M","R","BOSS","M","?","?","?","$","R","E","R","T","E","M","?","R","M","R","BOSS"],"build_version":"2019-01-23","purchased_purges":3,"victory":true,"max_hp_per_floor":[80,80,80,85,85,85,85,85,85,85,85,87,87,87,87,87,87,87,87,87,87,87,87,87,87,87,87,89,91,91,91,91,91,91,91,105,105,105,105,105,105,105,105,105,107,107,107,107,107,107],"card_choices":[{"not_picked":["Twin Strike","Reckless Charge"],"picked":"Uppercut","floor":1},{"not_picked":["Metallicize","Dropkick","Fire Breathing"],"picked":"SKIP","floor":5},{"not_picked":["Iron Wave","Body Slam"],"picked":"Twin Strike","floor":6},{"not_picked":["Perfected Strike","Wild Strike"],"picked":"Combust+1","floor":10},{"not_picked":["Entrench","Rage","Wild Strike"],"picked":"Singing Bowl","floor":12},{"not_picked":["Clothesline","Heavy Blade"],"picked":"Thunderclap","floor":14},{"not_picked":["Dark Embrace+1","Exhume"],"picked":"Offering","floor":16},{"not_picked":["Perfected Strike+1","Carnage"],"picked":"Anger","floor":18},{"not_picked":["Battle Trance","Iron Wave+1"],"picked":"Twin Strike+1","floor":21},{"not_picked":["Body Slam","Warcry+1"],"picked":"Flex","floor":23},{"not_picked":["Perfected Strike+1","Power Through"],"picked":"Cleave+1","floor":24},{"not_picked":["Wild Strike","Infernal Blade","Cleave"],"picked":"Singing Bowl","floor":28},{"not_picked":["Havoc+1","Sword Boomerang","Exhume"],"picked":"Singing Bowl","floor":29},{"not_picked":["Wild Strike","Havoc"],"picked":"Dropkick+1","floor":31},{"not_picked":["Reaper","Barricade+1"],"picked":"Impervious","floor":33},{"not_picked":["Havoc+1","Armaments"],"picked":"Shockwave","floor":35},{"not_picked":["Shrug It Off","Thunderclap"],"picked":"Pommel Strike+1","floor":36},{"not_picked":["Entrench","Shockwave+1"],"picked":"Flame Barrier","floor":41},{"not_picked":["Hemokinesis","Anger+1"],"picked":"Flex","floor":44},{"not_picked":["Perfected Strike","Wild Strike","Headbutt"],"picked":"Singing Bowl","floor":45},{"not_picked":["Warcry+1","Twin Strike"],"picked":"Thunderclap+1","floor":46},{"not_picked":["Intimidate","Iron Wave"],"picked":"Ghostly Armor+1","floor":48}],"player_experience":533285,"relics_obtained":[{"floor":6,"key":"Mercury Hourglass"},{"floor":9,"key":"Frozen Egg 2"},{"floor":12,"key":"Singing Bowl"},{"floor":23,"key":"Ornamental Fan"},{"floor":26,"key":"Whetstone"},{"floor":28,"key":"Bottled Flame"},{"floor":36,"key":"Mango"},{"floor":41,"key":"Pantograph"},{"floor":43,"key":"Dodecahedron"},{"floor":44,"key":"Vajra"}],"event_choices":[{"damage_healed":0,"gold_gain":69,"player_choice":"Gained Gold","damage_taken":0,"max_hp_gain":0,"max_hp_loss":0,"event_name":"Golden Wing","floor":2,"gold_loss":0},{"damage_healed":0,"gold_gain":0,"cards_transformed":["Strike_R"],"player_choice":"Change","damage_taken":0,"max_hp_gain":0,"max_hp_loss":0,"event_name":"Living Wall","floor":3,"gold_loss":0,"cards_obtained":["Dropkick"]},{"damage_healed":0,"gold_gain":0,"player_choice":"Donut","damage_taken":0,"max_hp_gain":5,"max_hp_loss":0,"event_name":"Big Fish","floor":4,"gold_loss":0},{"damage_healed":0,"gold_gain":0,"player_choice":"Take Wound","damage_taken":0,"relics_obtained":["Golden Idol"],"max_hp_gain":0,"max_hp_loss":0,"event_name":"Golden Idol","floor":8,"gold_loss":0,"cards_obtained":["Injury"]},{"cards_removed":["Strike_R"],"damage_healed":0,"gold_gain":0,"player_choice":"Purged","damage_taken":0,"max_hp_gain":0,"max_hp_loss":0,"event_name":"Purifier","floor":19,"gold_loss":0},{"damage_healed":0,"gold_gain":0,"player_choice":"Opened","damage_taken":0,"relics_obtained":["Bag of Marbles"],"max_hp_gain":0,"max_hp_loss":0,"event_name":"The Mausoleum","floor":30,"gold_loss":0,"cards_obtained":["Writhe"]},{"damage_healed":0,"gold_gain":0,"player_choice":"Fight","damage_taken":0,"max_hp_gain":0,"max_hp_loss":0,"event_name":"Mysterious Sphere","floor":36,"gold_loss":0},{"cards_removed":["Defend_R"],"damage_healed":0,"gold_gain":0,"player_choice":"Removed Skill","damage_taken":0,"max_hp_gain":0,"max_hp_loss":0,"event_name":"Falling","floor":37,"gold_loss":0},{"damage_healed":0,"gold_gain":0,"player_choice":"3 cards matched","damage_taken":0,"max_hp_gain":0,"max_hp_loss":0,"event_name":"Match and Keep!","floor":38,"gold_loss":0,"cards_obtained":["Doubt","Bash","Demon Form"]}],"is_beta":false,"boss_relics":[{"not_picked":["Tiny House","Ectoplasm"],"picked":"Fusion Hammer"},{"not_picked":["Runic Pyramid","Eternal Feather"],"picked":"Lizard Tail"}],"items_purged_floors":[13,20,39],"is_endless":false,"potions_floor_spawned":[6,12,18,24,31,35,44,46,48],"ascension_level":5}