{"gold_per_floor":[119,131,141,153,153,153,186,198,198,198,131,131,53,79,79,79],"floor_reached":16,"playtime":1002,"items_purged":[],"score":193,"play_id":"822bdf62-c944-4cd1-8b94-488aadfd1ba7","local_time":"20181009122016","is_ascension_mode":true,"campfire_choices":[{"data":"Thunderclap","floor":6,"key":"SMITH"},{"floor":10,"key":"REST"},{"floor":15,"key":"REST"}],"neow_cost":"NONE","seed_source_timestamp":2336703252120815,"circlet_count":0,"master_deck":["Strike_R","Strike_R","Strike_R","Strike_R","Defend_R","Defend_R","Defend_R","Defend_R","Bash","AscendersBane","Shrug It Off","Thunderclap+1","Flame Barrier","Shrug It Off","Dropkick","Pummel","Battle Trance"],"relics":["Burning Blood","Bronze Scales","Happy Flower","Singing Bowl","Orichalcum"],"potions_floor_usage":[7,14,16],"damage_taken":[{"damage":13,"enemies":"Jaw Worm","floor":1,"turns":4},{"damage":1,"enemies":"Cultist","floor":2,"turns":3},{"damage":10,"enemies":"Small Slimes","floor":3,"turns":3},{"damage":5,"enemies":"Exordium Wildlife","floor":4,"turns":3},{"damage":43,"enemies":"Lagavulin","floor":7,"turns":7},{"damage":18,"enemies":"3 Louse","floor":8,"turns":3},{"damage":20,"enemies":"3 Sentries","floor":14,"turns":6},{"damage":51,"enemies":"Slime Boss","floor":16,"turns":9}],"seed_played":"-5723445614445655602","potions_obtained":[{"floor":3,"key":"AttackPotion"},{"floor":4,"key":"FearPotion"},{"floor":14,"key":"Explosive Potion"}],"is_trial":false,"path_per_floor":["M","M","M","M","?","R","E","M","T","R","$","?","$","E","R"],"character_chosen":"IRONCLAD","items_purchased":["Dropkick","Battle Trance"],"campfire_rested":2,"item_purchase_floors":[11,13],"current_hp_per_floor":[61,66,62,63,63,63,26,14,14,36,36,36,36,24,47,0],"gold":79,"neow_bonus":"RANDOM_COMMON_RELIC","is_prod":false,"is_daily":false,"chose_seed":false,"campfire_upgraded":1,"win_rate":0,"timestamp":1539105616,"path_taken":["M","M","M","M","?","R","E","M","T","R","$","?","$","E","R","BOSS"],"build_version":"2018-10-04v2","purchased_purges":0,"victory":false,"max_hp_per_floor":[75,75,75,75,75,75,75,75,75,75,75,75,75,77,77,77],"card_choices":[{"not_picked":["Wild Strike","Clash"],"picked":"Shrug It Off","floor":1},{"not_picked":["Shrug It Off","True Grit"],"picked":"Thunderclap","floor":2},{"not_picked":["Body Slam","Havoc"],"picked":"Immolate","floor":3},{"not_picked":["Clash","Evolve","Hemokinesis"],"picked":"SKIP","floor":4},{"not_picked":["Burning Pact","Spot Weakness"],"picked":"Flame Barrier","floor":7},{"not_picked":["Wild Strike","Warcry"],"picked":"Shrug It Off","floor":8},{"not_picked":["Sword Boomerang","Havoc","Disarm"],"picked":"Singing Bowl","floor":14}],"player_experience":735035,"relics_obtained":[{"floor":7,"key":"Happy Flower"},{"floor":9,"key":"Singing Bowl"},{"floor":14,"key":"Orichalcum"}],"event_choices":[{"event_name":"Purifier","player_choice":"One Purge","floor":5,"damage_taken":0},{"event_name":"Transmorgrifier","player_choice":"Transform","floor":12,"damage_taken":0}],"is_beta":false,"boss_relics":[],"items_purged_floors":[],"is_endless":false,"potions_floor_spawned":[3,4,14],"killed_by":"Slime Boss","ascension_level":15}