{"gold_per_floor":[112,112,112,187,199,199,234,234,234,253,253,253],"floor_reached":12,"playtime":792,"items_purged":[],"score":95,"play_id":"83661558-aa20-4843-b51a-93a7dd9278f0","local_time":"20190528235423","is_ascension_mode":true,"campfire_choices":[{"data":"Sentinel","floor":6.0,"key":"SMITH"},{"data":"Corruption","floor":8.0,"key":"SMITH"}],"neow_cost":"NONE","seed_source_timestamp":105682311417748,"circlet_count":0,"master_deck":["Strike_R","Strike_R","Strike_R","Strike_R","Defend_R","Defend_R","Defend_R","Defend_R","Bash","Shockwave","Sentinel+1","Corruption+1","Disarm","Enlightenment"],"special_seed":0,"relics":["Burning Blood","Anchor","The Courier"],"potions_floor_usage":[],"damage_taken":[{"damage":6.0,"enemies":"Cultist","floor":1.0,"turns":3.0},{"damage":3.0,"enemies":"2 Louse","floor":5.0,"turns":3.0},{"damage":29.0,"enemies":"Lagavulin","floor":7.0,"turns":9.0},{"damage":0.0,"enemies":"Small Slimes","floor":10.0,"turns":4.0},{"damage":59,"enemies":"Gremlin Nob","floor":12,"turns":5}],"seed_played":"8658369761539851060","potions_obtained":[{"floor":5.0,"key":"Fire Potion"},{"floor":10.0,"key":"Ancient Potion"}],"is_trial":false,"path_per_floor":["M","?","$","?","M","R","E","R","T","M","?","E"],"character_chosen":"IRONCLAD","items_purchased":[],"campfire_rested":0,"item_purchase_floors":[],"current_hp_per_floor":[80,80,80,69,72,72,49,49,49,55,55,0],"gold":253,"neow_bonus":"RANDOM_COLORLESS","is_prod":false,"is_daily":false,"chose_seed":false,"campfire_upgraded":2,"win_rate":0,"timestamp":1559080463,"path_taken":["M","?","$","?","M","R","E","R","T","M","?","E"],"build_version":"2019-01-23","purchased_purges":0,"victory":false,"max_hp_per_floor":[80,80,80,80,80,80,80,80,80,80,80,80],"card_choices":[{"not_picked":["Headbutt","Perfected Strike"],"picked":"Shockwave","floor":1.0},{"not_picked":["Body Slam","Twin Strike","Warcry"],"picked":"SKIP","floor":5.0},{"not_picked":["Berserk","Heavy Blade"],"picked":"Corruption","floor":7.0},{"not_picked":["Heavy Blade","Seeing Red"],"picked":"Disarm","floor":10.0}],"player_experience":346908,"relics_obtained":[{"floor":7.0,"key":"Anchor"},{"floor":9.0,"key":"The Courier"}],"event_choices":[{"damage_healed":0.0,"max_hp_gain":0.0,"max_hp_loss":0.0,"gold_gain":0.0,"cards_transformed":["Strike_R"],"event_name":"Living Wall","player_choice":"Change","floor":2.0,"gold_loss":0.0,"damage_taken":0.0,"cards_obtained":["Sentinel"]},{"damage_healed":0.0,"max_hp_gain":0.0,"max_hp_loss":0.0,"gold_gain":75.0,"event_name":"World of Goop","player_choice":"Gather Gold","floor":4.0,"gold_loss":0.0,"damage_taken":11.0},{"damage_healed":0.0,"max_hp_gain":0.0,"max_hp_loss":0.0,"gold_gain":0.0,"cards_transformed":["Forethought"],"event_name":"Transmorgrifier","player_choice":"Transformed","floor":11.0,"gold_loss":0.0,"damage_taken":0.0,"cards_obtained":["Enlightenment"]}],"is_beta":false,"boss_relics":[],"items_purged_floors":[],"is_endless":false,"potions_floor_spawned":[5,10],"killed_by":"Gremlin Nob","ascension_level":5}