{"gold_per_floor":[112,132,132,207,219,244,244,269,292,292,292,309,322,341,341,438,438,452,116,150,150,134,166,166,491,491,502,417,55,55,69,69,170,170,188,168,168,268,287,287],"floor_reached":40,"playtime":3524,"items_purged":["Strike_G","Strike_G"],"score":484,"play_id":"b0835f70-6fa0-4974-b403-fb38733b9a8f","local_time":"20190307093619","is_ascension_mode":false,"campfire_choices":[{"data":"Dash","floor":7.0,"key":"SMITH"},{"data":"Dagger Spray","floor":10.0,"key":"SMITH"},{"floor":15.0,"key":"REST"},{"floor":24,"key":"REST"},{"floor":32,"key":"REST"}],"neow_cost":"NONE","seed_source_timestamp":0,"circlet_count":0,"master_deck":["Defend_G","Defend_G+1","Defend_G","Defend_G","Survivor","Neutralize","Dash+1","Dagger Spray+1","Blade Dance","Cloak And Dagger+1","Backflip","Slice","Dagger Spray","A Thousand Cuts+1","Endless Agony","Infinite Blades","Endless Agony","Choke","Dagger Spray+1","Writhe","Adrenaline","Escape Plan+1","Night Terror+1","Masterful Stab+1","Blur+1","Impatience"],"special_seed":0,"relics":["Ring of the Snake","Smiling Mask","Juzu Bracelet","War Paint","Black Star","Thread and Needle","Red Mask","Singing Bowl","Pantograph","Old Coin","Gambling Chip","Vajra","Regal Pillow","Nunchaku","Turnip","Astrolabe","Bird Faced Urn"],"potions_floor_usage":[20,23,31,33,38,40],"damage_taken":[{"damage":0.0,"enemies":"Cultist","floor":1.0,"turns":3.0},{"damage":0.0,"enemies":"2 Louse","floor":2.0,"turns":2.0},{"damage":0.0,"enemies":"Jaw Worm","floor":5.0,"turns":3.0},{"damage":23.0,"enemies":"Gremlin Nob","floor":6.0,"turns":7.0},{"damage":7.0,"enemies":"3 Sentries","floor":8.0,"turns":10.0},{"damage":0.0,"enemies":"Lots of Slimes","floor":12.0,"turns":3.0},{"damage":0.0,"enemies":"Gremlin Gang","floor":13.0,"turns":2.0},{"damage":0.0,"enemies":"3 Louse","floor":14.0,"turns":1.0},{"damage":52.0,"enemies":"Slime Boss","floor":16.0,"turns":10.0},{"damage":11.0,"enemies":"Shell Parasite","floor":18.0,"turns":8.0},{"damage":0,"enemies":"Masked Bandits","floor":20,"turns":3},{"damage":0,"enemies":"2 Thieves","floor":22,"turns":4},{"damage":52,"enemies":"Gremlin Leader","floor":23,"turns":9},{"damage":25,"enemies":"Slavers","floor":25,"turns":3},{"damage":2,"enemies":"Chosen and Byrds","floor":27,"turns":3},{"damage":2,"enemies":"Snake Plant","floor":31,"turns":5},{"damage":44,"enemies":"Collector","floor":33,"turns":7},{"damage":12,"enemies":"3 Darklings","floor":35,"turns":3},{"damage":3,"enemies":"Mind Bloom Boss Battle","floor":38,"turns":9},{"damage":4,"enemies":"3 Shapes","floor":39,"turns":2},{"damage":108,"enemies":"Giant Head","floor":40,"turns":9}],"seed_played":"5226876693718479283","potions_obtained":[{"floor":2.0,"key":"GamblersBrew"},{"floor":6.0,"key":"Poison Potion"},{"floor":14.0,"key":"Fruit Juice"},{"floor":16.0,"key":"SteroidPotion"},{"floor":18.0,"key":"Block Potion"},{"floor":25,"key":"Dexterity Potion"},{"floor":27,"key":"FearPotion"},{"floor":33,"key":"Explosive Potion"},{"floor":36,"key":"EssenceOfSteel"},{"floor":39,"key":"EssenceOfSteel"}],"is_trial":false,"path_per_floor":["M","M","?","?","M","E","R","E","T","R","?","M","M","M","R","B",null,"M","$","?","?","M","E","R","E","T","M","?","$","?","M","R","B",null,"M","?","?","?","M","E"],"character_chosen":"THE_SILENT","items_purchased":["Thread and Needle","Nunchaku"],"campfire_rested":3,"item_purchase_floors":[19,29],"current_hp_per_floor":[70,70,75,64,64,41,41,34,34,34,27,27,27,27,49,2,80,69,69,69,69,69,17,41,16,16,14,14,14,14,14,53,34,82,70,70,70,81,79,0],"gold":287,"neow_bonus":"TRANSFORM_CARD","is_prod":false,"is_daily":false,"chose_seed":false,"campfire_upgraded":2,"win_rate":0,"timestamp":1551972979,"path_taken":["M","?","?","?","M","E","R","E","T","R","?","M","M","M","R","BOSS","M","?","?","?","M","E","R","E","T","M","?","$","?","M","R","BOSS","M","?","?","?","M","E"],"build_version":"2019-01-23","purchased_purges":2,"victory":false,"max_hp_per_floor":[70,70,75,75,75,75,75,75,75,75,75,75,75,75,75,80,80,80,80,80,80,80,80,80,80,80,80,80,80,80,82,82,82,82,82,82,82,84,86,86],"card_choices":[{"not_picked":["Outmaneuver","Bane"],"picked":"Dagger Spray","floor":1.0},{"not_picked":["Bane","Well Laid Plans"],"picked":"Blade Dance","floor":2.0},{"not_picked":["Slice","Heel Hook"],"picked":"Cloak And Dagger","floor":5.0},{"not_picked":["Dodge and Roll","Footwork"],"picked":"Backflip","floor":6.0},{"not_picked":["Distraction","Bouncing Flask"],"picked":"Slice","floor":8.0},{"not_picked":["Die Die Die","Outmaneuver","Setup"],"picked":"SKIP","floor":12.0},{"not_picked":["Concentrate","PiercingWail"],"picked":"Dagger Spray","floor":13.0},{"not_picked":["Outmaneuver","Reflex","PiercingWail"],"picked":"SKIP","floor":14.0},{"not_picked":["Wraith Form v2","Doppelganger"],"picked":"A Thousand Cuts","floor":16.0},{"not_picked":["Outmaneuver+1","Dagger Throw","Skewer+1"],"picked":"SKIP","floor":18.0},{"not_picked":["Dodge and Roll","Flying Knee"],"picked":"Endless Agony","floor":20},{"not_picked":["Dodge and Roll","Footwork"],"picked":"Infinite Blades","floor":22},{"not_picked":["Concentrate+1","Backflip"],"picked":"Endless Agony","floor":23},{"not_picked":["After Image","Reflex"],"picked":"Choke","floor":25},{"not_picked":["Dodge and Roll","Prepared"],"picked":"Dagger Spray+1","floor":27},{"not_picked":["Poisoned Stab","Flying Knee","Underhanded Strike"],"picked":"Singing Bowl","floor":31},{"not_picked":["Wraith Form v2","Envenom"],"picked":"Adrenaline","floor":33},{"not_picked":["Crippling Poison+1","Flying Knee+1"],"picked":"Blur+1","floor":35},{"not_picked":["PanicButton","Purity"],"picked":"Impatience","floor":37},{"not_picked":["Outmaneuver","Dodge and Roll","Deadly Poison+1"],"picked":"Singing Bowl","floor":38},{"not_picked":["Deadly Poison+1","Acrobatics+1","Reflex+1"],"picked":"Singing Bowl","floor":39}],"player_experience":1133628,"relics_obtained":[{"floor":6.0,"key":"Smiling Mask"},{"floor":8.0,"key":"Juzu Bracelet"},{"floor":9.0,"key":"War Paint"},{"floor":20,"key":"Red Mask"},{"floor":23,"key":"Singing Bowl"},{"floor":23,"key":"Pantograph"},{"floor":25,"key":"Old Coin"},{"floor":25,"key":"Gambling Chip"},{"floor":26,"key":"Vajra"},{"floor":38,"key":"Bird Faced Urn"}],"event_choices":[{"damage_healed":0.0,"max_hp_gain":5.0,"max_hp_loss":0.0,"gold_gain":0.0,"event_name":"Big Fish","player_choice":"Donut","floor":3.0,"gold_loss":0.0,"damage_taken":0.0},{"damage_healed":0.0,"max_hp_gain":0.0,"max_hp_loss":0.0,"gold_gain":75.0,"event_name":"World of Goop","player_choice":"Gather Gold","floor":4.0,"gold_loss":0.0,"damage_taken":11.0},{"damage_healed":0.0,"max_hp_gain":0.0,"max_hp_loss":0.0,"gold_gain":0.0,"event_name":"Wheel of Change","player_choice":"Damaged","floor":11.0,"gold_loss":0.0,"damage_taken":7.0},{"damage_healed":0,"gold_gain":0,"player_choice":"Fought Bandits","damage_taken":0,"max_hp_gain":0,"max_hp_loss":0,"event_name":"Masked Bandits","floor":20,"gold_loss":0},{"damage_healed":0,"gold_gain":0,"player_choice":"Upgraded","damage_taken":0,"max_hp_gain":0,"max_hp_loss":0,"event_name":"Upgrade Shrine","floor":21,"gold_loss":0,"cards_upgraded":["A Thousand Cuts"]},{"damage_healed":0,"gold_gain":0,"player_choice":"Obtained Relic","damage_taken":0,"relics_obtained":["Regal Pillow"],"max_hp_gain":0,"max_hp_loss":0,"event_name":"Addict","floor":28,"gold_loss":85},{"damage_healed":0,"gold_gain":0,"player_choice":"Opened","damage_taken":0,"relics_obtained":["Turnip"],"max_hp_gain":0,"max_hp_loss":0,"event_name":"The Mausoleum","floor":30,"gold_loss":0,"cards_obtained":["Writhe"]},{"damage_healed":0,"gold_gain":0,"player_choice":"Bought 1 Potion","damage_taken":0,"max_hp_gain":0,"max_hp_loss":0,"event_name":"The Woman in Blue","floor":36,"gold_loss":0},{"damage_healed":0,"gold_gain":0,"player_choice":"Memory 1","damage_taken":0,"max_hp_gain":0,"max_hp_loss":0,"event_name":"SensoryStone","floor":37,"gold_loss":0},{"damage_healed":0,"gold_gain":0,"player_choice":"Fight","damage_taken":0,"max_hp_gain":0,"max_hp_loss":0,"event_name":"MindBloom","floor":38,"gold_loss":0}],"is_beta":false,"boss_relics":[{"not_picked":["HoveringKite","Snecko Eye"],"picked":"Black Star"},{"not_picked":["Lizard Tail","Runic Dome"],"picked":"Astrolabe"}],"items_purged_floors":[19,29],"is_endless":false,"potions_floor_spawned":[2,6,14,16,18,25,27,33,39],"killed_by":"Giant Head","ascension_level":0}