{"gold_per_floor":[110,121,121,139,157,157,189,189,189,215,165,181,181,191,191,294,294,310,310,325,339,356,356,386,386,386,77,77,90,125,139,139,139],"floor_reached":33,"playtime":9325,"items_purged":[],"score":528,"play_id":"66b5b4d9-f7dd-412c-9136-67619a7d4331","local_time":"20180928141048","is_ascension_mode":true,"campfire_choices":[{"data":"Armaments","floor":6.0,"key":"SMITH"},{"data":"Uppercut","floor":8.0,"key":"SMITH"},{"data":"Flame Barrier","floor":15.0,"key":"SMITH"},{"floor":23.0,"key":"REST"},{"floor":28.0,"key":"REST"},{"data":"Spot Weakness","floor":32.0,"key":"SMITH"}],"neow_cost":"NONE","seed_source_timestamp":0,"circlet_count":0,"master_deck":["Strike_R+1","Strike_R","Strike_R","Strike_R","Strike_R","Defend_R","Defend_R+1","Defend_R+1","Defend_R+1","AscendersBane","Rage+1","Uppercut+1","Flame Barrier+1","Armaments+1","Body Slam+1","Thunderclap+1","Twin Strike+1","Feed+1","Headbutt+1","Body Slam+1","Hemokinesis+1","Body Slam+1","Metallicize+1","Spot Weakness+1"],"special_seed":0,"relics":["Burning Blood","Molten Egg 2","Gremlin Horn","Frozen Egg 2","Runic Cube","Mango","Enchiridion","Ancient Tea Set","Anchor","PreservedInsect","War Paint"],"potions_floor_usage":[],"damage_taken":[{"damage":3.0,"enemies":"2 Louse","floor":1.0,"turns":4.0},{"damage":2.0,"enemies":"Jaw Worm","floor":2.0,"turns":4.0},{"damage":4.0,"enemies":"Small Slimes","floor":4.0,"turns":3.0},{"damage":7.0,"enemies":"3 Louse","floor":5.0,"turns":4.0},{"damage":12.0,"enemies":"3 Sentries","floor":7.0,"turns":10.0},{"damage":13.0,"enemies":"Lagavulin","floor":10.0,"turns":7.0},{"damage":2.0,"enemies":"2 Fungi Beasts","floor":12.0,"turns":4.0},{"damage":0.0,"enemies":"Large Slime","floor":14.0,"turns":4.0},{"damage":23.0,"enemies":"The Guardian","floor":16.0,"turns":12.0},{"damage":28.0,"enemies":"2 Thieves","floor":18.0,"turns":3.0},{"damage":0.0,"enemies":"Spheric Guardian","floor":20.0,"turns":3.0},{"damage":23.0,"enemies":"Cultist and Chosen","floor":21.0,"turns":7.0},{"damage":8.0,"enemies":"Snake Plant","floor":22.0,"turns":3.0},{"damage":22.0,"enemies":"Gremlin Leader","floor":24.0,"turns":7.0},{"damage":12.0,"enemies":"Centurion and Healer","floor":29.0,"turns":6.0},{"damage":15.0,"enemies":"Slavers","floor":30.0,"turns":3.0},{"damage":6.0,"enemies":"Shelled Parasite and Fungi","floor":31.0,"turns":4.0},{"damage":38,"enemies":"Automaton","floor":33,"turns":6}],"seed_played":"-4956988105250130034","potions_obtained":[{"floor":1.0,"key":"Regen Potion"},{"floor":10.0,"key":"SpeedPotion"},{"floor":12.0,"key":"Fire Potion"},{"floor":18.0,"key":"AttackPotion"},{"floor":21.0,"key":"SteroidPotion"},{"floor":29.0,"key":"Energy Potion"}],"is_trial":false,"path_per_floor":["M","M","?","M","M","R","E","R","T","E","?","M","?","M","R","B",null,"M","?","M","M","M","R","E","?","T","$","R","M","E","M","R"],"character_chosen":"IRONCLAD","items_purchased":["Anchor","PreservedInsect"],"campfire_rested":2,"item_purchase_floors":[27,27],"current_hp_per_floor":[83,87,69,71,70,70,79,79,79,72,72,76,76,82,82,65,82,64,55,61,44,42,69,67,51,51,51,82,80,75,75,75,37],"gold":139,"neow_bonus":"TEN_PERCENT_HP_BONUS","is_prod":false,"is_daily":false,"chose_seed":false,"campfire_upgraded":4,"win_rate":0,"timestamp":1538161848,"path_taken":["M","M","?","M","M","R","E","R","T","E","?","?","?","?","R","BOSS","M","?","?","?","M","R","E","?","T","$","R","M","E","M","R","BOSS"],"build_version":"2018-09-27","purchased_purges":0,"victory":false,"max_hp_per_floor":[88,88,88,88,88,88,88,88,88,88,88,88,88,88,88,88,88,92,92,92,92,92,92,106,106,106,106,106,110,114,114,114,114],"card_choices":[{"not_picked":["Dropkick","Disarm"],"picked":"Rage","floor":1.0},{"not_picked":["Heavy Blade","Anger"],"picked":"Uppercut","floor":2.0},{"not_picked":["Shockwave","Feel No Pain"],"picked":"Flame Barrier","floor":4.0},{"not_picked":["Hemokinesis","Clash"],"picked":"Armaments","floor":5.0},{"not_picked":["Corruption","Anger","Burning Pact"],"picked":"SKIP","floor":7.0},{"not_picked":["Blood for Blood+1","Feed+1"],"picked":"Body Slam+1","floor":10.0},{"not_picked":["Wild Strike+1","Clothesline+1"],"picked":"Thunderclap+1","floor":12.0},{"not_picked":["Feel No Pain+1","True Grit"],"picked":"Twin Strike+1","floor":14.0},{"not_picked":["Berserk+1","Exhume"],"picked":"Feed+1","floor":16.0},{"not_picked":["Hemokinesis+1","True Grit+1"],"picked":"Headbutt+1","floor":18.0},{"not_picked":["Disarm","Clash+1"],"picked":"Body Slam+1","floor":20.0},{"not_picked":["Havoc","Armaments"],"picked":"Hemokinesis+1","floor":21.0},{"not_picked":["True Grit","Armaments","Brutality+1"],"picked":"SKIP","floor":22.0},{"not_picked":["Rupture+1","Berserk+1"],"picked":"Body Slam+1","floor":24.0},{"not_picked":["Shockwave","Havoc","Hemokinesis+1"],"picked":"SKIP","floor":29.0},{"not_picked":["Havoc","Entrench"],"picked":"Metallicize+1","floor":30.0},{"not_picked":["Sword Boomerang+1","Armaments+1"],"picked":"Spot Weakness","floor":31.0}],"player_experience":652403,"relics_obtained":[{"floor":7.0,"key":"Molten Egg 2"},{"floor":9.0,"key":"Gremlin Horn"},{"floor":10.0,"key":"Frozen Egg 2"},{"floor":24.0,"key":"Mango"},{"floor":25.0,"key":"Enchiridion"},{"floor":26.0,"key":"Ancient Tea Set"},{"floor":30.0,"key":"War Paint"}],"event_choices":[{"event_name":"Shining Light","player_choice":"Entered Light","floor":3.0,"damage_taken":0.0},{"event_name":"The Cleric","player_choice":"Card Removal","floor":11.0,"damage_taken":0.0},{"event_name":"Living Wall","player_choice":"Grow","floor":13.0,"damage_taken":0.0},{"event_name":"Knowing Skull","player_choice":"","floor":19.0,"damage_taken":0.0},{"event_name":"Cursed Tome","player_choice":"Obtained Book","floor":25.0,"damage_taken":0.0}],"is_beta":false,"boss_relics":[{"not_picked":["Astrolabe","Cursed Key"],"picked":"Runic Cube"}],"items_purged_floors":[],"is_endless":false,"potions_floor_spawned":[1,10,12,18,21,29],"killed_by":"Automaton","ascension_level":12}