{"gold_per_floor":[110,120,120,131,146,146,176,194,217,237,251,279,279,296,296,370,370,384,395,415,415],"floor_reached":21,"playtime":1103,"items_purged":[],"score":444,"play_id":"a15dc5b4-2de7-4a8c-8b0b-fae9f731b037","local_time":"20190625194833","is_ascension_mode":true,"campfire_choices":[{"floor":6,"key":"REST"},{"floor":13,"key":"REST"},{"floor":15,"key":"REST"}],"neow_cost":"NONE","seed_source_timestamp":25561548954717,"circlet_count":0,"master_deck":["AscendersBane","Defend_G","Defend_G","Defend_G","Defend_G","Defend_G","Strike_G","Strike_G","Strike_G","Strike_G","Survivor","Neutralize","Deadly Poison+1","Backstab","Poisoned Stab","Well Laid Plans","Noxious Fumes","Dodge and Roll","Catalyst","Wraith Form v2","Bouncing Flask+1","PiercingWail","Footwork"],"relics":["Ring of the Snake","PreservedInsect","Strawberry","Centennial Puzzle","Cursed Key"],"potions_floor_usage":[11,12,16,20,21],"damage_taken":[{"damage":1,"enemies":"Cultist","floor":1,"turns":5},{"damage":0,"enemies":"Jaw Worm","floor":2,"turns":4},{"damage":0,"enemies":"Small Slimes","floor":4,"turns":4},{"damage":31,"enemies":"Exordium Thugs","floor":5,"turns":6},{"damage":36,"enemies":"Gremlin Nob","floor":7,"turns":4},{"damage":1,"enemies":"Large Slime","floor":8,"turns":5},{"damage":1,"enemies":"Exordium Wildlife","floor":10,"turns":3},{"damage":5,"enemies":"Gremlin Gang","floor":11,"turns":5},{"damage":0,"enemies":"Lagavulin","floor":12,"turns":7},{"damage":7,"enemies":"3 Louse","floor":14,"turns":2},{"damage":13,"enemies":"Slime Boss","floor":16,"turns":12},{"damage":0,"enemies":"Spheric Guardian","floor":18,"turns":5},{"damage":16,"enemies":"3 Byrds","floor":19,"turns":5},{"damage":2,"enemies":"Centurion and Healer","floor":20,"turns":5},{"damage":48,"enemies":"Masked Bandits","floor":21,"turns":4}],"seed_played":"-7533582220844673413","potions_obtained":[{"floor":7,"key":"Dexterity Potion"},{"floor":8,"key":"Swift Potion"},{"floor":10,"key":"Strength Potion"},{"floor":12,"key":"Dexterity Potion"},{"floor":14,"key":"Energy Potion"},{"floor":19,"key":"Weak Potion"}],"is_trial":false,"path_per_floor":["M","M","?","M","M","R","E","M","T","M","M","E","R","M","R","B",null,"M","M","M","?"],"character_chosen":"THE_SILENT","items_purchased":[],"campfire_rested":3,"item_purchase_floors":[],"current_hp_per_floor":[58,58,58,58,27,46,10,9,16,15,10,10,31,24,45,32,63,63,47,45,0],"gold":415,"neow_bonus":"REMOVE_CARD","is_prod":false,"is_daily":false,"chose_seed":false,"campfire_upgraded":0,"win_rate":0,"timestamp":1561484913,"path_taken":["M","M","?","M","M","R","E","M","T","M","M","E","R","M","R","BOSS","M","?","M","?"],"build_version":"2019-01-23","purchased_purges":0,"victory":false,"max_hp_per_floor":[66,66,66,66,66,66,66,66,73,73,73,73,73,73,73,73,73,73,73,73,73],"card_choices":[{"not_picked":["Deflect","Distraction"],"picked":"Deadly Poison","floor":1},{"not_picked":["Bane","Blur"],"picked":"Backstab","floor":2},{"not_picked":["Blade Dance","Blur"],"picked":"Poisoned Stab","floor":4},{"not_picked":["Prepared","Calculated Gamble"],"picked":"Well Laid Plans","floor":5},{"not_picked":["Bane","Grand Finale"],"picked":"Noxious Fumes","floor":7},{"not_picked":["Deflect","Poisoned Stab","Deadly Poison"],"picked":"SKIP","floor":8},{"not_picked":["Dagger Spray","Poisoned Stab"],"picked":"Dodge and Roll","floor":10},{"not_picked":["Outmaneuver","Expertise","Poisoned Stab"],"picked":"SKIP","floor":11},{"not_picked":["Dodge and Roll","Phantasmal Killer"],"picked":"Catalyst","floor":12},{"not_picked":["Dagger Throw","Quick Slash","Flying Knee"],"picked":"SKIP","floor":14},{"not_picked":["Adrenaline","Grand Finale"],"picked":"Wraith Form v2","floor":16},{"not_picked":["Poisoned Stab+1","Prepared"],"picked":"Bouncing Flask+1","floor":18},{"not_picked":["Riddle With Holes","Deadly Poison+1"],"picked":"PiercingWail","floor":19},{"not_picked":["Deflect","Slice+1"],"picked":"Footwork","floor":20}],"player_experience":1425642,"relics_obtained":[{"floor":7,"key":"PreservedInsect"},{"floor":9,"key":"Strawberry"},{"floor":12,"key":"Centennial Puzzle"}],"event_choices":[{"damage_healed":0,"gold_gain":0,"player_choice":"Forge","damage_taken":0,"max_hp_gain":0,"max_hp_loss":0,"event_name":"Accursed Blacksmith","floor":3,"gold_loss":0,"cards_upgraded":["Deadly Poison"]},{"damage_healed":0,"gold_gain":0,"player_choice":"Fought Bandits","damage_taken":0,"max_hp_gain":0,"max_hp_loss":0,"event_name":"Masked Bandits","floor":21,"gold_loss":0}],"is_beta":false,"boss_relics":[{"not_picked":["HoveringKite","Tiny House"],"picked":"Cursed Key"}],"items_purged_floors":[],"is_endless":false,"potions_floor_spawned":[7,8,10,12,14,19],"killed_by":"Masked Bandits","ascension_level":20}