{"gold_per_floor":[211,136,136,136,153,153,169,169,196,215,232,232,249,281,281,352,352,365,290,300,316,316,316,329,329,329,8,19,33,33,45,45,123,123,140,140,153,28,48,48,48,48],"floor_reached":42,"playtime":4209,"items_purged":["Strike_R","Strike_R","Strike_R"],"score":860,"play_id":"e1e46534-65fc-4e5c-aeeb-e1b7a7e04d2c","local_time":"20181009133942","is_ascension_mode":true,"campfire_choices":[{"data":"Thunderclap","floor":6.0,"key":"SMITH"},{"data":"Heavy Blade","floor":8.0,"key":"SMITH"},{"data":"Flex","floor":12.0,"key":"SMITH"},{"data":"Iron Wave","floor":15.0,"key":"SMITH"},{"floor":23.0,"key":"REST"},{"floor":32.0,"key":"REST"},{"data":"Fiend Fire","floor":40.0,"key":"SMITH"}],"neow_cost":"NONE","seed_source_timestamp":0,"circlet_count":0,"master_deck":["Defend_R","Defend_R","Defend_R","Defend_R","Bash","AscendersBane","Spot Weakness","Thunderclap+1","Heavy Blade+1","Iron Wave+1","Headbutt","Shrug It Off","Double Tap","Thunderclap","Pommel Strike","Iron Wave","Flex","Spot Weakness","Iron Wave","Pommel Strike","Writhe","Demon Form","Fiend Fire+1","Shrug It Off","Flex"],"special_seed":0,"relics":["Burning Blood","Bag of Marbles","Centennial Puzzle","Sozu","Nilry\u0027s Codex","Mango","Darkstone Periapt","Blood Vial","Mercury Hourglass","Snecko Eye"],"potions_floor_usage":[],"damage_taken":[{"damage":6.0,"enemies":"Cultist","floor":1.0,"turns":4.0},{"damage":0.0,"enemies":"2 Louse","floor":5.0,"turns":4.0},{"damage":5.0,"enemies":"Small Slimes","floor":7.0,"turns":4.0},{"damage":11.0,"enemies":"Looter","floor":10.0,"turns":2.0},{"damage":0.0,"enemies":"2 Fungi Beasts","floor":11.0,"turns":2.0},{"damage":18.0,"enemies":"Large Slime","floor":13.0,"turns":2.0},{"damage":15.0,"enemies":"3 Sentries","floor":14.0,"turns":6.0},{"damage":0.0,"enemies":"Slime Boss","floor":16.0,"turns":6.0},{"damage":17.0,"enemies":"Shell Parasite","floor":18.0,"turns":3.0},{"damage":18.0,"enemies":"3 Byrds","floor":20.0,"turns":4.0},{"damage":25.0,"enemies":"Shelled Parasite and Fungi","floor":21.0,"turns":4.0},{"damage":12.0,"enemies":"Cultist and Chosen","floor":24.0,"turns":4.0},{"damage":7.0,"enemies":"3 Cultists","floor":28.0,"turns":3.0},{"damage":5.0,"enemies":"Centurion and Healer","floor":29.0,"turns":4.0},{"damage":22.0,"enemies":"Shelled Parasite and Fungi","floor":31.0,"turns":4.0},{"damage":58.0,"enemies":"Champ","floor":33.0,"turns":8.0},{"damage":4.0,"enemies":"3 Darklings","floor":35.0,"turns":3.0},{"damage":13.0,"enemies":"3 Shapes","floor":37.0,"turns":4.0},{"damage":22.0,"enemies":"3 Darklings","floor":39.0,"turns":4.0},{"damage":38,"enemies":"Giant Head","floor":42,"turns":6}],"seed_played":"1159827302497910720","potions_obtained":[{"floor":10.0,"key":"AttackPotion"},{"floor":16.0,"key":"Poison Potion"}],"is_trial":false,"path_per_floor":["M","?","?","?","M","R","M","R","T","M","M","R","M","E","R","B",null,"M","$","M","M","?","R","M","?","T","$","M","M","?","M","R","B",null,"M","?","M","$","M","R","?"],"character_chosen":"IRONCLAD","items_purchased":["Blood Vial","Spot Weakness"],"campfire_rested":2,"item_purchase_floors":[27,27],"current_hp_per_floor":[68,68,73,66,72,72,73,73,73,68,74,74,62,53,53,59,75,64,64,52,33,12,36,30,44,44,44,45,48,54,40,70,20,80,84,84,79,79,65,65,50,14],"gold":48,"neow_bonus":"HUNDRED_GOLD","is_prod":false,"is_daily":false,"chose_seed":false,"campfire_upgraded":5,"win_rate":0,"timestamp":1539110382,"path_taken":["M","?","?","?","M","R","M","R","T","M","?","R","M","E","R","BOSS","M","$","M","M","?","R","M","?","T","$","M","?","?","M","R","BOSS","M","?","M","$","M","R","?","E"],"build_version":"2018-10-04v2","purchased_purges":3,"victory":false,"max_hp_per_floor":[75,75,80,80,80,80,80,80,80,80,80,80,80,80,80,80,80,80,80,80,80,80,80,80,94,94,94,94,94,100,100,100,100,100,100,100,100,100,100,100,100,100],"card_choices":[{"not_picked":["Sword Boomerang","Pommel Strike"],"picked":"Spot Weakness","floor":1.0},{"not_picked":["Demon Form","Perfected Strike"],"picked":"Thunderclap","floor":5.0},{"not_picked":["True Grit","Disarm"],"picked":"Heavy Blade","floor":7.0},{"not_picked":["Heavy Blade","Pommel Strike"],"picked":"Flex","floor":10.0},{"not_picked":["Uppercut","Combust"],"picked":"Iron Wave","floor":11.0},{"not_picked":["Perfected Strike","Pummel"],"picked":"Headbutt","floor":13.0},{"not_picked":["Evolve","Cleave"],"picked":"Shrug It Off","floor":14.0},{"not_picked":["Exhume","Feed"],"picked":"Double Tap","floor":16.0},{"not_picked":["Anger","Armaments"],"picked":"Thunderclap","floor":18.0},{"not_picked":["Clash","Warcry"],"picked":"Pommel Strike","floor":20.0},{"not_picked":["Fire Breathing","Pommel Strike"],"picked":"Iron Wave","floor":21.0},{"not_picked":["Havoc","Anger"],"picked":"Flex","floor":24.0},{"not_picked":["Exhume","Clash"],"picked":"Iron Wave","floor":28.0},{"not_picked":["True Grit","Anger"],"picked":"Pommel Strike","floor":29.0},{"not_picked":["Inflame","Twin Strike"],"picked":"Demon Form","floor":31.0},{"not_picked":["Feed","Bludgeon"],"picked":"Fiend Fire","floor":33.0},{"not_picked":["Inflame","Twin Strike"],"picked":"Shrug It Off","floor":35.0},{"not_picked":["Dual Wield","Combust"],"picked":"Flex","floor":37.0},{"not_picked":["Armaments","Bludgeon","Disarm"],"picked":"SKIP","floor":39.0}],"player_experience":736037,"relics_obtained":[{"floor":9.0,"key":"Bag of Marbles"},{"floor":14.0,"key":"Centennial Puzzle"},{"floor":22.0,"key":"Nilry\u0027s Codex"},{"floor":25.0,"key":"Mango"},{"floor":26.0,"key":"Darkstone Periapt"}],"event_choices":[{"event_name":"The Cleric","player_choice":"Card Removal","floor":2.0,"damage_taken":0.0},{"event_name":"Big Fish","player_choice":"Donut","floor":3.0,"damage_taken":0.0},{"event_name":"Golden Wing","player_choice":"Card Removal","floor":4.0,"damage_taken":0.0},{"event_name":"Cursed Tome","player_choice":"Obtained Book","floor":22.0,"damage_taken":0.0},{"event_name":"Wheel of Change","player_choice":"Relic","floor":25.0,"damage_taken":0.0},{"event_name":"The Mausoleum","player_choice":"Yes","floor":30.0,"damage_taken":0.0},{"event_name":"Falling","player_choice":"Removed Skill","floor":36.0,"damage_taken":0.0},{"event_name":"Wheel of Change","player_choice":"Damage","floor":41.0,"damage_taken":0.0}],"is_beta":false,"boss_relics":[{"not_picked":["Pandora\u0027s Box","Tiny House"],"picked":"Sozu"},{"not_picked":["Fusion Hammer","Coffee Dripper"],"picked":"Snecko Eye"}],"items_purged_floors":[19,27,38],"is_endless":false,"potions_floor_spawned":[10,16,20,21,29,33],"killed_by":"Giant Head","ascension_level":15}