{"gold_per_floor":[113,128,128,128,142,142,176,176,176,176,199,215,246,271,271,392,392,416,416,432,432],"floor_reached":21,"playtime":1796,"items_purged":[],"score":245,"play_id":"64caf766-af56-4145-9ab8-6809d1f0532d","local_time":"20180928191553","is_ascension_mode":true,"campfire_choices":[{"floor":6,"key":"REST"},{"floor":15,"key":"REST"}],"neow_cost":"PERCENT_DAMAGE","seed_source_timestamp":22789077639669,"circlet_count":0,"master_deck":["Strike_R+1","Strike_R","Strike_R","Strike_R","Strike_R+1","Defend_R","Defend_R","Defend_R","Defend_R","Bash","Bludgeon","Pommel Strike","Inflame","Iron Wave","Cleave","Feed","Combust","Anger","Reckless Charge","Immolate","Heavy Blade+1","Twin Strike"],"relics":["Burning Blood","Golden Idol","Sundial","Whetstone","The Courier","Darkstone Periapt","Kunai","Empty Cage"],"potions_floor_usage":[13,13,18],"damage_taken":[{"damage":1,"enemies":"Cultist","floor":1,"turns":3},{"damage":6,"enemies":"Small Slimes","floor":2,"turns":2},{"damage":11,"enemies":"2 Louse","floor":5,"turns":3},{"damage":35,"enemies":"Lagavulin","floor":7,"turns":5},{"damage":9,"enemies":"Blue Slaver","floor":11,"turns":4},{"damage":0,"enemies":"Large Slime","floor":12,"turns":4},{"damage":17,"enemies":"3 Sentries","floor":13,"turns":6},{"damage":12,"enemies":"Looter","floor":14,"turns":3},{"damage":73,"enemies":"The Guardian","floor":16,"turns":9},{"damage":35,"enemies":"Shell Parasite","floor":18,"turns":4},{"damage":40,"enemies":"Colosseum Slavers","floor":19,"turns":3},{"damage":40,"enemies":"3 Byrds","floor":20,"turns":5},{"damage":22,"enemies":"Snake Plant","floor":21,"turns":3}],"seed_played":"5272592421850607047","potions_obtained":[{"floor":7,"key":"Energy Potion"},{"floor":11,"key":"SteroidPotion"},{"floor":13,"key":"SneckoOil"},{"floor":18,"key":"FairyPotion"}],"is_trial":false,"path_per_floor":["M","M","?","?","M","R","E","T","T","?","M","M","E","M","R","B",null,"M","?","M"],"character_chosen":"IRONCLAD","items_purchased":[],"campfire_rested":2,"item_purchase_floors":[],"current_hp_per_floor":[61,61,61,54,49,73,44,44,44,70,67,76,65,59,85,18,86,60,29,15,0],"gold":432,"neow_bonus":"THREE_RARE_CARDS","is_prod":false,"is_daily":false,"chose_seed":false,"campfire_upgraded":0,"win_rate":0,"timestamp":1538187353,"path_taken":["M","M","?","?","M","R","E","?","T","?","M","M","E","M","R","BOSS","M","?","?","M"],"build_version":"2018-09-27","purchased_purges":0,"victory":false,"max_hp_per_floor":[80,80,80,80,80,80,80,80,80,86,86,89,89,89,89,89,86,89,92,95,95],"card_choices":[{"not_picked":["Dark Embrace","Double Tap"],"picked":"Bludgeon","floor":0},{"not_picked":["Clothesline","Carnage"],"picked":"Pommel Strike","floor":1},{"not_picked":["Bloodletting","Heavy Blade"],"picked":"Inflame","floor":2},{"not_picked":["True Grit","Carnage"],"picked":"Iron Wave","floor":5},{"not_picked":["Thunderclap","Wild Strike"],"picked":"Cleave","floor":7},{"not_picked":["Sever Soul","Clothesline"],"picked":"Feed","floor":11},{"not_picked":["Heavy Blade","Perfected Strike"],"picked":"Combust","floor":12},{"not_picked":["Exhume","Uppercut"],"picked":"Anger","floor":13},{"not_picked":["True Grit","Clash"],"picked":"Reckless Charge","floor":14},{"not_picked":["Bludgeon","Offering"],"picked":"Immolate","floor":16},{"not_picked":["Sword Boomerang+1","Iron Wave"],"picked":"Heavy Blade+1","floor":18},{"not_picked":["Iron Wave","Clothesline+1"],"picked":"Twin Strike","floor":20}],"player_experience":398106,"relics_obtained":[{"floor":7,"key":"Whetstone"},{"floor":8,"key":"The Courier"},{"floor":9,"key":"Darkstone Periapt"},{"floor":13,"key":"Kunai"}],"event_choices":[{"event_name":"Golden Idol","player_choice":"Take Wound","floor":3,"damage_taken":0},{"event_name":"Scrap Ooze","player_choice":"success","floor":4,"damage_taken":7},{"event_name":"Mushrooms","player_choice":"Healed and dodged fight","floor":10,"damage_taken":0},{"event_name":"Colosseum","player_choice":"Fight","floor":19,"damage_taken":0},{"event_name":"Colosseum","player_choice":"Fled From Nobs","floor":19,"damage_taken":0}],"is_beta":false,"boss_relics":[{"not_picked":["Tiny House","Busted Crown"],"picked":"Empty Cage"}],"items_purged_floors":[],"is_endless":false,"potions_floor_spawned":[7,11,13,18,19],"killed_by":"Snake Plant","ascension_level":3}