{"gold_per_floor":[365,365,24,24,36,36,67,67,67,67,85,150,177,194,194,292,292,310,97,97,97,107,107,118,118,118,118,151,26,43,56,56,157,157,175,195,213,228,228,254,254,282,282,282,282,21,21,41,41,41],"floor_reached":51,"playtime":5453,"items_purged":["Strike_R","Strike_R","Strike_R","Strike_R"],"score":954,"play_id":"e301d381-beba-4765-93da-84fb224f5060","local_time":"20190702220924","is_ascension_mode":true,"campfire_choices":[{"data":"Armaments","floor":6.0,"key":"SMITH"},{"data":"Disarm","floor":8.0,"key":"SMITH"},{"data":"Bash","floor":10.0,"key":"SMITH"},{"data":"Evolve","floor":15.0,"key":"SMITH"},{"data":"Shockwave","floor":23.0,"key":"SMITH"},{"data":"Corruption","floor":25.0,"key":"SMITH"},{"data":"Offering","floor":27.0,"key":"SMITH"},{"data":"Feel No Pain","floor":32.0,"key":"SMITH"},{"data":"Demon Form","floor":41.0,"key":"SMITH"},{"data":"Disarm","floor":45.0,"key":"SMITH"},{"data":"Disarm","floor":47.0,"key":"SMITH"},{"data":"Battle Trance","floor":49.0,"key":"SMITH"}],"neow_cost":"TEN_PERCENT_HP_LOSS","seed_source_timestamp":635696257613100,"circlet_count":0,"master_deck":["Defend_R","Defend_R","Defend_R","Defend_R","Bash+1","Feel No Pain+1","Shrug It Off","Evolve+1","Secret Technique","Cleave","Armaments+1","Disarm+1","Clothesline+1","Carnage+1","Sword Boomerang+1","Offering+1","Second Wind","Corruption+1","Disarm+1","Shockwave+1","Seeing Red","Disarm+1","Evolve+1","Shrug It Off+1","Whirlwind+1","Impervious","Warcry+1","True Grit+1","Warcry+1","Demon Form+1","Body Slam+1","Apotheosis","Madness","Battle Trance+1","Entrench+1"],"special_seed":0,"relics":["Burning Blood","Mummified Hand","Pear","Molten Egg 2","Tiny Chest","Boot","Mark of Pain","FossilizedHelix","Centennial Puzzle","Lizard Tail","Matryoshka","Ginger","Pocketwatch","Happy Flower","Magic Flower"],"potions_floor_usage":[50],"damage_taken":[{"damage":2.0,"enemies":"Jaw Worm","floor":1.0,"turns":4.0},{"damage":1.0,"enemies":"Small Slimes","floor":5.0,"turns":4.0},{"damage":26.0,"enemies":"Lagavulin","floor":7.0,"turns":10.0},{"damage":0.0,"enemies":"2 Louse","floor":11.0,"turns":5.0},{"damage":21.0,"enemies":"Gremlin Nob","floor":12.0,"turns":4.0},{"damage":1.0,"enemies":"Exordium Wildlife","floor":14.0,"turns":6.0},{"damage":9.0,"enemies":"Hexaghost","floor":16.0,"turns":8.0},{"damage":1.0,"enemies":"Shell Parasite","floor":18.0,"turns":5.0},{"damage":3.0,"enemies":"3 Byrds","floor":22.0,"turns":5.0},{"damage":7.0,"enemies":"Snecko","floor":24.0,"turns":4.0},{"damage":0.0,"enemies":"Gremlin Leader","floor":28.0,"turns":4.0},{"damage":0.0,"enemies":"3 Cultists","floor":30.0,"turns":4.0},{"damage":0.0,"enemies":"Sentry and Sphere","floor":31.0,"turns":4.0},{"damage":4.0,"enemies":"Champ","floor":33.0,"turns":13.0},{"damage":0.0,"enemies":"Orb Walker","floor":35.0,"turns":3.0},{"damage":0.0,"enemies":"3 Darklings","floor":36.0,"turns":2.0},{"damage":0.0,"enemies":"Writhing Mass","floor":37.0,"turns":6.0},{"damage":0.0,"enemies":"Maw","floor":38.0,"turns":9.0},{"damage":0.0,"enemies":"Reptomancer","floor":40.0,"turns":5.0},{"damage":0.0,"enemies":"Giant Head","floor":42.0,"turns":7.0},{"damage":0.0,"enemies":"Sphere and 2 Shapes","floor":48.0,"turns":3.0},{"damage":6,"enemies":"Donu and Deca","floor":50,"turns":6}],"seed_played":"-3843494150044695609","potions_obtained":[{"floor":1.0,"key":"EssenceOfSteel"},{"floor":5.0,"key":"Explosive Potion"},{"floor":11.0,"key":"FearPotion"},{"floor":28.0,"key":"SteroidPotion"},{"floor":31.0,"key":"Regen Potion"},{"floor":33.0,"key":"Weak Potion"},{"floor":37.0,"key":"AttackPotion"},{"floor":40.0,"key":"Weak Potion"}],"is_trial":false,"path_per_floor":["M","?","$","?","M","R","E","R","T","R","M","E","T","M","R","B",null,"M","$","?","?","M","R","M","R","T","R","E","$","M","M","R","B",null,"M","M","M","M","T","E","R","E","T","?","R","$","R","M","R","B",null],"character_chosen":"IRONCLAD","items_purchased":["Shrug It Off","Evolve","Secret Technique","Corruption","Disarm","Battle Trance","EssenceOfSteel"],"campfire_rested":0,"item_purchase_floors":[3,3,3,19,19,46,46],"current_hp_per_floor":[72,69,69,69,72,72,62,62,62,62,68,53,53,58,58,55,82,82,82,82,82,82,82,81,81,81,81,82,82,82,82,82,82,82,82,82,82,82,82,82,82,82,82,72,72,72,72,81,81,82],"gold":41,"neow_bonus":"TWO_FIFTY_GOLD","is_prod":false,"is_daily":false,"chose_seed":false,"campfire_upgraded":12,"win_rate":1,"timestamp":1562119764,"path_taken":["M","?","$","?","M","R","E","R","T","R","M","E","?","M","R","BOSS","M","$","?","?","M","R","M","R","T","R","E","?","?","M","R","BOSS","M","?","M","M","?","E","R","E","T","?","R","$","R","M","R","BOSS"],"build_version":"2019-07-01","purchased_purges":4,"victory":true,"max_hp_per_floor":[72,72,72,72,72,72,82,82,82,82,82,82,82,82,82,82,82,82,82,82,82,82,82,82,82,82,82,82,82,82,82,82,82,82,82,82,82,82,82,82,82,82,82,82,82,82,82,82,82,82],"card_choices":[{"not_picked":["Anger","Iron Wave"],"picked":"Feel No Pain","floor":1.0},{"not_picked":["Thunderclap","Dual Wield"],"picked":"Armaments","floor":5.0},{"not_picked":["Metallicize","Fire Breathing"],"picked":"Disarm","floor":7.0},{"not_picked":["Cleave+1","Second Wind"],"picked":"Clothesline+1","floor":11.0},{"not_picked":["Infernal Blade","Perfected Strike+1"],"picked":"Carnage+1","floor":12.0},{"not_picked":["Intimidate","Cleave+1"],"picked":"Sword Boomerang+1","floor":14.0},{"not_picked":["Juggernaut","Bludgeon+1"],"picked":"Offering","floor":16.0},{"not_picked":["Rupture","Iron Wave+1"],"picked":"Second Wind","floor":18.0},{"not_picked":["Shrug It Off","Flex"],"picked":"Seeing Red","floor":22.0},{"not_picked":["Pommel Strike+1","Evolve"],"picked":"Disarm","floor":24.0},{"not_picked":["Shockwave","Blood for Blood+1"],"picked":"Evolve+1","floor":28.0},{"not_picked":["Clothesline+1","Searing Blow+1"],"picked":"Shrug It Off+1","floor":30.0},{"not_picked":["Flex","Body Slam+1"],"picked":"Whirlwind+1","floor":31.0},{"not_picked":["Brutality","Berserk"],"picked":"Impervious","floor":33.0},{"not_picked":["Sword Boomerang+1","Wild Strike+1"],"picked":"Warcry+1","floor":35.0},{"not_picked":["Armaments+1","Cleave+1"],"picked":"True Grit+1","floor":36.0},{"not_picked":["Pommel Strike+1","Seeing Red","Iron Wave+1"],"picked":"SKIP","floor":37.0},{"not_picked":["Cleave+1","Carnage+1"],"picked":"Warcry+1","floor":38.0},{"not_picked":["Second Wind+1","Thunderclap+1"],"picked":"Demon Form","floor":40.0},{"not_picked":["Wild Strike+1","Clothesline+1"],"picked":"Body Slam+1","floor":42.0},{"not_picked":["PanicButton","Secret Weapon"],"picked":"Apotheosis","floor":44.0},{"not_picked":["Sadistic Nature","PanicButton"],"picked":"Madness","floor":44.0},{"not_picked":["Intimidate","Blood for Blood+1"],"picked":"Entrench+1","floor":48.0}],"player_experience":210685,"relics_obtained":[{"floor":7.0,"key":"Pear"},{"floor":9.0,"key":"Molten Egg 2"},{"floor":12.0,"key":"Tiny Chest"},{"floor":13.0,"key":"Boot"},{"floor":26.0,"key":"FossilizedHelix"},{"floor":28.0,"key":"Centennial Puzzle"},{"floor":39.0,"key":"Matryoshka"},{"floor":40.0,"key":"Ginger"},{"floor":42.0,"key":"Pocketwatch"},{"floor":43.0,"key":"Happy Flower"},{"floor":43.0,"key":"Magic Flower"}],"event_choices":[{"damage_healed":0.0,"max_hp_gain":0.0,"max_hp_loss":0.0,"gold_gain":0.0,"event_name":"Scrap Ooze","player_choice":"Success","floor":2.0,"gold_loss":0.0,"damage_taken":3.0,"relics_obtained":["Mummified Hand"]},{"damage_healed":0.0,"max_hp_gain":0.0,"max_hp_loss":0.0,"gold_gain":0.0,"cards_transformed":["Strike_R"],"event_name":"Living Wall","player_choice":"Change","floor":4.0,"gold_loss":0.0,"damage_taken":0.0,"cards_obtained":["Cleave"]},{"damage_healed":0.0,"max_hp_gain":0.0,"max_hp_loss":0.0,"gold_gain":0.0,"event_name":"The Library","player_choice":"Read","floor":20.0,"gold_loss":0.0,"damage_taken":0.0,"cards_obtained":["Shockwave"]},{"damage_healed":0.0,"max_hp_gain":0.0,"max_hp_loss":0.0,"gold_gain":0.0,"event_name":"Vampires","player_choice":"Ignored","floor":21.0,"gold_loss":0.0,"damage_taken":0.0},{"damage_healed":0.0,"max_hp_gain":0.0,"max_hp_loss":0.0,"gold_gain":0.0,"event_name":"SensoryStone","player_choice":"Memory 3","floor":44.0,"gold_loss":0.0,"damage_taken":10.0}],"is_beta":false,"boss_relics":[{"not_picked":["Coffee Dripper","Empty Cage"],"picked":"Mark of Pain"},{"not_picked":["White Beast Statue","Tiny House"],"picked":"Lizard Tail"}],"items_purged_floors":[3,19,29,46],"is_endless":false,"potions_floor_spawned":[1,5,11,28,31,33,37,40],"ascension_level":3}