{"gold_per_floor":[219,219,234,248,264,264,291,291,343,309,325,26,81,91,91,194,194,207,4,4],"floor_reached":20,"playtime":945,"items_purged":[],"score":174,"play_id":"4b3037bf-60da-488b-90bd-77a21bd58128","local_time":"20181126125616","is_ascension_mode":false,"campfire_choices":[{"floor":6.0,"key":"RECALL"},{"data":"Iron Wave","floor":8.0,"key":"SMITH"},{"data":"1","floor":15,"key":"LIFT"}],"neow_cost":"NONE","seed_source_timestamp":0,"circlet_count":0,"master_deck":["Strike_R","Strike_R","Strike_R","Strike_R","Defend_R","Defend_R","Defend_R","Defend_R","Bash","Iron Wave+1","Anger","Shrug It Off","Shrug It Off","Dropkick","Wild Strike","Flex","Flex","Reaper","Cleave"],"special_seed":0,"relics":["Burning Blood","Frozen Egg 2","Girya","Regal Pillow","Sozu","Membership Card"],"potions_floor_usage":[13,13],"damage_taken":[{"damage":1.0,"enemies":"Jaw Worm","floor":1.0,"turns":3.0},{"damage":1.0,"enemies":"Cultist","floor":3.0,"turns":3.0},{"damage":7.0,"enemies":"2 Louse","floor":4.0,"turns":3.0},{"damage":0.0,"enemies":"2 Fungi Beasts","floor":5.0,"turns":2.0},{"damage":43.0,"enemies":"Gremlin Nob","floor":7.0,"turns":6.0},{"damage":0.0,"enemies":"Blue Slaver","floor":11.0,"turns":4.0},{"damage":5,"enemies":"Lagavulin Event","floor":13,"turns":5},{"damage":2,"enemies":"Exordium Wildlife","floor":14,"turns":4},{"damage":48,"enemies":"Hexaghost","floor":16,"turns":11},{"damage":19,"enemies":"Shell Parasite","floor":18,"turns":6},{"damage":0,"enemies":"2 Thieves","floor":20,"turns":1}],"seed_played":"-8659286634579799553","potions_obtained":[{"floor":4.0,"key":"Explosive Potion"},{"floor":7.0,"key":"Strength Potion"},{"floor":11.0,"key":"SteroidPotion"},{"floor":16,"key":"LiquidBronze"}],"is_trial":false,"path_per_floor":["M","?","M","M","M","R","E","R","T","$","M","$","?","M","R","B",null,"M","$","M"],"character_chosen":"IRONCLAD","items_purchased":["Dropkick","Girya","Membership Card"],"campfire_rested":0,"item_purchase_floors":[10,12,19],"current_hp_per_floor":[80,80,80,79,80,80,43,43,43,43,49,49,50,54,54,12,80,73,73,73],"gold":4,"neow_bonus":"HUNDRED_GOLD","is_prod":false,"is_daily":false,"chose_seed":false,"campfire_upgraded":1,"win_rate":0,"timestamp":1543258576,"path_taken":["M","?","M","M","?","R","E","R","T","$","M","$","?","M","R","BOSS","M","$","M"],"build_version":"2018-11-15","purchased_purges":0,"victory":false,"max_hp_per_floor":[80,80,80,80,80,80,80,80,80,80,80,80,80,80,80,80,80,80,80,80],"card_choices":[{"not_picked":["Havoc","Shrug It Off"],"picked":"Iron Wave","floor":1.0},{"not_picked":["Perfected Strike","Combust","Second Wind"],"picked":"SKIP","floor":3.0},{"not_picked":["Perfected Strike","Flex"],"picked":"Anger","floor":4.0},{"not_picked":["Warcry","Clothesline"],"picked":"Shrug It Off","floor":5.0},{"not_picked":["Heavy Blade","True Grit"],"picked":"Shrug It Off","floor":7.0},{"not_picked":["Anger","Rupture+1"],"picked":"Wild Strike","floor":11.0},{"not_picked":["True Grit","Battle Trance"],"picked":"Flex","floor":13},{"not_picked":["Impervious","Combust+1"],"picked":"Flex","floor":14},{"not_picked":["Brutality+1","Impervious"],"picked":"Reaper","floor":16},{"not_picked":["Wild Strike","Shrug It Off"],"picked":"Cleave","floor":18}],"player_experience":1057920,"relics_obtained":[{"floor":7.0,"key":"Frozen Egg 2"}],"event_choices":[{"cards_removed":["Strike_R"],"damage_healed":0.0,"max_hp_gain":0.0,"max_hp_loss":0.0,"gold_gain":0.0,"event_name":"Purifier","player_choice":"Purged","floor":2.0,"gold_loss":0.0,"damage_taken":0.0},{"damage_healed":0,"gold_gain":30,"player_choice":"Searched \u00273\u0027 times","damage_taken":0,"relics_obtained":["Regal Pillow"],"max_hp_gain":0,"max_hp_loss":0,"event_name":"Dead Adventurer","floor":13,"gold_loss":0}],"is_beta":false,"boss_relics":[{"not_picked":["Pandora\u0027s Box","Cursed Key"],"picked":"Sozu"}],"items_purged_floors":[],"is_endless":false,"potions_floor_spawned":[4,7,11,16],"killed_by":"2 Thieves","ascension_level":0}