{"gold_per_floor":[13,32,32,43,61,61,86,86,86,111,125,143,418,434,434,537,537,548,548,16,28,45,45,75,75,75,100,100,116,116,116,116,116],"floor_reached":33,"playtime":2001,"items_purged":["Strike_G"],"score":396,"play_id":"55d218c0-481c-4911-8e6a-8463e6deac0d","local_time":"20190701190636","is_ascension_mode":true,"campfire_choices":[{"data":"Blade Dance","floor":6.0,"key":"SMITH"},{"data":"Noxious Fumes","floor":15.0,"key":"SMITH"},{"data":"Footwork","floor":23.0,"key":"SMITH"},{"floor":25.0,"key":"REST"},{"data":"Catalyst","floor":32.0,"key":"SMITH"}],"neow_cost":"NO_GOLD","seed_source_timestamp":66487645833799,"circlet_count":0,"master_deck":["Strike_G","Strike_G","Defend_G","Defend_G","Defend_G","Defend_G","Defend_G","Survivor","Neutralize","Escape Plan","After Image","Cloak And Dagger","PiercingWail","Expertise","Blade Dance+1","Glass Knife","Crippling Poison","Noxious Fumes+1","Noxious Fumes","Backflip","Doppelganger","Cloak And Dagger","Caltrops","Poisoned Stab","Dagger Spray","Footwork+1","Catalyst+1","Distraction","Slice","Bane+1"],"special_seed":0,"relics":["Ring of the Snake","Omamori","Meat on the Bone","The Specimen","White Beast Statue","Medical Kit","Ninja Scroll","Oddly Smooth Stone","MutagenicStrength"],"potions_floor_usage":[33,33],"damage_taken":[{"damage":4.0,"enemies":"Cultist","floor":1.0,"turns":6.0},{"damage":1.0,"enemies":"2 Louse","floor":2.0,"turns":4.0},{"damage":3.0,"enemies":"Small Slimes","floor":4.0,"turns":5.0},{"damage":8.0,"enemies":"Exordium Thugs","floor":5.0,"turns":8.0},{"damage":26.0,"enemies":"Gremlin Nob","floor":7.0,"turns":5.0},{"damage":23.0,"enemies":"Lagavulin","floor":10.0,"turns":11.0},{"damage":2.0,"enemies":"Large Slime","floor":11.0,"turns":7.0},{"damage":3.0,"enemies":"Blue Slaver","floor":12.0,"turns":4.0},{"damage":0.0,"enemies":"Exordium Wildlife","floor":14.0,"turns":2.0},{"damage":18.0,"enemies":"Hexaghost","floor":16.0,"turns":9.0},{"damage":2.0,"enemies":"Shell Parasite","floor":18.0,"turns":7.0},{"damage":0.0,"enemies":"3 Byrds","floor":21.0,"turns":4.0},{"damage":6.0,"enemies":"Cultist and Chosen","floor":22.0,"turns":8.0},{"damage":37.0,"enemies":"Book of Stabbing","floor":24.0,"turns":6.0},{"damage":15.0,"enemies":"Gremlin Leader","floor":27.0,"turns":6.0},{"damage":2.0,"enemies":"Chosen and Byrds","floor":29.0,"turns":4.0},{"damage":0.0,"enemies":"Slavers","floor":30.0,"turns":1.0},{"damage":46,"enemies":"Automaton","floor":33,"turns":6}],"seed_played":"2688736424270518418","potions_obtained":[{"floor":2.0,"key":"FearPotion"},{"floor":5.0,"key":"Poison Potion"},{"floor":7.0,"key":"Energy Potion"},{"floor":16.0,"key":"Strength Potion"},{"floor":18.0,"key":"GhostInAJar"},{"floor":21.0,"key":"PowerPotion"},{"floor":22.0,"key":"Poison Potion"},{"floor":24.0,"key":"Fire Potion"},{"floor":27.0,"key":"Poison Potion"},{"floor":29.0,"key":"Block Potion"}],"is_trial":false,"path_per_floor":["M","M","$","M","M","R","E","?","T","E","M","M","?","M","R","B",null,"M","?","$","M","M","R","E","R","T","E","?","M","E","?","R","B"],"character_chosen":"THE_SILENT","items_purchased":["Caltrops","Poisoned Stab","SmokeBomb","Medical Kit","Dagger Spray"],"campfire_rested":1,"item_purchase_floors":[20,20,20,20,20],"current_hp_per_floor":[66,65,65,62,54,54,28,45,45,34,44,41,41,41,41,35,61,59,46,46,46,40,40,15,37,37,34,34,44,44,44,44,0],"gold":116,"neow_bonus":"TRANSFORM_TWO_CARDS","is_prod":false,"is_daily":false,"chose_seed":false,"campfire_upgraded":4,"win_rate":0,"timestamp":1562000796,"path_taken":["M","?","$","M","M","R","E","?","T","E","M","M","?","?","R","BOSS","M","?","$","M","M","R","E","R","T","E","?","M","E","?","R","BOSS"],"build_version":"2019-06-30","purchased_purges":1,"victory":false,"max_hp_per_floor":[70,70,70,70,70,70,70,70,70,70,70,70,70,70,70,70,70,70,75,75,75,75,75,75,75,75,75,75,75,75,75,75,75],"card_choices":[{"not_picked":["Acrobatics","Dagger Throw"],"picked":"Cloak And Dagger","floor":1.0},{"not_picked":["Slice","Escape Plan"],"picked":"PiercingWail","floor":2.0},{"not_picked":["Deflect","Bane"],"picked":"Expertise","floor":4.0},{"not_picked":["Outmaneuver","Eviscerate"],"picked":"Blade Dance","floor":5.0},{"not_picked":["Deflect","Riddle With Holes"],"picked":"Glass Knife","floor":7.0},{"not_picked":["Expertise","Tactician"],"picked":"Crippling Poison","floor":10.0},{"not_picked":["Caltrops","Dodge and Roll"],"picked":"Noxious Fumes","floor":11.0},{"not_picked":["Flechettes","Slice"],"picked":"Noxious Fumes","floor":12.0},{"not_picked":["Outmaneuver","Well Laid Plans"],"picked":"Backflip","floor":14.0},{"not_picked":["Wraith Form v2","Bullet Time"],"picked":"Doppelganger","floor":16.0},{"not_picked":["Quick Slash","Masterful Stab"],"picked":"Cloak And Dagger","floor":18.0},{"not_picked":["Blur","Prepared+1"],"picked":"Footwork","floor":21.0},{"not_picked":["Dodge and Roll","Masterful Stab"],"picked":"Catalyst","floor":22.0},{"not_picked":["Heel Hook+1","Concentrate"],"picked":"Distraction","floor":24.0},{"not_picked":["Setup+1","Poisoned Stab"],"picked":"Slice","floor":27.0},{"not_picked":["Concentrate","Outmaneuver"],"picked":"Bane+1","floor":29.0}],"player_experience":406144,"relics_obtained":[{"floor":7.0,"key":"Omamori"},{"floor":9.0,"key":"Meat on the Bone"},{"floor":10.0,"key":"The Specimen"},{"floor":24.0,"key":"Ninja Scroll"},{"floor":27.0,"key":"Oddly Smooth Stone"}],"event_choices":[{"damage_healed":17.0,"max_hp_gain":0.0,"max_hp_loss":0.0,"gold_gain":0.0,"event_name":"Mushrooms","player_choice":"Healed and dodged fight","floor":8.0,"gold_loss":0.0,"damage_taken":0.0,"cards_obtained":["Parasite"]},{"damage_healed":0.0,"max_hp_gain":0.0,"max_hp_loss":0.0,"gold_gain":275.0,"event_name":"Golden Shrine","player_choice":"Desecrate","floor":13.0,"gold_loss":0.0,"damage_taken":0.0,"cards_obtained":["Regret"]},{"damage_healed":0.0,"max_hp_gain":5.0,"max_hp_loss":0.0,"gold_gain":0.0,"event_name":"Forgotten Altar","player_choice":"Shed Blood","floor":19.0,"gold_loss":0.0,"damage_taken":18.0},{"damage_healed":0.0,"max_hp_gain":0.0,"max_hp_loss":0.0,"gold_gain":0.0,"event_name":"Drug Dealer","player_choice":"Inject Mutagens","floor":28.0,"gold_loss":0.0,"damage_taken":0.0,"relics_obtained":["MutagenicStrength"]},{"damage_healed":0.0,"max_hp_gain":0.0,"max_hp_loss":0.0,"gold_gain":0.0,"event_name":"Cursed Tome","player_choice":"Ignored","floor":31.0,"gold_loss":0.0,"damage_taken":0.0}],"is_beta":true,"boss_relics":[{"not_picked":["Cursed Key","Coffee Dripper"],"picked":"White Beast Statue"}],"items_purged_floors":[20],"is_endless":false,"potions_floor_spawned":[2,5,7,16,18,21,22,24,27,29,30],"killed_by":"Automaton","ascension_level":5}