{"gold_per_floor":[114,129,129,144,159,159,28,43,93,108,123,135,162,189,201,313,325,352,379,406,418,29,29,44,44,44,59,74,74,89,189,189,289,289,604,636,11,26,26,86,34,49,99,114,129,129,154,169,169,169],"floor_reached":50,"playtime":7275,"items_purged":[],"score":624,"play_id":"9302848d-b4f2-427a-a01f-05796cbee362","local_time":"20190610114126","daily_mods":["Shiny","Vintage","Terminal"],"is_ascension_mode":false,"campfire_choices":[{"data":"Storm of Steel","floor":6.0,"key":"SMITH"},{"floor":12.0,"key":"REST"},{"data":"A Thousand Cuts","floor":15.0,"key":"SMITH"},{"data":"Madness","floor":23.0,"key":"SMITH"},{"data":"Adrenaline","floor":25.0,"key":"SMITH"},{"data":"Tactician","floor":32.0,"key":"SMITH"},{"data":"Night Terror","floor":49,"key":"SMITH"}],"neow_cost":"","seed_source_timestamp":0,"circlet_count":0,"master_deck":["Corpse Explosion","Malaise","Phantasmal Killer","Die Die Die","Adrenaline+1","Envenom","Doppelganger","Burst","Wraith Form v2","Tools of the Trade","Night Terror+1","Unload","After Image","Bullet Time","Storm of Steel+1","Glass Knife","A Thousand Cuts+1","Grand Finale","Infinite Blades","Dark Shackles","Caltrops","Glass Knife","Escape Plan+1","Dagger Spray","Dodge and Roll","Madness+1","The Bomb","Tactician+1","Die Die Die","Dagger Spray+1","Backstab","Swift Strike","Prepared","Doppelganger","Prepared+1","Outmaneuver+1"],"special_seed":18047,"relics":["Ring of the Snake","Vajra","Dream Catcher","Art of War","Regal Pillow","Turnip","Mercury Hourglass","Orichalcum","Bag of Marbles","MawBank","Anchor","Smiling Mask","Black Star","Omamori","Bag of Preparation","StoneCalendar","Boot","Bottled Lightning","Ninja Scroll","Ancient Tea Set","Matryoshka","Torii","Pear","WristBlade","Old Coin","Ice Cream","Strange Spoon","Singing Bowl","Du-Vu Doll","Tiny Chest","Lantern","Gambling Chip","Snake Skull","Centennial Puzzle","Darkstone Periapt","Bronze Scales","Juzu Bracelet","War Paint","FossilizedHelix"],"potions_floor_usage":[],"damage_taken":[{"damage":0.0,"enemies":"2 Louse","floor":1.0,"turns":1.0},{"damage":1.0,"enemies":"Cultist","floor":2.0,"turns":3.0},{"damage":0.0,"enemies":"Small Slimes","floor":4.0,"turns":3.0},{"damage":13.0,"enemies":"2 Fungi Beasts","floor":5.0,"turns":3.0},{"damage":11.0,"enemies":"Looter","floor":8.0,"turns":3.0},{"damage":6.0,"enemies":"Large Slime","floor":10.0,"turns":4.0},{"damage":0.0,"enemies":"Gremlin Gang","floor":11.0,"turns":2.0},{"damage":0.0,"enemies":"2 Fungi Beasts","floor":13.0,"turns":1.0},{"damage":0.0,"enemies":"Exordium Wildlife","floor":14.0,"turns":2.0},{"damage":30.0,"enemies":"The Guardian","floor":16.0,"turns":7.0},{"damage":0.0,"enemies":"Spheric Guardian","floor":18.0,"turns":2.0},{"damage":5.0,"enemies":"2 Thieves","floor":19.0,"turns":3.0},{"damage":0.0,"enemies":"3 Cultists","floor":20.0,"turns":3.0},{"damage":6.0,"enemies":"Snake Plant","floor":24.0,"turns":2.0},{"damage":7.0,"enemies":"Snecko","floor":27.0,"turns":3.0},{"damage":8.0,"enemies":"Shelled Parasite and Fungi","floor":28.0,"turns":3.0},{"damage":0.0,"enemies":"Centurion and Healer","floor":30.0,"turns":1.0},{"damage":0.0,"enemies":"Colosseum Slavers","floor":31.0,"turns":1.0},{"damage":0.0,"enemies":"Colosseum Nobs","floor":31.0,"turns":4.0},{"damage":0.0,"enemies":"Collector","floor":33.0,"turns":4.0},{"damage":1.0,"enemies":"3 Shapes","floor":35.0,"turns":2.0},{"damage":7.0,"enemies":"2 Orb Walkers","floor":36.0,"turns":4.0},{"damage":0.0,"enemies":"Orb Walker","floor":38.0,"turns":1.0},{"damage":16.0,"enemies":"Giant Head","floor":40.0,"turns":7.0},{"damage":14.0,"enemies":"Transient","floor":42.0,"turns":5.0},{"damage":0.0,"enemies":"Sphere and 2 Shapes","floor":44.0,"turns":1.0},{"damage":0.0,"enemies":"4 Shapes","floor":45.0,"turns":1.0},{"damage":2.0,"enemies":"Transient","floor":48.0,"turns":5.0},{"damage":34,"enemies":"Awakened One","floor":50,"turns":5}],"seed_played":"-908800921328887028","potions_obtained":[{"floor":4.0,"key":"EntropicBrew"},{"floor":5.0,"key":"Block Potion"},{"floor":10.0,"key":"SkillPotion"},{"floor":14.0,"key":"Dexterity Potion"},{"floor":16.0,"key":"Block Potion"},{"floor":28.0,"key":"GamblersBrew"},{"floor":33.0,"key":"SmokeBomb"},{"floor":36.0,"key":"Explosive Potion"},{"floor":42.0,"key":"SneckoOil"}],"is_trial":false,"path_per_floor":["M","M","?","M","M","R","$","M","T","M","M","R","M","M","R","B",null,"M","M","M","?","$","R","M","R","T","M","M","?","M","?","R","B",null,"M","?","$","M","?","E","$","M","T","M","M","?","T","M","R","B"],"character_chosen":"THE_SILENT","items_purchased":["Infinite Blades","Dark Shackles","Escape Plan","Dagger Spray","Dodge and Roll","Madness","The Bomb","Backstab","Swift Strike","Strange Spoon","Singing Bowl","Prepared","Outmaneuver"],"campfire_rested":1,"item_purchase_floors":[7,7,22,22,22,22,22,37,37,37,37,37,41],"current_hp_per_floor":[68,67,66,65,52,52,52,41,41,35,35,57,56,55,54,24,52,51,46,46,46,46,46,40,40,40,33,25,25,25,35,35,35,45,44,37,37,37,37,21,21,7,7,7,7,29,28,26,26,0],"gold":169,"neow_bonus":"","is_prod":false,"is_daily":true,"chose_seed":false,"campfire_upgraded":6,"win_rate":0.0,"timestamp":1560159686,"path_taken":["M","M","?","M","M","R","$","M","T","?","M","R","M","M","R","BOSS","M","M","M","?","$","R","M","R","T","M","M","?","M","?","R","BOSS","M","?","$","M","?","E","$","M","T","?","M","?","?","M","R","BOSS"],"build_version":"2019-01-23","purchased_purges":0,"victory":false,"max_hp_per_floor":[68,67,66,65,64,63,62,61,60,59,58,57,56,55,54,53,52,51,50,49,48,47,46,45,44,43,42,41,40,39,48,47,46,45,44,43,42,41,40,39,38,37,36,35,34,29,28,27,26,26],"card_choices":[{"not_picked":["Skewer","PiercingWail"],"picked":"Caltrops","floor":12.0},{"not_picked":["Night Terror","Burst"],"picked":"Glass Knife","floor":16.0},{"not_picked":["Slice","PiercingWail"],"picked":"Tactician","floor":31.0},{"not_picked":["Doppelganger","Venomology"],"picked":"Die Die Die","floor":33.0},{"not_picked":["Deflect","Dash+1"],"picked":"Dagger Spray+1","floor":36.0},{"not_picked":["Backstab+1","Masterful Stab"],"picked":"Prepared+1","floor":40.0}],"player_experience":5619,"relics_obtained":[{"floor":1.0,"key":"Vajra"},{"floor":2.0,"key":"Dream Catcher"},{"floor":4.0,"key":"Regal Pillow"},{"floor":5.0,"key":"Turnip"},{"floor":8.0,"key":"Mercury Hourglass"},{"floor":9.0,"key":"Orichalcum"},{"floor":10.0,"key":"Bag of Marbles"},{"floor":11.0,"key":"MawBank"},{"floor":13.0,"key":"Anchor"},{"floor":14.0,"key":"Smiling Mask"},{"floor":18.0,"key":"Omamori"},{"floor":19.0,"key":"Bag of Preparation"},{"floor":20.0,"key":"StoneCalendar"},{"floor":24.0,"key":"Boot"},{"floor":26.0,"key":"Bottled Lightning"},{"floor":27.0,"key":"Ninja Scroll"},{"floor":28.0,"key":"Ancient Tea Set"},{"floor":30.0,"key":"Matryoshka"},{"floor":31.0,"key":"Torii"},{"floor":31.0,"key":"Pear"},{"floor":35.0,"key":"Old Coin"},{"floor":36.0,"key":"Ice Cream"},{"floor":38.0,"key":"Du-Vu Doll"},{"floor":40.0,"key":"Tiny Chest"},{"floor":40.0,"key":"Lantern"},{"floor":42.0,"key":"Gambling Chip"},{"floor":43.0,"key":"Snake Skull"},{"floor":43.0,"key":"Centennial Puzzle"},{"floor":44.0,"key":"Darkstone Periapt"},{"floor":45.0,"key":"Bronze Scales"},{"floor":47.0,"key":"Juzu Bracelet"},{"floor":47.0,"key":"War Paint"},{"floor":48,"key":"FossilizedHelix"}],"event_choices":[{"damage_healed":0.0,"max_hp_gain":0.0,"max_hp_loss":0.0,"gold_gain":0.0,"event_name":"WeMeetAgain","player_choice":"Gave Potion","floor":3.0,"gold_loss":0.0,"damage_taken":0.0,"relics_obtained":["Art of War"]},{"damage_healed":0.0,"max_hp_gain":0.0,"max_hp_loss":0.0,"gold_gain":0.0,"event_name":"Ghosts","player_choice":"Ignored","floor":21.0,"gold_loss":0.0,"damage_taken":0.0},{"damage_healed":0.0,"max_hp_gain":0.0,"max_hp_loss":0.0,"gold_gain":0.0,"event_name":"Beggar","player_choice":"Ignored","floor":29.0,"gold_loss":0.0,"damage_taken":0.0},{"damage_healed":0.0,"max_hp_gain":0.0,"max_hp_loss":0.0,"gold_gain":0.0,"event_name":"Colosseum","player_choice":"Fight","floor":31.0,"gold_loss":0.0,"damage_taken":0.0},{"damage_healed":0.0,"max_hp_gain":0.0,"max_hp_loss":0.0,"gold_gain":0.0,"event_name":"Colosseum","player_choice":"Fought Nobs","floor":31.0,"gold_loss":0.0,"damage_taken":0.0},{"damage_healed":0.0,"max_hp_gain":0.0,"max_hp_loss":0.0,"gold_gain":0.0,"event_name":"Mysterious Sphere","player_choice":"Fight","floor":36.0,"gold_loss":0.0,"damage_taken":0.0},{"damage_healed":0.0,"max_hp_gain":0.0,"max_hp_loss":0.0,"gold_gain":0.0,"cards_transformed":["Venomology"],"event_name":"Transmorgrifier","player_choice":"Transformed","floor":39.0,"gold_loss":0.0,"damage_taken":0.0,"cards_obtained":["Doppelganger"]},{"damage_healed":30.0,"max_hp_gain":0.0,"max_hp_loss":4.0,"gold_gain":0.0,"event_name":"The Moai Head","player_choice":"Heal","floor":46.0,"gold_loss":0.0,"damage_taken":0.0}],"is_beta":false,"boss_relics":[{"not_picked":["Busted Crown","Philosopher\u0027s Stone"],"picked":"Black Star"},{"not_picked":["Astrolabe","Calling Bell"],"picked":"WristBlade"}],"items_purged_floors":[],"is_endless":false,"potions_floor_spawned":[4,5,10,14,16,28,31,31,33,36,42,44,45],"killed_by":"Awakened One","ascension_level":0}