{"gold_per_floor":[14,14,30,44,55,55,89,101,101,135,135,135,150,161,161,233,233,249,164,195,195,205,205,238,238,263,263,263,280,310,322,322,322],"floor_reached":33,"playtime":3358,"items_purged":[],"score":594,"play_id":"e63e1865-7f18-4cd2-bf22-d26363a63a8a","local_time":"20190702210630","is_ascension_mode":true,"campfire_choices":[{"data":"Bash","floor":6,"key":"SMITH"},{"data":"Body Slam","floor":12,"key":"SMITH"},{"data":"Disarm","floor":15,"key":"SMITH"},{"floor":23,"key":"REST"},{"data":"Shockwave","floor":25,"key":"SMITH"},{"floor":27,"key":"REST"},{"floor":32,"key":"REST"}],"neow_cost":"NO_GOLD","seed_source_timestamp":27774646198520,"circlet_count":0,"master_deck":["AscendersBane","Strike_R","Strike_R","Strike_R","Strike_R","Strike_R","Defend_R","Defend_R","Defend_R","Defend_R","Bash+1","Impervious","Inflame+1","Body Slam+1","Twin Strike","Shrug It Off","Metallicize","Pummel","Disarm+1","Immolate+1","Anger+1","Immolate+1","Pommel Strike+1","Shockwave+1","Feel No Pain+1","Juggernaut+1","Shrug It Off"],"relics":["Burning Blood","Bronze Scales","Matryoshka","Molten Egg 2","Sozu","Kunai","Red Mask","MutagenicStrength","Frozen Egg 2","Sundial","Vajra","Ancient Tea Set"],"potions_floor_usage":[8,10,33,33],"damage_taken":[{"damage":7,"enemies":"Cultist","floor":1,"turns":4},{"damage":0,"enemies":"Jaw Worm","floor":3,"turns":3},{"damage":4,"enemies":"2 Louse","floor":4,"turns":3},{"damage":5,"enemies":"2 Fungi Beasts","floor":5,"turns":4},{"damage":32,"enemies":"Gremlin Nob","floor":7,"turns":4},{"damage":14,"enemies":"Large Slime","floor":8,"turns":6},{"damage":18,"enemies":"3 Sentries","floor":10,"turns":9},{"damage":0,"enemies":"Blue Slaver","floor":13,"turns":4},{"damage":7,"enemies":"3 Louse","floor":14,"turns":4},{"damage":4,"enemies":"Hexaghost","floor":16,"turns":8},{"damage":23,"enemies":"2 Thieves","floor":18,"turns":3},{"damage":30,"enemies":"Masked Bandits","floor":20,"turns":4},{"damage":6,"enemies":"Shell Parasite","floor":22,"turns":4},{"damage":19,"enemies":"Gremlin Leader","floor":24,"turns":4},{"damage":15,"enemies":"Snake Plant","floor":29,"turns":3},{"damage":13,"enemies":"Book of Stabbing","floor":30,"turns":5},{"damage":8,"enemies":"Cultist and Chosen","floor":31,"turns":5},{"damage":91,"enemies":"Automaton","floor":33,"turns":6}],"seed_played":"2393138132163169894","potions_obtained":[{"floor":1,"key":"Fire Potion"},{"floor":3,"key":"Explosive Potion"},{"floor":10,"key":"SteroidPotion"},{"floor":13,"key":"Energy Potion"},{"floor":14,"key":"Explosive Potion"}],"is_trial":false,"path_per_floor":["M","?","M","M","M","R","E","M","T","E","?","R","M","M","R","B",null,"M","?","?","?","M","R","E","R","T","R","?","M","E","M","R","B"],"character_chosen":"IRONCLAD","items_purchased":[],"campfire_rested":3,"item_purchase_floors":[],"current_hp_per_floor":[67,67,73,75,75,75,49,41,41,29,29,29,35,34,34,36,65,48,48,24,24,24,46,33,33,33,55,55,46,39,37,59,0],"gold":322,"neow_bonus":"THREE_RARE_CARDS","is_prod":false,"is_daily":false,"chose_seed":false,"campfire_upgraded":4,"win_rate":0,"timestamp":1562094390,"path_taken":["M","?","M","M","M","R","E","?","T","E","?","R","M","M","R","BOSS","M","?","?","?","?","R","E","R","T","R","?","M","E","M","R","BOSS"],"build_version":"2019-07-01","purchased_purges":0,"victory":false,"max_hp_per_floor":[75,75,75,75,75,75,75,75,75,75,75,75,75,75,75,75,75,75,75,75,75,75,75,75,75,75,75,75,75,75,75,75,75],"card_choices":[{"not_picked":["Double Tap","Brutality"],"picked":"Impervious","floor":0},{"not_picked":["Iron Wave","Sentinel"],"picked":"Inflame","floor":1},{"not_picked":["Wild Strike","Flex"],"picked":"Body Slam","floor":3},{"not_picked":["Havoc","Body Slam"],"picked":"Twin Strike","floor":4},{"not_picked":["Thunderclap","Clothesline"],"picked":"Shrug It Off","floor":5},{"not_picked":["Heavy Blade","Hemokinesis"],"picked":"Metallicize","floor":7},{"not_picked":["Searing Blow","Warcry"],"picked":"Pummel","floor":8},{"not_picked":["Sentinel","Sword Boomerang"],"picked":"Disarm","floor":10},{"not_picked":["Flame Barrier","Headbutt+1"],"picked":"Immolate+1","floor":13},{"not_picked":["Havoc","Heavy Blade+1"],"picked":"Anger+1","floor":14},{"not_picked":["Dark Embrace","Bludgeon+1"],"picked":"Immolate+1","floor":16},{"not_picked":["Warcry","Sever Soul+1"],"picked":"Pommel Strike+1","floor":18},{"not_picked":["Shrug It Off","Warcry"],"picked":"Shockwave","floor":22},{"not_picked":["Second Wind+1","Clash+1","Clothesline+1"],"picked":"SKIP","floor":24},{"not_picked":["Anger+1","Hemokinesis+1"],"picked":"Feel No Pain+1","floor":29},{"not_picked":["Clothesline+1","Carnage+1"],"picked":"Juggernaut+1","floor":30},{"not_picked":["Wild Strike+1","Sword Boomerang+1"],"picked":"Shrug It Off","floor":31}],"player_experience":1444269,"relics_obtained":[{"floor":7,"key":"Bronze Scales"},{"floor":9,"key":"Matryoshka"},{"floor":10,"key":"Molten Egg 2"},{"floor":20,"key":"Red Mask"},{"floor":24,"key":"Frozen Egg 2"},{"floor":26,"key":"Sundial"},{"floor":26,"key":"Vajra"},{"floor":30,"key":"Ancient Tea Set"}],"event_choices":[{"damage_healed":0,"gold_gain":0,"player_choice":"Upgraded","damage_taken":0,"max_hp_gain":0,"max_hp_loss":0,"event_name":"Upgrade Shrine","floor":2,"gold_loss":0,"cards_upgraded":["Inflame"]},{"damage_healed":0,"gold_gain":0,"player_choice":"Fled","damage_taken":0,"max_hp_gain":0,"max_hp_loss":0,"event_name":"Scrap Ooze","floor":11,"gold_loss":0},{"damage_healed":0,"gold_gain":0,"player_choice":"Obtained Relic","damage_taken":0,"relics_obtained":["Kunai"],"max_hp_gain":0,"max_hp_loss":0,"event_name":"Addict","floor":19,"gold_loss":85},{"damage_healed":0,"gold_gain":0,"player_choice":"Fought Bandits","damage_taken":0,"max_hp_gain":0,"max_hp_loss":0,"event_name":"Masked Bandits","floor":20,"gold_loss":0},{"damage_healed":0,"gold_gain":0,"player_choice":"Inject Mutagens","damage_taken":0,"relics_obtained":["MutagenicStrength"],"max_hp_gain":0,"max_hp_loss":0,"event_name":"Drug Dealer","floor":21,"gold_loss":0},{"damage_healed":0,"gold_gain":0,"player_choice":"Ignored","damage_taken":0,"max_hp_gain":0,"max_hp_loss":0,"event_name":"Ghosts","floor":28,"gold_loss":0}],"is_beta":false,"boss_relics":[{"not_picked":["Mark of Pain","Runic Dome"],"picked":"Sozu"}],"items_purged_floors":[],"is_endless":false,"potions_floor_spawned":[1,3,10,13,14,18,20,24,30],"killed_by":"Automaton","ascension_level":20}