{"gold_per_floor":[112,112,287,287,140,140,169,189,215,228,246,266,266,326,326,326],"floor_reached":16,"playtime":921,"items_purged":["Doubt"],"score":155,"play_id":"0d35d5cf-7212-4cbe-a07d-2ebb17f99b87","local_time":"20190321211452","is_ascension_mode":true,"campfire_choices":[{"data":"Loop","floor":6,"key":"SMITH"},{"data":"Chaos","floor":13,"key":"SMITH"},{"floor":15,"key":"REST"}],"neow_cost":"NONE","seed_source_timestamp":118325251151998,"circlet_count":0,"master_deck":["AscendersBane","Strike_B","Strike_B","Strike_B","Strike_B","Defend_B","Defend_B","Defend_B","Defend_B","Zap+1","Dualcast","Ball Lightning","Loop+1","Tempest","Streamline","Ball Lightning","Beam Cell","Chaos+1","Ball Lightning"],"relics":["Cracked Core","Gremlin Horn","Anchor","Regal Pillow","Lantern"],"potions_floor_usage":[12,14],"damage_taken":[{"damage":7,"enemies":"Small Slimes","floor":1,"turns":3},{"damage":25,"enemies":"Lagavulin","floor":7,"turns":6},{"damage":0,"enemies":"2 Louse","floor":8,"turns":2},{"damage":0,"enemies":"Jaw Worm","floor":10,"turns":2},{"damage":1,"enemies":"Looter","floor":11,"turns":3},{"damage":11,"enemies":"Exordium Wildlife","floor":12,"turns":4},{"damage":32,"enemies":"Lagavulin Event","floor":14,"turns":4},{"damage":33,"enemies":"Hexaghost","floor":16,"turns":7}],"seed_played":"-3271062101569383040","potions_obtained":[{"floor":7,"key":"Regen Potion"},{"floor":11,"key":"Swift Potion"}],"is_trial":false,"path_per_floor":["M","?","?","T","$","R","E","M","T","M","M","M","R","?","R","B"],"character_chosen":"DEFECT","items_purchased":["Loop"],"campfire_rested":1,"item_purchase_floors":[5],"current_hp_per_floor":[68,68,68,68,68,68,43,43,43,43,42,31,31,4,43,10],"gold":326,"neow_bonus":"TEN_PERCENT_HP_BONUS","is_prod":false,"is_daily":false,"chose_seed":false,"campfire_upgraded":2,"win_rate":0,"timestamp":1553220892,"path_taken":["M","?","?","?","?","R","E","M","T","M","?","M","R","?","R","BOSS"],"build_version":"2019-01-23","purchased_purges":1,"victory":false,"max_hp_per_floor":[82,82,82,82,82,82,82,82,82,82,82,82,82,82,82,82],"card_choices":[{"not_picked":["Gash","Redo"],"picked":"Ball Lightning","floor":1},{"not_picked":["Hologram","Rip and Tear"],"picked":"Tempest","floor":7},{"not_picked":["Scrape","Compile Driver"],"picked":"Streamline","floor":8},{"not_picked":["FTL","Rebound"],"picked":"Ball Lightning","floor":10},{"not_picked":["Scrape","Gash"],"picked":"Beam Cell","floor":11},{"not_picked":["Streamline","Reprogram"],"picked":"Chaos","floor":12},{"not_picked":["Beam Cell","Compile Driver"],"picked":"Ball Lightning","floor":14}],"player_experience":1231306,"relics_obtained":[{"floor":4,"key":"Gremlin Horn"},{"floor":7,"key":"Anchor"},{"floor":9,"key":"Regal Pillow"},{"floor":14,"key":"Lantern"}],"event_choices":[{"damage_healed":0,"gold_gain":0,"player_choice":"Grow","damage_taken":0,"max_hp_gain":0,"max_hp_loss":0,"event_name":"Living Wall","floor":2,"gold_loss":0,"cards_upgraded":["Zap"]},{"damage_healed":0,"gold_gain":175,"player_choice":"AGREE","damage_taken":0,"max_hp_gain":0,"max_hp_loss":0,"event_name":"Liars Game","floor":3,"gold_loss":0,"cards_obtained":["Doubt"]},{"damage_healed":0,"gold_gain":30,"player_choice":"Searched \u00272\u0027 times","damage_taken":0,"max_hp_gain":0,"max_hp_loss":0,"event_name":"Dead Adventurer","floor":14,"gold_loss":0}],"is_beta":false,"boss_relics":[],"items_purged_floors":[5],"is_endless":false,"potions_floor_spawned":[7,11],"killed_by":"Hexaghost","ascension_level":11}