{"gold_per_floor":[110,110,110,110,15,15,44,44,69,69,17,29,29,49,49,150,150,164,193,193,206,11,11,30,30],"floor_reached":25,"playtime":1326,"items_purged":[],"score":278,"play_id":"e6d3e583-4d7c-4a2d-88ae-1524024877b6","local_time":"20181031091405","is_ascension_mode":true,"campfire_choices":[{"data":"Swift Strike","floor":6,"key":"SMITH"},{"data":"Steam","floor":8,"key":"SMITH"},{"data":"Go for the Eyes","floor":13,"key":"SMITH"},{"data":"Reinforced Body","floor":15,"key":"SMITH"},{"data":"Ball Lightning","floor":23,"key":"SMITH"}],"neow_cost":"NONE","seed_source_timestamp":4226078686148992,"circlet_count":0,"master_deck":["Strike_B","Strike_B","Strike_B","Strike_B","Defend_B","Defend_B","Defend_B","Defend_B","Zap+1","Dualcast+1","Go for the Eyes+1","Swift Strike+1","Steam+1","Streamline","FTL","Reinforced Body+1","Buffer","Ball Lightning+1","Steam+1","Reinforced Body","Zap+1"],"relics":["Cracked Core","NeowsBlessing","Bronze Scales","Ancient Tea Set","Boot","Black Star","Red Mask","Art of War","DollysMirror"],"potions_floor_usage":[16,16,16,19,25],"damage_taken":[{"damage":0,"enemies":"Small Slimes","floor":1,"turns":1},{"damage":0,"enemies":"Gremlin Nob","floor":7,"turns":1},{"damage":0,"enemies":"Cultist","floor":12,"turns":1},{"damage":0,"enemies":"Jaw Worm","floor":14,"turns":2},{"damage":9,"enemies":"Slime Boss","floor":16,"turns":8},{"damage":17,"enemies":"Shell Parasite","floor":18,"turns":5},{"damage":4,"enemies":"Masked Bandits","floor":19,"turns":5},{"damage":4,"enemies":"3 Byrds","floor":21,"turns":3},{"damage":29,"enemies":"Snecko","floor":24,"turns":5},{"damage":31,"enemies":"Gremlin Leader","floor":25,"turns":5}],"seed_played":"8984804821206477416","potions_obtained":[{"floor":2,"key":"SneckoOil"},{"floor":2,"key":"Fruit Juice"},{"floor":2,"key":"FearPotion"},{"floor":7,"key":"AttackPotion"},{"floor":12,"key":"EntropicBrew"},{"floor":18,"key":"Block Potion"},{"floor":19,"key":"SpeedPotion"}],"is_trial":false,"path_per_floor":["M","?","?","?","$","R","E","R","T","?","$","M","R","M","R","B",null,"M","?","T","M","$","R","M"],"character_chosen":"DEFECT","items_purchased":["Swift Strike","Streamline","DollysMirror"],"campfire_rested":0,"item_purchase_floors":[5,11,22],"current_hp_per_floor":[75,75,75,75,75,75,75,75,75,75,75,75,75,75,75,71,78,61,57,57,53,53,53,24,0],"gold":30,"neow_bonus":"THREE_ENEMY_KILL","is_prod":false,"is_daily":false,"chose_seed":false,"campfire_upgraded":5,"win_rate":0,"timestamp":1540995245,"path_taken":["M","?","?","?","$","R","E","R","T","?","$","?","R","M","R","BOSS","M","?","?","M","?","R","M","E"],"build_version":"2018-10-25v2","purchased_purges":0,"victory":false,"max_hp_per_floor":[75,75,75,75,75,75,75,75,75,75,75,75,75,75,75,80,80,80,80,80,80,80,80,80,80],"card_choices":[{"not_picked":["Force Field","Leap"],"picked":"Go for the Eyes","floor":1},{"not_picked":["White Noise","Beam Cell"],"picked":"Steam","floor":7},{"not_picked":["Amplify","Undo"],"picked":"FTL","floor":12},{"not_picked":["Coolheaded","Turbo"],"picked":"Reinforced Body","floor":14},{"not_picked":["Reboot","Fission"],"picked":"Buffer","floor":16},{"not_picked":["Static Discharge","Stack+1"],"picked":"Ball Lightning","floor":18},{"not_picked":["Hello World","Beam Cell"],"picked":"Steam+1","floor":19},{"not_picked":["Hello World","Rebound"],"picked":"Reinforced Body","floor":21},{"not_picked":["Reinforced Body","Go for the Eyes","Cold Snap"],"picked":"SKIP","floor":24}],"player_experience":904252,"relics_obtained":[{"floor":7,"key":"Bronze Scales"},{"floor":9,"key":"Ancient Tea Set"},{"floor":10,"key":"Boot"},{"floor":19,"key":"Red Mask"},{"floor":20,"key":"Art of War"}],"event_choices":[{"damage_healed":0,"gold_gain":0,"player_choice":"Got Potions","damage_taken":0,"max_hp_gain":0,"max_hp_loss":0,"event_name":"The Lab","floor":2,"gold_loss":0},{"damage_healed":0,"gold_gain":0,"player_choice":"Grow","damage_taken":0,"max_hp_gain":0,"max_hp_loss":0,"event_name":"Living Wall","floor":3,"gold_loss":0,"cards_upgraded":["Zap"]},{"damage_healed":0,"gold_gain":0,"player_choice":"Forge","damage_taken":0,"max_hp_gain":0,"max_hp_loss":0,"event_name":"Accursed Blacksmith","floor":4,"gold_loss":0,"cards_upgraded":["Dualcast"]},{"damage_healed":0,"gold_gain":0,"player_choice":"Relic","damage_taken":0,"max_hp_gain":0,"max_hp_loss":0,"event_name":"Wheel of Change","floor":10,"gold_loss":0},{"damage_healed":0,"gold_gain":0,"player_choice":"Fought Bandits","damage_taken":0,"max_hp_gain":0,"max_hp_loss":0,"event_name":"Masked Bandits","floor":19,"gold_loss":0}],"is_beta":false,"boss_relics":[{"not_picked":["Velvet Choker","Coffee Dripper"],"picked":"Black Star"}],"items_purged_floors":[],"is_endless":false,"potions_floor_spawned":[7,12,18,19],"killed_by":"Gremlin Leader","ascension_level":5}