{"gold_per_floor":[112,77,77,90,100,100,130,130,157,191,366,366,379,66,66,166,166,185,185,195,208,12,42,42,42,42,62,62,80,96,115,115,115],"floor_reached":33,"playtime":2992,"items_purged":[],"score":305,"play_id":"1752d5e9-2040-4a27-a65a-8bb6a307227a","local_time":"20180903111545","is_ascension_mode":true,"campfire_choices":[{"data":"Defend_G","floor":6,"key":"PURGE"},{"floor":8,"key":"REST"},{"floor":15,"key":"REST"},{"floor":24,"key":"REST"},{"floor":32,"key":"REST"}],"neow_cost":"PERCENT_DAMAGE","seed_source_timestamp":348477965286950,"circlet_count":0,"master_deck":["Defend_G","Defend_G","Defend_G","Defend_G","Strike_G","Strike_G","Strike_G","Strike_G","Survivor","Neutralize","Deadly Poison","PiercingWail","Dagger Throw","Deflect","Dash+1","Flying Knee+1","Die Die Die+1","Crippling Poison+1","RitualDagger+1","Die Die Die+1","Backflip+1","Prepared","Backstab+1","Setup+1","Dagger Spray+1"],"relics":["Ring of the Snake","Peace Pipe","Boot","Anchor","Molten Egg 2","StoneCalendar","Black Star","TheAbacus","Nunchaku","Turnip","Gambling Chip","Mummified Hand"],"potions_floor_usage":[7,7,20,23,23,27],"damage_taken":[{"damage":1,"enemies":"2 Louse","floor":1,"turns":4},{"damage":7,"enemies":"Jaw Worm","floor":4,"turns":4},{"damage":0,"enemies":"Small Slimes","floor":5,"turns":5},{"damage":17,"enemies":"Gremlin Nob","floor":7,"turns":4},{"damage":24,"enemies":"3 Sentries","floor":10,"turns":10},{"damage":0,"enemies":"3 Louse","floor":13,"turns":3},{"damage":33,"enemies":"Hexaghost","floor":16,"turns":11},{"damage":7,"enemies":"3 Byrds","floor":18,"turns":5},{"damage":0,"enemies":"2 Thieves","floor":20,"turns":4},{"damage":20,"enemies":"Centurion and Healer","floor":21,"turns":4},{"damage":25,"enemies":"Gremlin Leader","floor":23,"turns":7},{"damage":8,"enemies":"Snake Plant","floor":27,"turns":4},{"damage":1,"enemies":"Cultist and Chosen","floor":29,"turns":4},{"damage":8,"enemies":"Centurion and Healer","floor":30,"turns":6},{"damage":0,"enemies":"3 Cultists","floor":31,"turns":3},{"damage":42,"enemies":"Champ","floor":33,"turns":9}],"seed_played":"-1254780226224117452","potions_obtained":[{"floor":4,"key":"Energy Potion"},{"floor":5,"key":"Poison Potion"},{"floor":16,"key":"Dexterity Potion"},{"floor":18,"key":"GhostInAJar"},{"floor":20,"key":"Swift Potion"},{"floor":23,"key":"AttackPotion"}],"is_trial":false,"path_per_floor":["M","?","?","M","M","R","E","R","T","E","?","?","M","$","R","B",null,"M","?","M","M","$","E","R","$","T","M","T","M","M","M","R"],"character_chosen":"THE_SILENT","items_purchased":["StoneCalendar","TheAbacus"],"campfire_rested":4,"item_purchase_floors":[14,22],"current_hp_per_floor":[48,65,65,58,58,58,41,62,62,38,38,38,38,38,59,26,70,63,57,57,37,37,12,33,33,33,25,25,24,16,16,37,0],"gold":115,"neow_bonus":"ONE_RARE_RELIC","is_prod":false,"is_daily":false,"chose_seed":false,"campfire_upgraded":0,"win_rate":0,"timestamp":1535998545,"path_taken":["M","?","?","M","M","R","E","R","T","E","?","?","?","$","R","BOSS","M","?","M","M","$","E","R","$","T","M","?","M","?","M","R","BOSS"],"build_version":"2018-08-30","purchased_purges":0,"victory":false,"max_hp_per_floor":[70,70,70,70,70,70,70,70,70,70,70,70,70,70,70,70,70,70,70,70,70,70,70,70,70,70,70,70,70,70,70,70,70],"card_choices":[{"not_picked":["Terror","Predator"],"picked":"Deadly Poison","floor":1},{"not_picked":["Deflect","Choke"],"picked":"PiercingWail","floor":4},{"not_picked":["Prepared","Eviscerate"],"picked":"Dagger Throw","floor":5},{"not_picked":["Dodge and Roll","Slice"],"picked":"Deflect","floor":7},{"not_picked":["Choke","Poisoned Stab"],"picked":"Dash","floor":10},{"not_picked":["Eviscerate+1","Bane+1"],"picked":"Flying Knee+1","floor":13},{"not_picked":["Bullet Time","Malaise"],"picked":"Die Die Die+1","floor":16},{"not_picked":["Dagger Throw+1","Expertise"],"picked":"Crippling Poison+1","floor":18},{"not_picked":["PiercingWail","Blade Dance"],"picked":"Die Die Die+1","floor":20},{"not_picked":["Dodge and Roll","Escape Plan"],"picked":"Backflip+1","floor":21},{"not_picked":["Slice+1","Finisher+1"],"picked":"Prepared","floor":23},{"not_picked":["Flying Knee+1","Dagger Throw+1"],"picked":"Backstab+1","floor":27},{"not_picked":["Dodge and Roll","Flying Knee+1"],"picked":"Setup+1","floor":29},{"not_picked":["Dodge and Roll","Acrobatics+1","Bouncing Flask"],"picked":"SKIP","floor":30},{"not_picked":["Expertise","Sucker Punch+1"],"picked":"Dagger Spray+1","floor":31}],"player_experience":302216,"relics_obtained":[{"floor":7,"key":"Boot"},{"floor":9,"key":"Anchor"},{"floor":10,"key":"Molten Egg 2"},{"floor":23,"key":"Nunchaku"},{"floor":23,"key":"Turnip"},{"floor":26,"key":"Gambling Chip"},{"floor":28,"key":"Mummified Hand"}],"event_choices":[{"event_name":"The Cleric","player_choice":"Healed","floor":2,"damage_taken":0},{"event_name":"Living Wall","player_choice":"Forget","floor":3,"damage_taken":0},{"event_name":"Liars Game","player_choice":"agreed","floor":11,"damage_taken":0},{"event_name":"Fountain of Cleansing","player_choice":"Removed Curse","floor":12,"damage_taken":0},{"event_name":"Nest","player_choice":"Joined the Cult","floor":19,"damage_taken":0}],"is_beta":false,"boss_relics":[{"not_picked":["Velvet Choker","Pandora\u0027s Box"],"picked":"Black Star"}],"items_purged_floors":[],"is_endless":false,"potions_floor_spawned":[4,5,16,18,20,23],"killed_by":"Champ","ascension_level":2}