{"gold_per_floor":[119,135,6,18,18,18,52,52,52,82,7,41,67,80,80,155,155,172,15,65,77,77,108,108,108,159,193,193,204,215,244,244,316,316,328,217,50,60,72,72,98,98,98,132,132,158,73,106,106,106,106,106,106,6,41,41],"floor_reached":56,"playtime":5147,"items_purged":["Strike_G","Strike_G"],"score":2324,"play_id":"b98e30be-eb7a-42b6-9d88-980c50c3b577","local_time":"20190702191243","is_ascension_mode":true,"campfire_choices":[{"data":"Parasite","floor":6.0,"key":"PURGE"},{"floor":8.0,"key":"REST"},{"data":"Glass Knife","floor":15.0,"key":"SMITH"},{"data":"Corpse Explosion","floor":24,"key":"SMITH"},{"data":"Footwork","floor":25,"key":"SMITH"},{"data":"Strike_G","floor":28,"key":"PURGE"},{"floor":32,"key":"REST"},{"data":"Malaise","floor":40,"key":"SMITH"},{"floor":42,"key":"RECALL"},{"data":"Strike_G","floor":45,"key":"PURGE"},{"data":"Catalyst","floor":49,"key":"SMITH"},{"data":"Well Laid Plans","floor":53,"key":"SMITH"}],"neow_cost":"CURSE","seed_source_timestamp":18639943277376,"circlet_count":0,"master_deck":["AscendersBane","Defend_G","Defend_G","Defend_G","Defend_G","Defend_G","Survivor","Neutralize","Dagger Throw","Backflip","Footwork+1","Poisoned Stab","Glass Knife+1","Blur","Deadly Poison","Corpse Explosion+1","Leg Sweep","Well Laid Plans+1","Malaise+1","Corpse Explosion","Backflip","PiercingWail","Catalyst+1","Noxious Fumes+1","Crippling Poison+1"],"special_seed":0,"relics":["Ring of the Snake","Peace Pipe","Pocketwatch","Snake Skull","Thread and Needle","WingedGreaves","Meat on the Bone","Singing Bowl","Sozu","Bronze Scales","Unceasing Top","Dream Catcher","Dodecahedron","Velvet Choker","Potion Belt","PreservedInsect","Blood Vial","Frozen Egg 2","Kunai","Paper Crane","Toxic Egg 2","Mercury Hourglass"],"potions_floor_usage":[],"damage_taken":[{"damage":0.0,"enemies":"2 Louse","floor":1.0,"turns":4.0},{"damage":10.0,"enemies":"Jaw Worm","floor":2.0,"turns":6.0},{"damage":4.0,"enemies":"Small Slimes","floor":4.0,"turns":5.0},{"damage":27.0,"enemies":"Gremlin Nob","floor":7.0,"turns":4.0},{"damage":0.0,"enemies":"Lagavulin","floor":12.0,"turns":8.0},{"damage":0.0,"enemies":"3 Sentries","floor":13.0,"turns":7.0},{"damage":0.0,"enemies":"Blue Slaver","floor":14.0,"turns":5.0},{"damage":0.0,"enemies":"The Guardian","floor":16.0,"turns":10.0},{"damage":3,"enemies":"Shell Parasite","floor":18,"turns":6},{"damage":0,"enemies":"Chosen","floor":21,"turns":4},{"damage":20,"enemies":"Slavers","floor":23,"turns":2},{"damage":20,"enemies":"Gremlin Leader","floor":27,"turns":6},{"damage":21,"enemies":"Shelled Parasite and Fungi","floor":29,"turns":5},{"damage":0,"enemies":"Centurion and Healer","floor":30,"turns":4},{"damage":33,"enemies":"Slavers","floor":31,"turns":3},{"damage":15,"enemies":"Automaton","floor":33,"turns":11},{"damage":0,"enemies":"3 Shapes","floor":35,"turns":3},{"damage":0,"enemies":"Orb Walker","floor":38,"turns":4},{"damage":16,"enemies":"Transient","floor":39,"turns":6},{"damage":9,"enemies":"Reptomancer","floor":41,"turns":5},{"damage":7,"enemies":"Nemesis","floor":44,"turns":7},{"damage":23,"enemies":"Reptomancer","floor":46,"turns":8},{"damage":0,"enemies":"Nemesis","floor":48,"turns":7},{"damage":10,"enemies":"Time Eater","floor":50,"turns":8},{"damage":17,"enemies":"Awakened One","floor":51,"turns":21},{"damage":45,"enemies":"Shield and Spear","floor":55,"turns":6},{"damage":44,"enemies":"The Heart","floor":56,"turns":7}],"seed_played":"-5309328020951077628","potions_obtained":[{"floor":2.0,"key":"Swift Potion"},{"floor":7.0,"key":"GamblersBrew"},{"floor":12.0,"key":"Fire Potion"}],"is_trial":false,"path_per_floor":["M","M","$","M","?","R","E","R","T","?","$","E","E","M","R","B",null,"M","$","?","M","?","E","R","R","T","E","R","M","M","E","R","B",null,"M","?","$","M","M","R","E","R","T","E","R","E","$","E","R","B","B",null,"R","$","E","B"],"character_chosen":"THE_SILENT","items_purchased":["Footwork","Explosive Potion","Bronze Scales","PreservedInsect","Noxious Fumes+1"],"campfire_rested":2,"item_purchase_floors":[3,3,19,37,47],"current_hp_per_floor":[59,49,49,45,34,34,7,25,25,25,25,25,37,37,37,37,57,56,56,56,58,58,40,40,40,40,34,34,25,39,18,39,36,64,66,66,66,68,52,52,43,43,43,52,52,43,43,47,47,51,48,73,73,73,42,0],"gold":41,"neow_bonus":"ONE_RARE_RELIC","is_prod":false,"is_daily":false,"chose_seed":false,"campfire_upgraded":6,"win_rate":0,"timestamp":1562087563,"path_taken":["M","M","$","M","?","R","E","R","T","?","$","E","E","M","R","BOSS","M","$","?","M","?","E","R","R","T","E","R","M","?","E","R","BOSS","M","?","$","M","M","R","E","R","T","E","R","E","$","E","R","BOSS","BOSS","R","$","E","BOSS"],"build_version":"2019-07-01","purchased_purges":2,"victory":false,"max_hp_per_floor":[66,66,66,66,66,63,63,63,63,63,63,63,63,63,63,63,63,65,65,65,67,67,69,69,69,69,71,71,71,73,73,73,73,73,75,75,75,77,77,77,77,77,77,79,79,79,79,81,81,81,81,81,81,81,81,81],"card_choices":[{"not_picked":["Underhanded Strike","Cloak And Dagger"],"picked":"Dagger Throw","floor":1.0},{"not_picked":["Outmaneuver","Bane"],"picked":"Backflip","floor":2.0},{"not_picked":["Deadly Poison","Dagger Throw"],"picked":"Poisoned Stab","floor":4.0},{"not_picked":["Venomology","Dagger Throw","Prepared"],"picked":"SKIP","floor":7.0},{"not_picked":["Underhanded Strike","Sucker Punch"],"picked":"Glass Knife","floor":12.0},{"not_picked":["Acrobatics","Masterful Stab"],"picked":"Blur","floor":13.0},{"not_picked":["Outmaneuver","Acrobatics"],"picked":"Deadly Poison","floor":14.0},{"not_picked":["Venomology","Envenom"],"picked":"Corpse Explosion","floor":16.0},{"not_picked":["Eviscerate","Finisher","Deflect"],"picked":"Singing Bowl","floor":18},{"not_picked":["Deadly Poison","Expertise","Flying Knee"],"picked":"Singing Bowl","floor":21},{"not_picked":["Burst","Storm of Steel","Acrobatics"],"picked":"Singing Bowl","floor":23},{"not_picked":["Endless Agony","Bane","Sucker Punch"],"picked":"Singing Bowl","floor":27},{"not_picked":["Dodge and Roll","Outmaneuver"],"picked":"Leg Sweep","floor":29},{"not_picked":["Dagger Spray","Heel Hook","Bane"],"picked":"Singing Bowl","floor":30},{"not_picked":["Cloak And Dagger","Skewer"],"picked":"Well Laid Plans","floor":31},{"not_picked":["Sucker Punch+1","Finisher"],"picked":"Malaise","floor":32},{"not_picked":["A Thousand Cuts","Storm of Steel"],"picked":"Corpse Explosion","floor":33},{"not_picked":["Deflect","Slice+1","Endless Agony"],"picked":"Singing Bowl","floor":35},{"not_picked":["Cloak And Dagger","Quick Slash","Deflect"],"picked":"Singing Bowl","floor":38},{"not_picked":["Quick Slash","Blade Dance"],"picked":"Backflip","floor":39},{"not_picked":["Cloak And Dagger+1","After Image"],"picked":"PiercingWail","floor":41},{"not_picked":["Blade Dance","Skewer+1","Slice"],"picked":"Singing Bowl","floor":44},{"not_picked":["Cloak And Dagger","Deadly Poison"],"picked":"Catalyst","floor":46},{"not_picked":["Finisher","Flechettes","Concentrate+1"],"picked":"Singing Bowl","floor":48},{"not_picked":["Slice","Masterful Stab+1"],"picked":"Crippling Poison+1","floor":55}],"player_experience":1436783,"relics_obtained":[{"floor":7.0,"key":"Snake Skull"},{"floor":9.0,"key":"Thread and Needle"},{"floor":12.0,"key":"Meat on the Bone"},{"floor":13.0,"key":"Singing Bowl"},{"floor":23,"key":"Unceasing Top"},{"floor":27,"key":"Dream Catcher"},{"floor":31,"key":"Dodecahedron"},{"floor":41,"key":"Blood Vial"},{"floor":43,"key":"Frozen Egg 2"},{"floor":44,"key":"Kunai"},{"floor":46,"key":"Paper Crane"},{"floor":48,"key":"Toxic Egg 2"},{"floor":55,"key":"Mercury Hourglass"}],"event_choices":[{"damage_healed":0.0,"max_hp_gain":0.0,"max_hp_loss":0.0,"gold_gain":0.0,"event_name":"Scrap Ooze","player_choice":"Success","floor":5.0,"gold_loss":0.0,"damage_taken":11.0,"relics_obtained":["Pocketwatch"]},{"damage_healed":0.0,"max_hp_gain":0.0,"max_hp_loss":0.0,"gold_gain":30.0,"event_name":"Dead Adventurer","player_choice":"Searched \u00273\u0027 times","floor":10.0,"gold_loss":0.0,"damage_taken":0.0,"relics_obtained":["WingedGreaves"]},{"damage_healed":0,"gold_gain":50,"player_choice":"Stole From Cult","damage_taken":0,"max_hp_gain":0,"max_hp_loss":0,"event_name":"Nest","floor":20,"gold_loss":0},{"cards_removed":["Strike_G"],"damage_healed":0,"gold_gain":0,"player_choice":"Purged","damage_taken":0,"max_hp_gain":0,"max_hp_loss":0,"event_name":"Purifier","floor":22,"gold_loss":0},{"damage_healed":0,"gold_gain":0,"player_choice":"Paid Gold","damage_taken":0,"relics_obtained":["Potion Belt"],"max_hp_gain":0,"max_hp_loss":0,"event_name":"WeMeetAgain","floor":36,"gold_loss":111}],"is_beta":false,"boss_relics":[{"not_picked":["WristBlade","Pandora\u0027s Box"],"picked":"Sozu"},{"not_picked":["Astrolabe","White Beast Statue"],"picked":"Velvet Choker"}],"items_purged_floors":[11,54],"is_endless":false,"potions_floor_spawned":[2,7,12,18,23,29,31,35,38,39,44,55],"killed_by":"The Heart","ascension_level":20}