{"gold_per_floor":[215,226,238,238,16,47,47,57,57,7,22,52,65,76,76,174,174,191,201,220,220],"floor_reached":21,"playtime":2238,"items_purged":["Strike_G"],"score":215,"play_id":"7d0895db-27dd-495f-a9c0-698f175f7311","local_time":"20180903202023","is_ascension_mode":true,"campfire_choices":[{"floor":7,"key":"REST"},{"data":"Calculated Gamble","floor":15,"key":"SMITH"}],"neow_cost":"NONE","seed_source_timestamp":381909711897879,"circlet_count":0,"master_deck":["Defend_G","Defend_G","Defend_G","Defend_G","Strike_G","Strike_G","Strike_G","Strike_G","Survivor","Neutralize","Calculated Gamble+1","Dagger Spray","Quick Slash","Cloak And Dagger","Neutralize","Cloak And Dagger","Dagger Spray","Deflect","Underhanded Strike","Dash","Adrenaline","Dagger Throw","Escape Plan","Blade Dance+1"],"relics":["Ring of the Snake","Bag of Marbles","Meat on the Bone","Mummified Hand","Bottled Lightning","Black Star"],"potions_floor_usage":[12,16,16,16,19,20,20],"damage_taken":[{"damage":3,"enemies":"Jaw Worm","floor":1,"turns":6},{"damage":1,"enemies":"Cultist","floor":2,"turns":4},{"damage":0,"enemies":"2 Louse","floor":3,"turns":2},{"damage":12,"enemies":"Lagavulin","floor":6,"turns":8},{"damage":0,"enemies":"2 Fungi Beasts","floor":8,"turns":2},{"damage":0,"enemies":"Blue Slaver","floor":11,"turns":2},{"damage":1,"enemies":"Gremlin Nob","floor":12,"turns":4},{"damage":0,"enemies":"Exordium Wildlife","floor":13,"turns":2},{"damage":0,"enemies":"3 Louse","floor":14,"turns":1},{"damage":47,"enemies":"Hexaghost","floor":16,"turns":16},{"damage":8,"enemies":"2 Thieves","floor":18,"turns":4},{"damage":4,"enemies":"Shell Parasite","floor":19,"turns":5},{"damage":12,"enemies":"Snake Plant","floor":20,"turns":5},{"damage":61,"enemies":"Chosen and Byrds","floor":21,"turns":9}],"seed_played":"5931952695111523103","potions_obtained":[{"floor":1,"key":"GamblersBrew"},{"floor":6,"key":"PowerPotion"},{"floor":8,"key":"Block Potion"},{"floor":12,"key":"Poison Potion"},{"floor":16,"key":"FearPotion"},{"floor":18,"key":"Block Potion"},{"floor":19,"key":"Block Potion"}],"is_trial":false,"path_per_floor":["M","M","M","?","$","E","R","M","T","?","M","E","M","M","R","B",null,"M","M","M"],"character_chosen":"THE_SILENT","items_purchased":["Bag of Marbles"],"campfire_rested":1,"item_purchase_floors":[5],"current_hp_per_floor":[67,66,66,66,66,54,70,70,70,70,70,69,69,69,69,34,70,62,58,46,0],"gold":220,"neow_bonus":"HUNDRED_GOLD","is_prod":false,"is_daily":false,"chose_seed":false,"campfire_upgraded":1,"win_rate":0,"timestamp":1536031223,"path_taken":["M","M","M","?","$","E","R","M","T","?","M","E","M","M","R","BOSS","M","M","M","M"],"build_version":"2018-08-30","purchased_purges":1,"victory":false,"max_hp_per_floor":[70,70,70,70,70,70,70,70,70,70,70,70,70,70,70,70,70,70,70,70,70],"card_choices":[{"not_picked":["Outmaneuver","Blade Dance"],"picked":"Calculated Gamble","floor":1},{"not_picked":["Skewer","Bane"],"picked":"Dagger Spray","floor":2},{"not_picked":["Terror","Riddle With Holes"],"picked":"Quick Slash","floor":3},{"not_picked":["Flying Knee","Bouncing Flask"],"picked":"Cloak And Dagger","floor":6},{"not_picked":["Dodge and Roll","Expertise","Cloak And Dagger"],"picked":"SKIP","floor":8},{"not_picked":["Deflect","Poisoned Stab"],"picked":"Dagger Spray","floor":11},{"not_picked":["Terror","Dodge and Roll"],"picked":"Deflect","floor":12},{"not_picked":["Venomology","Poisoned Stab"],"picked":"Underhanded Strike","floor":13},{"not_picked":["Dagger Spray","Backflip"],"picked":"Dash","floor":14},{"not_picked":["Phantasmal Killer","Burst"],"picked":"Adrenaline","floor":16},{"not_picked":["PiercingWail","Quick Slash"],"picked":"Dagger Throw","floor":18},{"not_picked":["Deflect+1","Slice+1"],"picked":"Escape Plan","floor":19},{"not_picked":["Deflect","Cloak And Dagger"],"picked":"Blade Dance+1","floor":20}],"player_experience":309138,"relics_obtained":[{"floor":6,"key":"Meat on the Bone"},{"floor":9,"key":"Mummified Hand"},{"floor":12,"key":"Bottled Lightning"}],"event_choices":[{"event_name":"Match and Keep!","player_choice":"2 cards matched","floor":4,"damage_taken":0},{"event_name":"The Cleric","player_choice":"Card Removal","floor":10,"damage_taken":0}],"is_beta":false,"boss_relics":[{"not_picked":["Cursed Key","Pandora\u0027s Box"],"picked":"Black Star"}],"items_purged_floors":[5],"is_endless":false,"potions_floor_spawned":[1,6,8,12,16,18,19],"killed_by":"Chosen and Byrds","ascension_level":2}