{"gold_per_floor":[13,13,13,13,32,32,46,46,72,72,115,115,140,140,140,260,260,285,285,210,309,330,363,379,417,443,479,404,419,437,476,476,607,607,632,532,532,545,545,585,585,603,630,301,301,301,301,315,315,315],"floor_reached":51,"playtime":2556,"items_purged":["Strike_G","Defend_G","Neutralize+1"],"score":1171,"play_id":"9b679961-d39e-4c04-a036-9fbac803640c","local_time":"20190702124520","is_ascension_mode":true,"campfire_choices":[{"floor":6.0,"key":"REST"},{"data":"Defend_G","floor":8.0,"key":"SMITH"},{"floor":15.0,"key":"REST"},{"data":"Grand Finale","floor":32,"key":"SMITH"},{"data":"Adrenaline","floor":45,"key":"SMITH"},{"floor":47,"key":"REST"},{"floor":49,"key":"RECALL"}],"neow_cost":"NO_GOLD","seed_source_timestamp":15717885032511,"circlet_count":0,"master_deck":["Defend_G+1","Grand Finale+1","Crippling Poison+1","Adrenaline+1","Malaise+1"],"special_seed":0,"relics":["Ring of the Snake","Golden Idol","Bag of Preparation","Pocketwatch","Velvet Choker","Turnip","Pen Nib","Mercury Hourglass","Ice Cream","Empty Cage","Regal Pillow","Orichalcum","TwistedFunnel"],"potions_floor_usage":[],"damage_taken":[{"damage":0.0,"enemies":"2 Louse","floor":1.0,"turns":4.0},{"damage":0.0,"enemies":"Small Slimes","floor":5.0,"turns":3.0},{"damage":0.0,"enemies":"Jaw Worm","floor":7.0,"turns":4.0},{"damage":27.0,"enemies":"3 Sentries","floor":11.0,"turns":14.0},{"damage":2.0,"enemies":"3 Louse","floor":13.0,"turns":4.0},{"damage":42.0,"enemies":"Slime Boss","floor":16.0,"turns":20.0},{"damage":2.0,"enemies":"Shell Parasite","floor":18.0,"turns":4.0},{"damage":0.0,"enemies":"Spheric Guardian","floor":22.0,"turns":1.0},{"damage":0.0,"enemies":"Slavers","floor":23.0,"turns":1.0},{"damage":0.0,"enemies":"Snake Plant","floor":24.0,"turns":3.0},{"damage":0.0,"enemies":"Book of Stabbing","floor":25.0,"turns":4.0},{"damage":0.0,"enemies":"Slavers","floor":27.0,"turns":1.0},{"damage":0.0,"enemies":"Centurion and Healer","floor":29.0,"turns":2.0},{"damage":0.0,"enemies":"Cultist and Chosen","floor":30.0,"turns":2.0},{"damage":0,"enemies":"Book of Stabbing","floor":31,"turns":3},{"damage":20,"enemies":"Champ","floor":33,"turns":6},{"damage":0,"enemies":"Orb Walker","floor":35,"turns":1},{"damage":0,"enemies":"3 Shapes","floor":38,"turns":1},{"damage":0,"enemies":"Giant Head","floor":40,"turns":6},{"damage":2,"enemies":"Spire Growth","floor":42,"turns":2},{"damage":0,"enemies":"3 Darklings","floor":48,"turns":1},{"damage":14,"enemies":"Donu and Deca","floor":50,"turns":3}],"seed_played":"3042061483056231183","potions_obtained":[{"floor":11.0,"key":"SpeedPotion"},{"floor":13.0,"key":"Explosive Potion"},{"floor":24.0,"key":"EssenceOfSteel"},{"floor":27.0,"key":"Poison Potion"},{"floor":29.0,"key":"FearPotion"},{"floor":33,"key":"Block Potion"}],"is_trial":false,"path_per_floor":["M","?","?","?","M","R","M","R","T","$","E","?","M","?","R","B",null,"M","?","$","?","M","E","M","E","T","E","?","M","M","E","R","B",null,"M","$","?","M","?","E","?","M","T","$","R","?","R","M","R","B",null],"character_chosen":"THE_SILENT","items_purchased":["TwistedFunnel"],"campfire_rested":3,"item_purchase_floors":[44],"current_hp_per_floor":[70,53,39,32,32,53,53,53,53,53,26,26,24,29,51,9,75,73,73,73,73,73,73,73,73,73,73,73,73,73,73,73,53,75,75,75,75,75,75,75,75,73,73,73,73,73,75,75,75,61],"gold":315,"neow_bonus":"REMOVE_TWO","is_prod":false,"is_daily":false,"chose_seed":false,"campfire_upgraded":3,"win_rate":0,"timestamp":1562064320,"path_taken":["M","?","?","?","?","R","M","R","T","$","E","?","M","?","R","BOSS","M","?","$","?","M","E","M","E","T","E","?","M","M","E","R","BOSS","M","$","?","?","?","E","?","M","T","$","R","?","R","M","R","BOSS"],"build_version":"2019-07-01","purchased_purges":3,"victory":true,"max_hp_per_floor":[70,70,70,70,70,70,70,70,70,70,70,70,70,75,75,75,75,75,75,75,75,75,75,75,75,75,75,75,75,75,75,75,75,75,75,75,75,75,75,75,75,75,75,75,75,75,75,75,75,75],"card_choices":[{"not_picked":["Acrobatics","Blade Dance","Slice"],"picked":"SKIP","floor":1.0},{"not_picked":["Finisher","Prepared","Calculated Gamble"],"picked":"SKIP","floor":5.0},{"not_picked":["Acrobatics","Cloak And Dagger","Slice"],"picked":"SKIP","floor":7.0},{"not_picked":["Cloak And Dagger","Envenom","Prepared"],"picked":"SKIP","floor":11.0},{"not_picked":["Dagger Spray","Dagger Throw","Dodge and Roll"],"picked":"SKIP","floor":13.0},{"not_picked":["Glass Knife","Doppelganger"],"picked":"Grand Finale","floor":16.0},{"not_picked":["Flechettes","Leg Sweep","Concentrate"],"picked":"SKIP","floor":18.0},{"not_picked":["Leg Sweep","Flying Knee"],"picked":"Crippling Poison+1","floor":22.0},{"not_picked":["Outmaneuver+1","Setup","Skewer"],"picked":"SKIP","floor":23.0},{"not_picked":["PiercingWail+1","Dodge and Roll+1","Outmaneuver"],"picked":"SKIP","floor":24.0},{"not_picked":["Underhanded Strike","Masterful Stab","Cloak And Dagger+1"],"picked":"SKIP","floor":25.0},{"not_picked":["Deflect","Calculated Gamble","Backstab"],"picked":"SKIP","floor":27.0},{"not_picked":["Slice","Prepared+1","Dodge and Roll"],"picked":"SKIP","floor":29.0},{"not_picked":["Dodge and Roll+1","Choke+1","Riddle With Holes+1"],"picked":"SKIP","floor":30.0},{"not_picked":["Cloak And Dagger","Eviscerate+1"],"picked":"Adrenaline","floor":31},{"not_picked":["Tools of the Trade","Phantasmal Killer"],"picked":"Malaise","floor":33},{"not_picked":["Deflect+1","Crippling Poison","Cloak And Dagger+1"],"picked":"SKIP","floor":35},{"not_picked":["Quick Slash","Dagger Spray+1","Underhanded Strike+1"],"picked":"SKIP","floor":38},{"not_picked":["Backstab+1","Predator+1","PiercingWail+1"],"picked":"SKIP","floor":40},{"not_picked":["Backstab+1","Predator+1","PiercingWail+1"],"picked":"SKIP","floor":40},{"not_picked":["Slice","Flechettes+1","Underhanded Strike"],"picked":"SKIP","floor":42},{"not_picked":["Dagger Spray+1","Expertise","Flechettes+1"],"picked":"SKIP","floor":48}],"player_experience":397602,"relics_obtained":[{"floor":9.0,"key":"Bag of Preparation"},{"floor":11.0,"key":"Pocketwatch"},{"floor":23.0,"key":"Turnip"},{"floor":26.0,"key":"Pen Nib"},{"floor":27.0,"key":"Mercury Hourglass"},{"floor":31,"key":"Ice Cream"},{"floor":40,"key":"Regal Pillow"},{"floor":43,"key":"Orichalcum"}],"event_choices":[{"damage_healed":0.0,"max_hp_gain":0.0,"max_hp_loss":0.0,"gold_gain":0.0,"event_name":"Golden Idol","player_choice":"Take Damage","floor":2.0,"gold_loss":0.0,"damage_taken":17.0,"relics_obtained":["Golden Idol"]},{"damage_healed":0.0,"max_hp_gain":0.0,"max_hp_loss":0.0,"gold_gain":0.0,"event_name":"Shining Light","player_choice":"Entered Light","floor":3.0,"gold_loss":0.0,"damage_taken":14.0,"cards_upgraded":["Survivor","Neutralize"]},{"cards_removed":["Defend_G"],"damage_healed":0.0,"max_hp_gain":0.0,"max_hp_loss":0.0,"gold_gain":0.0,"event_name":"Golden Wing","player_choice":"Card Removal","floor":4.0,"gold_loss":0.0,"damage_taken":7.0},{"damage_healed":0.0,"max_hp_gain":0.0,"max_hp_loss":0.0,"gold_gain":0.0,"event_name":"Liars Game","player_choice":"Ignored","floor":12.0,"gold_loss":0.0,"damage_taken":0.0},{"damage_healed":0.0,"max_hp_gain":5.0,"max_hp_loss":0.0,"gold_gain":0.0,"event_name":"Big Fish","player_choice":"Donut","floor":14.0,"gold_loss":0.0,"damage_taken":0.0},{"cards_removed":["Strike_G"],"damage_healed":0.0,"max_hp_gain":0.0,"max_hp_loss":0.0,"gold_gain":0.0,"event_name":"Back to Basics","player_choice":"Elegance","floor":19.0,"gold_loss":0.0,"damage_taken":0.0},{"damage_healed":0.0,"max_hp_gain":0.0,"max_hp_loss":0.0,"gold_gain":99.0,"event_name":"Nest","player_choice":"Stole From Cult","floor":21.0,"gold_loss":0.0,"damage_taken":0.0},{"cards_removed":["Strike_G"],"damage_healed":0.0,"max_hp_gain":0.0,"max_hp_loss":0.0,"gold_gain":0.0,"event_name":"Beggar","player_choice":"Gave Gold","floor":28.0,"gold_loss":75.0,"damage_taken":0.0},{"damage_healed":0,"gold_gain":0,"player_choice":"Upgraded","damage_taken":0,"max_hp_gain":0,"max_hp_loss":0,"event_name":"Upgrade Shrine","floor":37,"gold_loss":0,"cards_upgraded":["Malaise"]},{"damage_healed":0,"gold_gain":0,"player_choice":"Memory 1","damage_taken":0,"max_hp_gain":0,"max_hp_loss":0,"event_name":"SensoryStone","floor":39,"gold_loss":0},{"damage_healed":0,"gold_gain":0,"player_choice":"Ignored","damage_taken":0,"max_hp_gain":0,"max_hp_loss":0,"event_name":"Tomb of Lord Red Mask","floor":41,"gold_loss":0},{"cards_removed":["Survivor"],"damage_healed":0,"gold_gain":0,"player_choice":"Removed Skill","damage_taken":0,"max_hp_gain":0,"max_hp_loss":0,"event_name":"Falling","floor":46,"gold_loss":0}],"is_beta":false,"boss_relics":[{"not_picked":["Lizard Tail","Cursed Key"],"picked":"Velvet Choker"},{"not_picked":["Orrery","HoveringKite"],"picked":"Empty Cage"}],"items_purged_floors":[20,36,44],"is_endless":false,"potions_floor_spawned":[11,13,24,27,29,30,33,35,40],"ascension_level":4}