{"gold_per_floor":[113,130,147,147,167,199,199,97,97,109,109],"floor_reached":11,"playtime":622,"items_purged":[],"score":116,"play_id":"525adf25-5fdf-4347-a248-d3c1893e1319","local_time":"20190407215605","is_ascension_mode":true,"campfire_choices":[{"floor":7,"key":"REST"}],"neow_cost":"NONE","seed_source_timestamp":178396574518947,"circlet_count":0,"master_deck":["AscendersBane","Defend_G","Defend_G","Defend_G","Defend_G","Defend_G","Strike_G","Strike_G","Strike_G","Strike_G","Strike_G","Survivor","Neutralize","Slice","Infinite Blades","Dagger Spray","Sucker Punch","Sucker Punch","Infinite Blades","Dagger Spray","Slice"],"relics":["Ring of the Snake","Girya","Calipers"],"potions_floor_usage":[],"damage_taken":[{"damage":5,"enemies":"Jaw Worm","floor":1,"turns":7},{"damage":1,"enemies":"Cultist","floor":2,"turns":4},{"damage":7,"enemies":"Small Slimes","floor":3,"turns":4},{"damage":9,"enemies":"Blue Slaver","floor":5,"turns":4},{"damage":35,"enemies":"Lagavulin","floor":6,"turns":8},{"damage":18,"enemies":"Large Slime","floor":10,"turns":5},{"damage":0,"enemies":"Looter","floor":11,"turns":1}],"seed_played":"7419599152808135078","potions_obtained":[{"floor":4,"key":"LiquidBronze"},{"floor":4,"key":"GamblersBrew"},{"floor":6,"key":"Strength Potion"}],"is_trial":false,"path_per_floor":["M","M","M","?","M","E","R","$","T","M","M"],"character_chosen":"THE_SILENT","items_purchased":["Infinite Blades","Dagger Spray"],"campfire_rested":1,"item_purchase_floors":[8,8],"current_hp_per_floor":[65,64,57,57,48,13,36,36,36,18,18],"gold":109,"neow_bonus":"TEN_PERCENT_HP_BONUS","is_prod":false,"is_daily":false,"chose_seed":false,"campfire_upgraded":0,"win_rate":0,"timestamp":1554692165,"path_taken":["M","M","M","?","M","E","R","$","T","?","M"],"build_version":"2019-01-23","purchased_purges":0,"victory":false,"max_hp_per_floor":[77,77,77,77,77,77,77,77,77,77,77],"card_choices":[{"not_picked":["Bane","Cloak And Dagger"],"picked":"Slice","floor":1},{"not_picked":["Calculated Gamble","Escape Plan"],"picked":"Infinite Blades","floor":2},{"not_picked":["Underhanded Strike","Deadly Poison"],"picked":"Dagger Spray","floor":3},{"not_picked":["Prepared","Bouncing Flask"],"picked":"Sucker Punch","floor":5},{"not_picked":["Dagger Throw","Accuracy"],"picked":"Sucker Punch","floor":6},{"not_picked":["Terror","Caltrops"],"picked":"Slice","floor":10}],"player_experience":1327597,"relics_obtained":[{"floor":6,"key":"Girya"},{"floor":9,"key":"Calipers"}],"event_choices":[{"damage_healed":0,"gold_gain":0,"player_choice":"Got Potions","damage_taken":0,"max_hp_gain":0,"max_hp_loss":0,"event_name":"Lab","floor":4,"gold_loss":0}],"is_beta":false,"boss_relics":[],"items_purged_floors":[],"is_endless":false,"potions_floor_spawned":[6,10],"killed_by":"Looter","ascension_level":11}