{"gold_per_floor":[114,114,131,131,131,131,157,168,168,185,185,30,61,75,75,153,153,170,220,135,35,35,35,47,73,73,73,86,86,97,130,130,209,209,227,241,6,106,106,106,133,152,152,152,163,180,30,56,56,56,56,56,56,1,33,33],"floor_reached":57,"playtime":4568,"items_purged":["Strike_B","Strike_B","Barrage","Lockon"],"score":2966,"play_id":"6c249fd9-cc5d-4455-8eb3-c743557133a0","local_time":"20190618220031","is_ascension_mode":true,"campfire_choices":[{"data":"Zap","floor":6,"key":"SMITH"},{"data":"Fusion","floor":11,"key":"SMITH"},{"data":"Chaos","floor":15,"key":"SMITH"},{"data":"Defragment","floor":23,"key":"SMITH"},{"floor":29,"key":"REST"},{"data":"Defragment","floor":32,"key":"SMITH"},{"data":"Self Repair","floor":40,"key":"SMITH"},{"data":"Undo","floor":44,"key":"SMITH"},{"floor":49,"key":"RECALL"},{"data":"Echo Form","floor":53,"key":"SMITH"}],"neow_cost":"NONE","seed_source_timestamp":28937306908959,"circlet_count":0,"master_deck":["AscendersBane","Defend_B","Defend_B+1","Defend_B","Defend_B","Zap+1","Undo+1","Fusion+1","Chaos+1","Self Repair+1","Compile Driver","Creative AI","Echo Form+1","Defragment+1","Meteor Strike","Defragment+1","Meteor Strike","Cold Snap","Core Surge","Glacier+1","Recycle"],"relics":["Cracked Core","NeowsBlessing","Gambling Chip","Unceasing Top","Oddly Smooth Stone","Snecko Eye","Potion Belt","Mango","PreservedInsect","Letter Opener","Blue Candle","Coffee Dripper","Emotion Chip","Kunai","Shuriken","DataDisk"],"potions_floor_usage":[24,25,31,36,41,41,56,56,56,56],"damage_taken":[{"damage":0,"enemies":"Small Slimes","floor":1,"turns":1},{"damage":0,"enemies":"Jaw Worm","floor":3,"turns":1},{"damage":0,"enemies":"3 Sentries","floor":7,"turns":1},{"damage":0,"enemies":"2 Louse","floor":8,"turns":2},{"damage":8,"enemies":"Large Slime","floor":10,"turns":6},{"damage":0,"enemies":"Lagavulin","floor":13,"turns":5},{"damage":0,"enemies":"Looter","floor":14,"turns":3},{"damage":11,"enemies":"The Guardian","floor":16,"turns":11},{"damage":0,"enemies":"Spheric Guardian","floor":18,"turns":3},{"damage":1,"enemies":"Chosen","floor":24,"turns":7},{"damage":45,"enemies":"Slavers","floor":25,"turns":6},{"damage":5,"enemies":"Centurion and Healer","floor":28,"turns":5},{"damage":4,"enemies":"Snecko","floor":30,"turns":4},{"damage":4,"enemies":"Gremlin Leader","floor":31,"turns":3},{"damage":8,"enemies":"Automaton","floor":33,"turns":8},{"damage":0,"enemies":"3 Shapes","floor":35,"turns":3},{"damage":8,"enemies":"3 Darklings","floor":36,"turns":4},{"damage":0,"enemies":"Mind Bloom Boss Battle","floor":38,"turns":3},{"damage":0,"enemies":"Reptomancer","floor":41,"turns":4},{"damage":12,"enemies":"Writhing Mass","floor":42,"turns":4},{"damage":7,"enemies":"Sphere and 2 Shapes","floor":45,"turns":5},{"damage":18,"enemies":"3 Darklings","floor":46,"turns":5},{"damage":0,"enemies":"Nemesis","floor":48,"turns":3},{"damage":48,"enemies":"Time Eater","floor":50,"turns":22},{"damage":0,"enemies":"Awakened One","floor":51,"turns":11},{"damage":17,"enemies":"Shield and Spear","floor":55,"turns":5},{"damage":21,"enemies":"The Heart","floor":56,"turns":7}],"seed_played":"4943436740082120640","potions_obtained":[{"floor":7,"key":"Explosive Potion"},{"floor":10,"key":"AttackPotion"},{"floor":14,"key":"Energy Potion"},{"floor":25,"key":"GamblersBrew"},{"floor":30,"key":"Swift Potion"},{"floor":38,"key":"Strength Potion"},{"floor":45,"key":"FearPotion"},{"floor":46,"key":"Regen Potion"},{"floor":48,"key":"PowerPotion"}],"is_trial":false,"path_per_floor":["M","?","M","?","?","R","E","M","T","M","R","$","E","M","R","B",null,"M","?","?","$","?","R","M","E","T","T","M","R","M","E","R","B",null,"M","M","$","?","?","R","E","M","T","R","M","M","$","E","R","B","B",null,"R","$","E","B",null],"character_chosen":"DEFECT","items_purchased":["Self Repair","Swift Potion","Energy Potion","SpeedPotion"],"campfire_rested":1,"item_purchase_floors":[12,37,37,54],"current_hp_per_floor":[64,43,43,36,59,59,59,59,59,51,51,51,58,65,65,61,69,69,69,69,69,69,69,71,40,40,40,49,74,84,85,85,84,85,85,85,85,85,85,85,85,83,83,83,85,85,85,85,85,57,77,83,83,83,76,79],"gold":33,"neow_bonus":"THREE_ENEMY_KILL","is_prod":false,"is_daily":false,"chose_seed":false,"campfire_upgraded":8,"win_rate":0,"timestamp":1560888031,"path_taken":["M","?","M","?","?","R","E","M","T","?","R","$","E","M","R","BOSS","M","?","?","$","?","R","M","E","T","?","M","R","?","E","R","BOSS","M","M","$","?","?","R","E","M","T","R","M","?","?","E","R","BOSS","BOSS","R","$","E","BOSS"],"build_version":"2019-01-23","purchased_purges":4,"victory":true,"max_hp_per_floor":[71,71,71,71,71,71,71,71,71,71,71,71,71,71,71,71,71,71,71,71,71,71,71,71,85,85,85,85,85,85,85,85,85,85,85,85,85,85,85,85,85,85,85,85,85,85,85,85,85,85,85,85,85,85,85,85],"card_choices":[{"not_picked":["Barrage","Steam"],"picked":"Undo","floor":1},{"not_picked":["Stack","Conserve Battery"],"picked":"Barrage","floor":3},{"not_picked":["Loop","Stack"],"picked":"Fusion","floor":7},{"not_picked":["Redo","Beam Cell"],"picked":"Chaos","floor":8},{"not_picked":["Streamline","Sunder","Aggregate"],"picked":"SKIP","floor":10},{"not_picked":["Chaos","Scrape"],"picked":"Compile Driver","floor":13},{"not_picked":["Force Field","Tempest"],"picked":"Creative AI","floor":14},{"not_picked":["Creative AI","Thunder Strike"],"picked":"Echo Form","floor":16},{"not_picked":["Steam","Streamline","BootSequence"],"picked":"SKIP","floor":18},{"not_picked":["Streamline+1","Ball Lightning","Conserve Battery+1"],"picked":"SKIP","floor":24},{"not_picked":["Cold Snap","Ball Lightning"],"picked":"Meteor Strike","floor":25},{"not_picked":["Gash","Stack","Auto Shields"],"picked":"SKIP","floor":28},{"not_picked":["Steam+1","Recycle"],"picked":"Defragment","floor":30},{"not_picked":["Static Discharge+1","Darkness","Redo"],"picked":"SKIP","floor":31},{"not_picked":["Echo Form","Buffer"],"picked":"Meteor Strike","floor":33},{"not_picked":["Hologram","Steam","Reinforced Body"],"picked":"SKIP","floor":35},{"not_picked":["Rip and Tear","Sweeping Beam+1","Gash"],"picked":"SKIP","floor":36},{"not_picked":["Leap","Sweeping Beam","Auto Shields"],"picked":"SKIP","floor":41},{"not_picked":["Streamline","Ball Lightning+1"],"picked":"Cold Snap","floor":42},{"not_picked":["Hologram","Chaos+1"],"picked":"Core Surge","floor":45},{"not_picked":["Hologram","Skim"],"picked":"Glacier+1","floor":46},{"not_picked":["Leap","Aggregate","Recycle"],"picked":"SKIP","floor":48},{"not_picked":["Leap","Aggregate"],"picked":"Recycle","floor":48},{"not_picked":["Compile Driver","Barrage","Reprogram"],"picked":"SKIP","floor":55}],"player_experience":1406584,"relics_obtained":[{"floor":7,"key":"Gambling Chip"},{"floor":9,"key":"Unceasing Top"},{"floor":13,"key":"Oddly Smooth Stone"},{"floor":25,"key":"Mango"},{"floor":26,"key":"PreservedInsect"},{"floor":27,"key":"Letter Opener"},{"floor":31,"key":"Blue Candle"},{"floor":38,"key":"Emotion Chip"},{"floor":41,"key":"Kunai"},{"floor":48,"key":"Shuriken"},{"floor":55,"key":"DataDisk"}],"event_choices":[{"damage_healed":0,"gold_gain":0,"player_choice":"Entered Light","damage_taken":21,"max_hp_gain":0,"max_hp_loss":0,"event_name":"Shining Light","floor":2,"gold_loss":0,"cards_upgraded":["Defend_B","Strike_B"]},{"cards_removed":["Strike_B"],"damage_healed":0,"gold_gain":0,"player_choice":"Card Removal","damage_taken":7,"max_hp_gain":0,"max_hp_loss":0,"event_name":"Golden Wing","floor":4,"gold_loss":0},{"damage_healed":23,"gold_gain":0,"player_choice":"Banana","damage_taken":0,"max_hp_gain":0,"max_hp_loss":0,"event_name":"Big Fish","floor":5,"gold_loss":0},{"damage_healed":0,"gold_gain":50,"player_choice":"Stole From Cult","damage_taken":0,"max_hp_gain":0,"max_hp_loss":0,"event_name":"Nest","floor":19,"gold_loss":0},{"damage_healed":0,"gold_gain":0,"player_choice":"Obtained Relic","damage_taken":0,"relics_obtained":["Potion Belt"],"max_hp_gain":0,"max_hp_loss":0,"event_name":"Addict","floor":20,"gold_loss":85},{"damage_healed":0,"gold_gain":0,"cards_transformed":["Strike_B","Dualcast"],"player_choice":"Became Test Subject","damage_taken":0,"max_hp_gain":0,"max_hp_loss":0,"event_name":"Drug Dealer","floor":22,"gold_loss":0,"cards_obtained":["Lockon","Defragment"]},{"damage_healed":0,"gold_gain":0,"player_choice":"Fight","damage_taken":0,"max_hp_gain":0,"max_hp_loss":0,"event_name":"MindBloom","floor":38,"gold_loss":0},{"damage_healed":0,"gold_gain":0,"player_choice":"0 cards matched","damage_taken":0,"max_hp_gain":0,"max_hp_loss":0,"event_name":"Match and Keep!","floor":39,"gold_loss":0,"cards_obtained":[]},{"damage_healed":0,"gold_gain":0,"player_choice":"0 cards matched","damage_taken":0,"max_hp_gain":0,"max_hp_loss":0,"event_name":"Match and Keep!","floor":39,"gold_loss":0,"cards_obtained":[]}],"is_beta":false,"boss_relics":[{"not_picked":["FrozenCore","Empty Cage"],"picked":"Snecko Eye"},{"not_picked":["Runic Pyramid","Calling Bell"],"picked":"Coffee Dripper"}],"items_purged_floors":[12,21,37,47],"is_endless":false,"potions_floor_spawned":[7,10,14,25,30,38,45,46,48],"ascension_level":20}