{"gold_per_floor":[13,13,13,33,33,33,46,46,46,46,46,73,83,96,96,96],"floor_reached":16,"playtime":621,"items_purged":[],"score":135,"play_id":"768992e4-a1bb-49a0-8021-908c08697fc5","local_time":"20181028173522","is_ascension_mode":true,"campfire_choices":[{"data":"Prepared","floor":6,"key":"SMITH"},{"data":"Underhanded Strike","floor":8,"key":"SMITH"},{"data":"Neutralize","floor":10,"key":"SMITH"},{"data":"Underhanded Strike","floor":15,"key":"SMITH"}],"neow_cost":"NO_GOLD","seed_source_timestamp":954695733530023,"circlet_count":0,"master_deck":["Defend_G","Defend_G","Defend_G","Defend_G","Defend_G","Strike_G","Strike_G","Strike_G","Strike_G","Survivor","Neutralize+1","AscendersBane","Glass Knife+1","Underhanded Strike+1","Prepared+1","Acrobatics","Cloak And Dagger","Underhanded Strike+1"],"relics":["Ring of the Snake","Question Card","PreservedInsect"],"potions_floor_usage":[],"damage_taken":[{"damage":8,"enemies":"Small Slimes","floor":1,"turns":3},{"damage":0,"enemies":"Jaw Worm","floor":4,"turns":3},{"damage":0,"enemies":"2 Louse","floor":7,"turns":3},{"damage":1,"enemies":"Red Slaver","floor":13,"turns":3},{"damage":0,"enemies":"Blue Slaver","floor":14,"turns":4},{"damage":25,"enemies":"Slime Boss","floor":16,"turns":5}],"seed_played":"1440398551614220170","potions_obtained":[{"floor":4,"key":"FearPotion"},{"floor":13,"key":"SteroidPotion"}],"is_trial":false,"path_per_floor":["M","?","?","M","?","R","M","R","T","R","$","T","M","M","R"],"character_chosen":"THE_SILENT","items_purchased":[],"campfire_rested":0,"item_purchase_floors":[],"current_hp_per_floor":[55,55,55,55,48,48,48,48,48,48,48,48,47,47,47,22],"gold":96,"neow_bonus":"THREE_RARE_CARDS","is_prod":false,"is_daily":false,"chose_seed":false,"campfire_upgraded":4,"win_rate":0,"timestamp":1540766122,"path_taken":["M","?","?","?","?","R","M","R","T","R","?","?","?","M","R","BOSS"],"build_version":"2018-10-25v2","purchased_purges":0,"victory":false,"max_hp_per_floor":[70,70,70,70,70,70,70,70,70,70,70,70,70,70,70,70],"card_choices":[{"not_picked":["Corpse Explosion","Phantasmal Killer"],"picked":"Glass Knife","floor":0},{"not_picked":["Prepared","Dodge and Roll"],"picked":"Underhanded Strike","floor":1},{"not_picked":["Accuracy","Setup"],"picked":"Prepared","floor":4},{"not_picked":["Blade Dance","Dodge and Roll"],"picked":"Acrobatics","floor":7},{"not_picked":["Prepared","Eviscerate","Bane"],"picked":"Cloak And Dagger","floor":13},{"not_picked":["Prepared","Dagger Throw","Dagger Spray"],"picked":"Underhanded Strike","floor":14}],"player_experience":880816,"relics_obtained":[{"floor":9,"key":"Question Card"},{"floor":12,"key":"PreservedInsect"}],"event_choices":[{"damage_healed":0,"gold_gain":0,"player_choice":"Leave","damage_taken":0,"max_hp_gain":0,"max_hp_loss":0,"event_name":"The Cleric","floor":2,"gold_loss":0},{"damage_healed":0,"gold_gain":0,"player_choice":"Forge","damage_taken":0,"max_hp_gain":0,"max_hp_loss":0,"event_name":"Accursed Blacksmith","floor":3,"gold_loss":0,"cards_upgraded":["Glass Knife"]},{"cards_removed":["Strike_G"],"damage_healed":0,"gold_gain":0,"player_choice":"Card Removal","damage_taken":7,"max_hp_gain":0,"max_hp_loss":0,"event_name":"Golden Wing","floor":5,"gold_loss":0}],"is_beta":false,"boss_relics":[],"items_purged_floors":[],"is_endless":false,"potions_floor_spawned":[4,13],"killed_by":"Slime Boss","ascension_level":10}