{"gold_per_floor":[119,44,144,163,175,175,192,212,212,242,242,242,242,260,260,363,363,379,379,394,40,63,63,92,92,117,17,34,34,34,54,54,54],"floor_reached":33,"playtime":2622,"items_purged":["Defend_B","Strike_B"],"score":315,"play_id":"c2c1e5bf-f304-475b-bddb-98970d22d6d1","local_time":"20190617234332","is_ascension_mode":false,"campfire_choices":[{"data":"Gash","floor":6.0,"key":"SMITH"},{"data":"Electrodynamics","floor":11.0,"key":"SMITH"},{"floor":13.0,"key":"REST"},{"floor":15.0,"key":"REST"},{"data":"Zap","floor":23,"key":"SMITH"},{"floor":25,"key":"REST"},{"data":"Gash","floor":29,"key":"SMITH"},{"data":"Reinforced Body","floor":32,"key":"SMITH"}],"neow_cost":"NONE","seed_source_timestamp":0,"circlet_count":0,"master_deck":["Strike_B","Strike_B","Strike_B","Defend_B+1","Defend_B","Defend_B+1","Zap+1","Dualcast+1","Cold Snap","Doom and Gloom","Gash+1","Sweeping Beam","Ball Lightning","Electrodynamics+1","Reinforced Body+1","Cold Snap+1","Gash+1","Conserve Battery+1","Gash+1","Buffer+1"],"special_seed":0,"relics":["Cracked Core","Shuriken","Mercury Hourglass","Inserter","TheAbacus","Regal Pillow","PreservedInsect","Frozen Egg 2","War Paint"],"potions_floor_usage":[],"damage_taken":[{"damage":0.0,"enemies":"Small Slimes","floor":1.0,"turns":2.0},{"damage":0.0,"enemies":"Cultist","floor":4.0,"turns":3.0},{"damage":2.0,"enemies":"2 Louse","floor":5.0,"turns":3.0},{"damage":23.0,"enemies":"Exordium Thugs","floor":7.0,"turns":4.0},{"damage":0.0,"enemies":"Large Slime","floor":8.0,"turns":3.0},{"damage":22.0,"enemies":"3 Sentries","floor":10.0,"turns":4.0},{"damage":13.0,"enemies":"Red Slaver","floor":14.0,"turns":2.0},{"damage":0.0,"enemies":"Slime Boss","floor":16.0,"turns":5.0},{"damage":16,"enemies":"Shell Parasite","floor":18,"turns":5},{"damage":8,"enemies":"Chosen","floor":20,"turns":4},{"damage":23,"enemies":"Slavers","floor":24,"turns":4},{"damage":2,"enemies":"Centurion and Healer","floor":28,"turns":6},{"damage":8,"enemies":"Snecko","floor":31,"turns":4},{"damage":71,"enemies":"Champ","floor":33,"turns":9}],"seed_played":"-1383354951977594692","potions_obtained":[{"floor":5.0,"key":"SkillPotion"},{"floor":8.0,"key":"Poison Potion"},{"floor":16.0,"key":"Ancient Potion"},{"floor":30,"key":"Dexterity Potion"}],"is_trial":false,"path_per_floor":["M","$","?","M","M","R","M","M","T","E","R","?","R","M","R","B",null,"M","?","M","$","T","R","E","R","T","$","M","R","?","M","R","B"],"character_chosen":"DEFECT","items_purchased":["TheAbacus","Regal Pillow"],"campfire_rested":3,"item_purchase_floors":[21,21],"current_hp_per_floor":[82,82,82,82,80,80,57,57,57,35,35,19,43,30,54,54,82,66,66,58,58,58,58,35,74,74,74,72,72,72,64,64,0],"gold":54,"neow_bonus":"TEN_PERCENT_HP_BONUS","is_prod":false,"is_daily":false,"chose_seed":false,"campfire_upgraded":5,"win_rate":0.0,"timestamp":1560807812,"path_taken":["M","$","?","M","?","R","M","M","T","E","R","?","R","M","R","BOSS","M","?","M","$","?","R","E","R","T","$","M","R","?","?","R","BOSS"],"build_version":"2019-01-23","purchased_purges":2,"victory":false,"max_hp_per_floor":[82,82,82,82,82,82,82,82,82,82,82,82,82,82,82,82,82,82,82,82,82,82,82,82,82,82,82,82,82,82,82,82,82],"card_choices":[{"not_picked":["Compile Driver","Storm"],"picked":"Cold Snap","floor":1.0},{"not_picked":["Leap","Cold Snap"],"picked":"Doom and Gloom","floor":4.0},{"not_picked":["Go for the Eyes","Stack"],"picked":"Gash","floor":5.0},{"not_picked":["Cold Snap","Auto Shields"],"picked":"Sweeping Beam","floor":7.0},{"not_picked":["Stack","Cold Snap"],"picked":"Ball Lightning","floor":8.0},{"not_picked":["Self Repair","Conserve Battery"],"picked":"Electrodynamics","floor":10.0},{"not_picked":["Compile Driver","Barrage"],"picked":"Reinforced Body","floor":14.0},{"not_picked":["Coolheaded","Go for the Eyes"],"picked":"Cold Snap+1","floor":18},{"not_picked":["Coolheaded","Beam Cell+1","Barrage"],"picked":"SKIP","floor":20},{"not_picked":["Rip and Tear","Leap+1"],"picked":"Conserve Battery","floor":24},{"not_picked":["Leap","Compile Driver+1"],"picked":"Gash","floor":28},{"not_picked":["Redo","Stack"],"picked":"Buffer+1","floor":31}],"player_experience":68889,"relics_obtained":[{"floor":9.0,"key":"Shuriken"},{"floor":10.0,"key":"Mercury Hourglass"},{"floor":22,"key":"PreservedInsect"},{"floor":24,"key":"Frozen Egg 2"},{"floor":26,"key":"War Paint"}],"event_choices":[{"damage_healed":0.0,"max_hp_gain":0.0,"max_hp_loss":0.0,"gold_gain":100.0,"event_name":"Golden Shrine","player_choice":"Pray","floor":3.0,"gold_loss":0.0,"damage_taken":0.0},{"damage_healed":0.0,"max_hp_gain":0.0,"max_hp_loss":0.0,"gold_gain":0.0,"event_name":"Shining Light","player_choice":"Entered Light","floor":12.0,"gold_loss":0.0,"damage_taken":16.0,"cards_upgraded":["Defend_B","Defend_B"]},{"damage_healed":0,"gold_gain":0,"player_choice":"Copied","damage_taken":0,"max_hp_gain":0,"max_hp_loss":0,"event_name":"Duplicator","floor":19,"gold_loss":0,"cards_obtained":["Gash"]},{"damage_healed":0,"gold_gain":0,"player_choice":"Got Potions","damage_taken":0,"max_hp_gain":0,"max_hp_loss":0,"event_name":"Lab","floor":30,"gold_loss":0}],"is_beta":false,"boss_relics":[{"not_picked":["Lizard Tail","Velvet Choker"],"picked":"Inserter"}],"items_purged_floors":[2,27],"is_endless":false,"potions_floor_spawned":[5,8,16,20,28,31],"killed_by":"Champ","ascension_level":0}