{"gold_per_floor":[109,109,121,121,139,173,173,190,190,203,203,230,241,241,241,345,345,360,374,385,385,385,385,404,479,560,574,587,587,587],"floor_reached":30,"playtime":1327,"items_purged":[],"score":286,"play_id":"6711afa5-5e43-4345-9a17-61970089f350","local_time":"20190703153705","is_ascension_mode":false,"campfire_choices":[{"floor":7,"key":"REST"},{"floor":11,"key":"REST"},{"floor":15,"key":"REST"},{"floor":23,"key":"REST"}],"neow_cost":"NONE","seed_source_timestamp":45925302341700,"circlet_count":0,"master_deck":["Strike_B","Strike_B","Defend_B","Defend_B","Defend_B","Defend_B","Zap","Dualcast","Defragment","Redo","Force Field","Ball Lightning","White Noise","Go for the Eyes","Darkness","Rainbow","Loop","Creative AI","Coolheaded","Cold Snap","Streamline","Lockon","Steam"],"relics":["Cracked Core","NeowsBlessing","Happy Flower","Kunai","Regal Pillow","Odd Mushroom","Eternal Feather","Nilry\u0027s Codex","Shuriken"],"potions_floor_usage":[16,24,27,28,29,30],"damage_taken":[{"damage":0,"enemies":"Small Slimes","floor":1,"turns":1},{"damage":0,"enemies":"Cultist","floor":3,"turns":1},{"damage":0,"enemies":"Jaw Worm","floor":5,"turns":1},{"damage":36,"enemies":"3 Sentries","floor":6,"turns":8},{"damage":17,"enemies":"3 Louse","floor":8,"turns":3},{"damage":12,"enemies":"Looter","floor":10,"turns":3},{"damage":10,"enemies":"The Mushroom Lair","floor":12,"turns":3},{"damage":37,"enemies":"Lots of Slimes","floor":13,"turns":4},{"damage":0,"enemies":"Slime Boss","floor":16,"turns":5},{"damage":12,"enemies":"Chosen","floor":18,"turns":6},{"damage":15,"enemies":"Spheric Guardian","floor":19,"turns":5},{"damage":18,"enemies":"Cultist and Chosen","floor":20,"turns":9},{"damage":30,"enemies":"Snake Plant","floor":24,"turns":4},{"damage":13,"enemies":"Shelled Parasite and Fungi","floor":27,"turns":7},{"damage":9,"enemies":"Cultist and Chosen","floor":28,"turns":8},{"damage":0,"enemies":"Snake Plant","floor":29,"turns":1},{"damage":4,"enemies":"Centurion and Healer","floor":30,"turns":2}],"seed_played":"814454988109305695","potions_obtained":[{"floor":5,"key":"AttackPotion"},{"floor":6,"key":"Strength Potion"},{"floor":12,"key":"Energy Potion"},{"floor":13,"key":"SmokeBomb"},{"floor":16,"key":"LiquidBronze"},{"floor":20,"key":"PowerPotion"},{"floor":24,"key":"SkillPotion"},{"floor":28,"key":"Ancient Potion"}],"is_trial":false,"path_per_floor":["M","?","M","?","M","E","R","M","T","M","R","?","M","?","R","B",null,"M","M","M","?","?","R","M","?","T","M","M","M","M"],"character_chosen":"DEFECT","items_purchased":[],"campfire_rested":4,"item_purchase_floors":[],"current_hp_per_floor":[75,75,75,75,75,39,61,44,44,32,69,59,22,15,52,52,75,63,48,30,14,14,63,33,26,26,13,4,4,0],"gold":587,"neow_bonus":"THREE_ENEMY_KILL","is_prod":false,"is_daily":false,"chose_seed":false,"campfire_upgraded":0,"win_rate":0.0,"timestamp":1562182625,"path_taken":["M","?","?","?","M","E","R","M","T","?","R","?","M","?","R","BOSS","M","M","M","?","?","R","M","?","T","M","M","?","M"],"build_version":"2019-07-01","purchased_purges":0,"victory":false,"max_hp_per_floor":[75,75,75,75,75,75,75,75,75,75,75,75,75,75,75,75,75,75,75,75,75,75,75,75,75,75,75,75,75,75],"card_choices":[{"not_picked":["Sweeping Beam","Gash"],"picked":"Defragment","floor":1},{"not_picked":["Leap","Hologram"],"picked":"Redo","floor":3},{"not_picked":["Force Field","Sweeping Beam"],"picked":"Ball Lightning","floor":5},{"not_picked":["Beam Cell","Ball Lightning"],"picked":"White Noise","floor":6},{"not_picked":["Auto Shields","Barrage"],"picked":"Go for the Eyes","floor":8},{"not_picked":["Leap","Hologram"],"picked":"Darkness","floor":10},{"not_picked":["Darkness","Storm"],"picked":"Rainbow","floor":12},{"not_picked":["Go for the Eyes","Coolheaded"],"picked":"Loop","floor":13},{"not_picked":["Fission","Biased Cognition"],"picked":"Creative AI","floor":16},{"not_picked":["Aggregate","Go for the Eyes"],"picked":"Coolheaded","floor":18},{"not_picked":["Go for the Eyes","Barrage"],"picked":"Cold Snap","floor":19},{"not_picked":["Compile Driver","Leap"],"picked":"Streamline","floor":20},{"not_picked":["Cold Snap","Auto Shields"],"picked":"Lockon","floor":24},{"not_picked":["Coolheaded","Compile Driver+1","Conserve Battery"],"picked":"SKIP","floor":27},{"not_picked":["Force Field","Ball Lightning"],"picked":"Steam","floor":28}],"player_experience":4284,"relics_obtained":[{"floor":2,"key":"Happy Flower"},{"floor":6,"key":"Kunai"},{"floor":9,"key":"Regal Pillow"},{"floor":12,"key":"Odd Mushroom"},{"floor":21,"key":"Nilry\u0027s Codex"},{"floor":26,"key":"Shuriken"}],"event_choices":[{"damage_healed":0,"gold_gain":0,"player_choice":"Relic","damage_taken":0,"max_hp_gain":0,"max_hp_loss":0,"event_name":"Wheel of Change","floor":2,"gold_loss":0},{"damage_healed":0,"gold_gain":0,"cards_transformed":["Strike_B"],"player_choice":"Transformed","damage_taken":0,"max_hp_gain":0,"max_hp_loss":0,"event_name":"Transmorgrifier","floor":4,"gold_loss":0,"cards_obtained":["Force Field"]},{"damage_healed":0,"gold_gain":0,"player_choice":"Fought Mushrooms","damage_taken":0,"max_hp_gain":0,"max_hp_loss":0,"event_name":"Mushrooms","floor":12,"gold_loss":0},{"cards_removed":["Strike_B"],"damage_healed":0,"gold_gain":0,"player_choice":"Card Removal","damage_taken":7,"max_hp_gain":0,"max_hp_loss":0,"event_name":"Golden Wing","floor":14,"gold_loss":0},{"damage_healed":0,"gold_gain":0,"player_choice":"Obtained Book","damage_taken":16,"max_hp_gain":0,"max_hp_loss":0,"event_name":"Cursed Tome","floor":21,"gold_loss":0},{"damage_healed":0,"gold_gain":0,"player_choice":"Ignored","damage_taken":0,"max_hp_gain":0,"max_hp_loss":0,"event_name":"Ghosts","floor":22,"gold_loss":0},{"damage_healed":0,"gold_gain":75,"player_choice":"Touch","damage_taken":7,"max_hp_gain":0,"max_hp_loss":0,"event_name":"FaceTrader","floor":25,"gold_loss":0}],"is_beta":false,"boss_relics":[{"not_picked":["Philosopher\u0027s Stone","Ectoplasm"],"picked":"Eternal Feather"}],"items_purged_floors":[],"is_endless":false,"potions_floor_spawned":[5,6,12,13,16,20,24,28,29],"killed_by":"Centurion and Healer","ascension_level":0}