{"gold_per_floor":[115,133,149,167,177,177,209,227,281,297,310,326,326,346,346,421,421,432,432,445,289,289],"floor_reached":22,"playtime":1177,"items_purged":[],"score":336,"play_id":"25030b48-5262-4c98-a4e3-da2d71eca656","local_time":"20181008110858","is_ascension_mode":true,"campfire_choices":[{"data":"Bludgeon","floor":6,"key":"SMITH"},{"floor":13,"key":"REST"},{"data":"Uppercut","floor":15,"key":"SMITH"}],"neow_cost":"NONE","seed_source_timestamp":2245831035284622,"circlet_count":0,"master_deck":["Strike_R","Strike_R","Strike_R","Defend_R","Defend_R","Defend_R","Defend_R","Bash","AscendersBane","Bludgeon+1","Thunderclap","Shrug It Off","Headbutt","Uppercut+1","Headbutt","Thunderclap","Clothesline","Rage","RitualDagger","Cleave"],"relics":["Burning Blood","Gremlin Horn","Pen Nib","Odd Mushroom","Empty Cage","Anchor"],"potions_floor_usage":[7,12,16,16],"damage_taken":[{"damage":0,"enemies":"Cultist","floor":1,"turns":3},{"damage":0,"enemies":"Small Slimes","floor":2,"turns":2},{"damage":3,"enemies":"2 Louse","floor":3,"turns":3},{"damage":13,"enemies":"Blue Slaver","floor":4,"turns":3},{"damage":12,"enemies":"Exordium Thugs","floor":5,"turns":4},{"damage":20,"enemies":"Lagavulin","floor":7,"turns":6},{"damage":8,"enemies":"Large Slime","floor":8,"turns":3},{"damage":10,"enemies":"Red Slaver","floor":10,"turns":3},{"damage":2,"enemies":"2 Fungi Beasts","floor":11,"turns":3},{"damage":18,"enemies":"Large Slime","floor":12,"turns":2},{"damage":14,"enemies":"The Mushroom Lair","floor":14,"turns":3},{"damage":15,"enemies":"Slime Boss","floor":16,"turns":7},{"damage":43,"enemies":"3 Byrds","floor":18,"turns":6},{"damage":12,"enemies":"Chosen","floor":20,"turns":4},{"damage":0,"enemies":"Centurion and Healer","floor":22,"turns":1}],"seed_played":"5461483668678256476","potions_obtained":[{"floor":2,"key":"Ancient Potion"},{"floor":5,"key":"SkillPotion"},{"floor":10,"key":"Regen Potion"},{"floor":11,"key":"Swift Potion"},{"floor":14,"key":"EssenceOfSteel"},{"floor":20,"key":"FearPotion"}],"is_trial":false,"path_per_floor":["M","M","M","M","M","R","E","M","T","M","M","M","R","?","R","B",null,"M","?","M","$"],"character_chosen":"IRONCLAD","items_purchased":["Anchor"],"campfire_rested":1,"item_purchase_floors":[21],"current_hp_per_floor":[74,75,75,68,62,62,48,46,46,42,46,34,56,48,48,44,67,30,24,18,18,18],"gold":289,"neow_bonus":"ONE_RANDOM_RARE_CARD","is_prod":false,"is_daily":false,"chose_seed":false,"campfire_upgraded":2,"win_rate":0,"timestamp":1539014938,"path_taken":["M","M","M","M","M","R","E","M","T","?","M","M","R","?","R","BOSS","M","?","?","$","M"],"build_version":"2018-10-04v2","purchased_purges":0,"victory":false,"max_hp_per_floor":[75,75,75,75,75,75,75,75,75,75,75,75,75,75,75,75,75,75,75,75,75,75],"card_choices":[{"not_picked":["Anger","Sword Boomerang"],"picked":"Thunderclap","floor":1},{"not_picked":["Corruption","Pommel Strike"],"picked":"Shrug It Off","floor":2},{"not_picked":["Power Through","Flex"],"picked":"Headbutt","floor":3},{"not_picked":["True Grit","Searing Blow"],"picked":"Uppercut","floor":4},{"not_picked":["Flex","Fiend Fire"],"picked":"Headbutt","floor":5},{"not_picked":["Clash","Sever Soul","Reckless Charge"],"picked":"SKIP","floor":7},{"not_picked":["Dual Wield","Disarm","Uppercut"],"picked":"SKIP","floor":8},{"not_picked":["Evolve","Rupture","Havoc"],"picked":"SKIP","floor":10},{"not_picked":["Sentinel","True Grit","Warcry"],"picked":"SKIP","floor":11},{"not_picked":["Wild Strike","Dark Embrace"],"picked":"Thunderclap","floor":12},{"not_picked":["Havoc","True Grit"],"picked":"Clothesline","floor":14},{"not_picked":["Combust","Whirlwind"],"picked":"Rage","floor":18},{"not_picked":["Dropkick","Evolve+1"],"picked":"Cleave","floor":20}],"player_experience":722986,"relics_obtained":[{"floor":7,"key":"Gremlin Horn"},{"floor":9,"key":"Pen Nib"},{"floor":14,"key":"Odd Mushroom"}],"event_choices":[{"event_name":"Mushrooms","player_choice":"Fought Mushrooms","floor":14,"damage_taken":0},{"event_name":"Nest","player_choice":"Joined the Cult","floor":19,"damage_taken":0}],"is_beta":false,"boss_relics":[{"not_picked":["Runic Cube","Lizard Tail"],"picked":"Empty Cage"}],"items_purged_floors":[],"is_endless":false,"potions_floor_spawned":[2,5,10,11,14,20],"killed_by":"Centurion and Healer","ascension_level":15}