{"gold_per_floor":[118,118,118,118,118,118,134,145,145,156,171,171,186,261,261,356,356,370,470,482,237,237,237,253,253,253,178,189,189,203,223,223,325,325,344,358,358,370,385,410,423,423,423,423,433,467,467,467,467,467,467,467,37,62,62],"floor_reached":55,"playtime":10740,"items_purged":["Shame"],"score":771,"play_id":"bcc2c668-da78-4bcd-b998-f86119dd5057","local_time":"20190325221155","is_ascension_mode":false,"campfire_choices":[{"data":"Zap","floor":6.0,"key":"SMITH"},{"data":"White Noise","floor":12.0,"key":"SMITH"},{"floor":15.0,"key":"REST"},{"floor":23,"key":"REST"},{"floor":32,"key":"REST"},{"floor":42,"key":"RECALL"},{"data":"Echo Form","floor":44,"key":"SMITH"},{"floor":49,"key":"REST"},{"data":"Consume","floor":52,"key":"SMITH"}],"neow_cost":"NONE","seed_source_timestamp":802703514625658,"circlet_count":0,"master_deck":["Strike_B+1","Strike_B+1","Defend_B+1","Defend_B+1","Defend_B+1","Zap+1","Dualcast","Coolheaded+1","White Noise+1","Echo Form","Echo Form+1","Sunder","White Noise+1","Sunder+1","Glacier+1","Consume+1","Steam","BootSequence","Defragment+1","Creative AI","Defragment+1","Loop+1","Doubt","Master of Strategy"],"special_seed":0,"relics":["Cracked Core","Kunai","Cursed Key","Dead Branch","Cables","MealTicket","War Paint","Busted Crown","Dream Catcher","Calipers","Medical Kit","Nunchaku"],"potions_floor_usage":[20,24,39,40,40,50,54,54],"damage_taken":[{"damage":2.0,"enemies":"2 Louse","floor":1.0,"turns":2.0},{"damage":1.0,"enemies":"Jaw Worm","floor":7.0,"turns":3.0},{"damage":0.0,"enemies":"Cultist","floor":8.0,"turns":3.0},{"damage":22.0,"enemies":"Gremlin Gang","floor":10.0,"turns":5.0},{"damage":10.0,"enemies":"3 Louse","floor":11.0,"turns":3.0},{"damage":0.0,"enemies":"Large Slime","floor":13.0,"turns":5.0},{"damage":41.0,"enemies":"The Guardian","floor":16.0,"turns":10.0},{"damage":15.0,"enemies":"Shell Parasite","floor":18.0,"turns":4.0},{"damage":28.0,"enemies":"Colosseum Slavers","floor":19.0,"turns":4.0},{"damage":20.0,"enemies":"Colosseum Nobs","floor":19.0,"turns":4.0},{"damage":19,"enemies":"2 Thieves","floor":20,"turns":3},{"damage":11,"enemies":"Snecko","floor":24,"turns":3},{"damage":6,"enemies":"Centurion and Healer","floor":28,"turns":3},{"damage":0,"enemies":"Chosen and Byrds","floor":30,"turns":4},{"damage":0,"enemies":"Shelled Parasite and Fungi","floor":31,"turns":4},{"damage":0,"enemies":"Automaton","floor":33,"turns":6},{"damage":4,"enemies":"Orb Walker","floor":35,"turns":5},{"damage":0,"enemies":"3 Shapes","floor":36,"turns":4},{"damage":10,"enemies":"Transient","floor":38,"turns":5},{"damage":10,"enemies":"4 Shapes","floor":39,"turns":4},{"damage":0,"enemies":"Nemesis","floor":40,"turns":7},{"damage":0,"enemies":"Sphere and 2 Shapes","floor":41,"turns":3},{"damage":4,"enemies":"Transient","floor":45,"turns":5},{"damage":18,"enemies":"Giant Head","floor":46,"turns":8},{"damage":22,"enemies":"Donu and Deca","floor":50,"turns":11},{"damage":83,"enemies":"Shield and Spear","floor":54,"turns":6},{"damage":33,"enemies":"The Heart","floor":55,"turns":3}],"seed_played":"665762611244468185","potions_obtained":[{"floor":1.0,"key":"FocusPotion"},{"floor":10.0,"key":"Regen Potion"},{"floor":11.0,"key":"Strength Potion"},{"floor":18.0,"key":"PowerPotion"},{"floor":20,"key":"Swift Potion"},{"floor":30,"key":"Swift Potion"},{"floor":31,"key":"Poison Potion"},{"floor":36,"key":"EssenceOfSteel"},{"floor":38,"key":"SkillPotion"},{"floor":40,"key":"PowerPotion"},{"floor":46,"key":"PowerPotion"}],"is_trial":false,"path_per_floor":["M","?","?","?","?","R","M","M","T","M","M","R","M","?","R","B",null,"M","?","M","$","?","R","M","?","T","$","M","?","M","M","R","B",null,"M","M","?","M","M","E","M","R","T","R","M","E","?","?","R","B",null,"R","$","E","B"],"character_chosen":"DEFECT","items_purchased":["MealTicket","AttackPotion","Medical Kit","Master of Strategy","Swift Potion"],"campfire_rested":4,"item_purchase_floors":[21,21,53,53,53],"current_hp_per_floor":[80,80,73,78,78,78,77,77,77,55,45,45,45,34,60,34,87,72,24,5,5,5,31,20,20,20,35,29,29,29,29,55,55,87,83,83,83,73,63,63,63,63,63,63,59,41,41,41,67,45,87,87,87,4,0],"gold":62,"neow_bonus":"TEN_PERCENT_HP_BONUS","is_prod":false,"is_daily":false,"chose_seed":false,"campfire_upgraded":4,"win_rate":0,"timestamp":1553548315,"path_taken":["M","?","?","?","?","R","?","M","T","?","M","R","M","?","R","BOSS","M","?","M","$","?","R","?","?","T","$","M","?","M","M","R","BOSS","M","M","?","M","M","E","M","R","T","R","?","E","?","?","R","BOSS","R","$","E","BOSS"],"build_version":"2019-01-23","purchased_purges":1,"victory":false,"max_hp_per_floor":[82,82,82,87,87,87,87,87,87,87,87,87,87,87,87,87,87,87,87,87,87,87,87,87,87,87,87,87,87,87,87,87,87,87,87,87,87,87,87,87,87,87,87,87,87,87,87,87,87,87,87,87,87,87,87],"card_choices":[{"not_picked":["Skim","Sweeping Beam","Ball Lightning"],"picked":"SKIP","floor":1.0},{"not_picked":["Rebound","Sweeping Beam"],"picked":"Coolheaded","floor":7.0},{"not_picked":["Sweeping Beam","Scrape","Beam Cell"],"picked":"SKIP","floor":8.0},{"not_picked":["Beam Cell","Streamline"],"picked":"White Noise","floor":10.0},{"not_picked":["Heatsinks","Genetic Algorithm"],"picked":"FTL","floor":11.0},{"not_picked":["Beam Cell","Compile Driver"],"picked":"Echo Form","floor":13.0},{"not_picked":["Amplify","Machine Learning"],"picked":"Echo Form","floor":16.0},{"not_picked":["Conserve Battery+1","Stack+1"],"picked":"Sunder","floor":18.0},{"not_picked":["Sunder","Rebound"],"picked":"White Noise+1","floor":19.0},{"not_picked":["Sweeping Beam","Coolheaded"],"picked":"Sunder+1","floor":20},{"not_picked":["Stack+1","Beam Cell","Cold Snap"],"picked":"SKIP","floor":24},{"not_picked":["Barrage","Cold Snap"],"picked":"BootSequence","floor":28},{"not_picked":["Storm+1","Echo Form"],"picked":"Defragment+1","floor":30},{"not_picked":["Capacitor","Redo+1","Cold Snap"],"picked":"SKIP","floor":31},{"not_picked":["Rainbow","Fission"],"picked":"Creative AI","floor":33},{"not_picked":[],"picked":"Defragment+1","floor":35},{"not_picked":["Ball Lightning+1"],"picked":"SKIP","floor":36},{"not_picked":["Leap"],"picked":"SKIP","floor":38},{"not_picked":[],"picked":"Loop+1","floor":39},{"not_picked":["Rebound+1"],"picked":"SKIP","floor":40},{"not_picked":["Rebound+1"],"picked":"SKIP","floor":41},{"not_picked":["Cold Snap+1"],"picked":"SKIP","floor":45},{"not_picked":["Auto Shields"],"picked":"SKIP","floor":46},{"not_picked":["Cold Snap"],"picked":"SKIP","floor":54}],"player_experience":216830,"relics_obtained":[{"floor":9.0,"key":"Kunai"},{"floor":19.0,"key":"Dead Branch"},{"floor":19.0,"key":"Cables"},{"floor":26,"key":"War Paint"},{"floor":40,"key":"Dream Catcher"},{"floor":46,"key":"Calipers"},{"floor":54,"key":"Nunchaku"}],"event_choices":[{"damage_healed":0.0,"max_hp_gain":0.0,"max_hp_loss":0.0,"gold_gain":0.0,"event_name":"Liars Game","player_choice":"Ignored","floor":2.0,"gold_loss":0.0,"damage_taken":0.0},{"cards_removed":["Strike_B"],"damage_healed":0.0,"max_hp_gain":0.0,"max_hp_loss":0.0,"gold_gain":0.0,"event_name":"Golden Wing","player_choice":"Card Removal","floor":3.0,"gold_loss":0.0,"damage_taken":7.0},{"damage_healed":0.0,"max_hp_gain":5.0,"max_hp_loss":0.0,"gold_gain":0.0,"event_name":"Big Fish","player_choice":"Donut","floor":4.0,"gold_loss":0.0,"damage_taken":0.0},{"damage_healed":0.0,"max_hp_gain":0.0,"max_hp_loss":0.0,"gold_gain":0.0,"event_name":"Match and Keep!","player_choice":"0 cards matched","floor":5.0,"gold_loss":0.0,"damage_taken":0.0,"cards_obtained":[]},{"damage_healed":0.0,"max_hp_gain":0.0,"max_hp_loss":0.0,"gold_gain":75.0,"event_name":"World of Goop","player_choice":"Gather Gold","floor":14.0,"gold_loss":0.0,"damage_taken":11.0},{"damage_healed":0.0,"max_hp_gain":0.0,"max_hp_loss":0.0,"gold_gain":0.0,"event_name":"Colosseum","player_choice":"Fight","floor":19.0,"gold_loss":0.0,"damage_taken":0.0},{"damage_healed":0.0,"max_hp_gain":0.0,"max_hp_loss":0.0,"gold_gain":0.0,"event_name":"Colosseum","player_choice":"Fought Nobs","floor":19.0,"gold_loss":0.0,"damage_taken":0.0},{"damage_healed":0,"gold_gain":0,"cards_transformed":["Defend_B"],"player_choice":"Transformed","damage_taken":0,"max_hp_gain":0,"max_hp_loss":0,"event_name":"Transmorgrifier","floor":22,"gold_loss":0,"cards_obtained":["Glacier"]},{"damage_healed":0,"gold_gain":0,"cards_transformed":["FTL","Strike_B"],"player_choice":"Became Test Subject","damage_taken":0,"max_hp_gain":0,"max_hp_loss":0,"event_name":"Drug Dealer","floor":25,"gold_loss":0,"cards_obtained":["Consume","Steam"]},{"damage_healed":0,"gold_gain":0,"player_choice":"Simplicity","damage_taken":0,"max_hp_gain":0,"max_hp_loss":0,"event_name":"Back to Basics","floor":29,"gold_loss":0,"cards_upgraded":["Strike_B","Strike_B","Defend_B","Defend_B","Defend_B"]},{"damage_healed":0,"gold_gain":0,"player_choice":"Ignored","damage_taken":0,"max_hp_gain":0,"max_hp_loss":0,"event_name":"SecretPortal","floor":37,"gold_loss":0},{"damage_healed":0,"gold_gain":0,"player_choice":"Memory 1","damage_taken":0,"max_hp_gain":0,"max_hp_loss":0,"event_name":"SensoryStone","floor":47,"gold_loss":0},{"damage_healed":0,"gold_gain":0,"player_choice":"Leave","damage_taken":0,"max_hp_gain":0,"max_hp_loss":0,"event_name":"FaceTrader","floor":48,"gold_loss":0}],"is_beta":false,"boss_relics":[{"not_picked":["Nuclear Battery","Inserter"],"picked":"Cursed Key"},{"not_picked":["Calling Bell","Coffee Dripper"],"picked":"Busted Crown"}],"items_purged_floors":[27],"is_endless":false,"potions_floor_spawned":[1,10,11,18,20,30,31,36,38,40,46],"killed_by":"The Heart","ascension_level":0}