{"gold_per_floor":[366,366,366,376,204,229,229,304,304,304,315,315,335,362,362,459,509,527,543,458,458,468,468,315,315,339,52,68,97,9,20,20,20],"floor_reached":33,"playtime":1788,"items_purged":[],"score":323,"play_id":"35390af0-3798-49d6-bd8c-48287b3cbd0a","local_time":"20181211135959","is_ascension_mode":false,"campfire_choices":[{"floor":7.0,"key":"REST"},{"floor":10.0,"key":"REST"},{"data":"Whirlwind","floor":12.0,"key":"SMITH"},{"data":"Thunderclap","floor":15.0,"key":"SMITH"},{"data":"Fiend Fire","floor":23.0,"key":"SMITH"},{"data":"Iron Wave","floor":25.0,"key":"SMITH"},{"data":"Armaments","floor":32,"key":"SMITH"}],"neow_cost":"PERCENT_DAMAGE","seed_source_timestamp":0,"circlet_count":0,"master_deck":["Defend_R+1","Defend_R","Defend_R","Defend_R","Bash","Thunderclap+1","Battle Trance","Thunderclap+1","Whirlwind+1","Headbutt","Iron Wave+1","Fiend Fire+1","Armaments+1","Twin Strike+1","Bite","Bite","Bite","Bite","Bite","Shrug It Off","Whirlwind+1","Swift Strike","Inflame+1"],"special_seed":0,"relics":["Burning Blood","Potion Belt","PreservedInsect","Tiny House","Oddly Smooth Stone","Omamori","Regal Pillow","Turnip","Strawberry"],"potions_floor_usage":[],"damage_taken":[{"damage":0.0,"enemies":"2 Louse","floor":1.0,"turns":3.0},{"damage":1.0,"enemies":"Jaw Worm","floor":4.0,"turns":4.0},{"damage":67.0,"enemies":"Lagavulin","floor":6.0,"turns":7.0},{"damage":1.0,"enemies":"Cultist","floor":11.0,"turns":3.0},{"damage":0.0,"enemies":"Exordium Wildlife","floor":13.0,"turns":1.0},{"damage":17.0,"enemies":"Gremlin Nob","floor":14.0,"turns":4.0},{"damage":54.0,"enemies":"Slime Boss","floor":16.0,"turns":10.0},{"damage":2.0,"enemies":"Chosen","floor":18.0,"turns":4.0},{"damage":0.0,"enemies":"3 Byrds","floor":19.0,"turns":3.0},{"damage":24.0,"enemies":"Snecko","floor":22.0,"turns":4.0},{"damage":2.0,"enemies":"Centurion and Healer","floor":28.0,"turns":6.0},{"damage":21.0,"enemies":"Gremlin Leader","floor":29.0,"turns":3.0},{"damage":19,"enemies":"Snake Plant","floor":31,"turns":4},{"damage":68,"enemies":"Automaton","floor":33,"turns":8}],"seed_played":"8099532550545477489","potions_obtained":[{"floor":4.0,"key":"Regen Potion"},{"floor":6.0,"key":"Explosive Potion"},{"floor":16.0,"key":"Weak Potion"},{"floor":17.0,"key":"GamblersBrew"},{"floor":18.0,"key":"PowerPotion"},{"floor":28.0,"key":"Fire Potion"},{"floor":31,"key":"Weak Potion"}],"is_trial":false,"path_per_floor":["M","?","?","M","$","E","R","?","T","R","M","M","R","M","E","R","B",null,"M","M","?","?","M","R","$","R","T","$","M","E","$","M","R","B"],"character_chosen":"IRONCLAD","items_purchased":["Blood Vial","Thunderclap","Omamori","Turnip","Swift Strike"],"campfire_rested":2,"item_purchase_floors":[5,5,24,27,30],"current_hp_per_floor":[62,62,67,72,72,13,38,27,27,52,59,59,67,58,58,12,90,90,90,90,90,76,76,76,76,76,76,90,82,82,69,69,5],"gold":20,"neow_bonus":"TWO_FIFTY_GOLD","is_prod":false,"is_daily":false,"chose_seed":false,"campfire_upgraded":5,"win_rate":0,"timestamp":1544558399,"path_taken":["M","?","?","M","$","E","R","?","T","R","M","R","M","E","R","BOSS","M","M","?","?","M","R","$","R","T","$","M","E","?","M","R","BOSS"],"build_version":"2018-12-06","purchased_purges":0,"victory":false,"max_hp_per_floor":[80,80,85,85,85,85,85,85,85,85,85,85,85,85,85,85,90,90,90,90,90,90,90,90,90,90,90,90,97,97,97,97,97],"card_choices":[{"not_picked":["Body Slam","Anger"],"picked":"Thunderclap","floor":1.0},{"not_picked":["Heavy Blade","Havoc"],"picked":"Battle Trance","floor":4.0},{"not_picked":["Battle Trance","Body Slam"],"picked":"Whirlwind","floor":6.0},{"not_picked":["Body Slam","Metallicize"],"picked":"Headbutt","floor":11.0},{"not_picked":["Uppercut","Pommel Strike","Anger"],"picked":"SKIP","floor":13.0},{"not_picked":["Dual Wield","Perfected Strike"],"picked":"Iron Wave","floor":14.0},{"not_picked":["Barricade","Impervious"],"picked":"Fiend Fire","floor":16.0},{"not_picked":["Seeing Red","Sword Boomerang"],"picked":"Armaments","floor":17.0},{"not_picked":["Reckless Charge","Feel No Pain","Rupture"],"picked":"SKIP","floor":18.0},{"not_picked":["Sword Boomerang","Intimidate"],"picked":"Twin Strike+1","floor":19.0},{"not_picked":["Rampage","Pommel Strike+1"],"picked":"Shrug It Off","floor":22.0},{"not_picked":["Second Wind","True Grit+1","Body Slam"],"picked":"SKIP","floor":28.0},{"not_picked":["Cleave","Flex"],"picked":"Whirlwind+1","floor":29.0},{"not_picked":["Perfected Strike+1","Sword Boomerang+1"],"picked":"Inflame+1","floor":31}],"player_experience":1089824,"relics_obtained":[{"floor":6.0,"key":"Potion Belt"},{"floor":14.0,"key":"PreservedInsect"},{"floor":26.0,"key":"Regal Pillow"},{"floor":29.0,"key":"Strawberry"}],"event_choices":[{"damage_healed":0.0,"max_hp_gain":0.0,"max_hp_loss":0.0,"gold_gain":0.0,"event_name":"Living Wall","player_choice":"Grow","floor":2.0,"gold_loss":0.0,"damage_taken":0.0,"cards_upgraded":["Thunderclap"]},{"damage_healed":0.0,"max_hp_gain":5.0,"max_hp_loss":0.0,"gold_gain":0.0,"event_name":"Big Fish","player_choice":"Donut","floor":3.0,"gold_loss":0.0,"damage_taken":0.0},{"damage_healed":0.0,"max_hp_gain":0.0,"max_hp_loss":0.0,"gold_gain":75.0,"event_name":"World of Goop","player_choice":"Gather Gold","floor":8.0,"gold_loss":0.0,"damage_taken":11.0},{"damage_healed":0.0,"max_hp_gain":0.0,"max_hp_loss":0.0,"gold_gain":0.0,"event_name":"Addict","player_choice":"Obtained Relic","floor":20.0,"gold_loss":85.0,"damage_taken":0.0,"relics_obtained":["Oddly Smooth Stone"]},{"damage_healed":0.0,"max_hp_gain":0.0,"max_hp_loss":0.0,"gold_gain":0.0,"event_name":"Vampires","player_choice":"Became a vampire (Vial)","floor":21.0,"relics_lost":["Blood Vial"],"gold_loss":0.0,"damage_taken":0.0,"cards_obtained":["Bite","Bite","Bite","Bite","Bite"]}],"is_beta":false,"boss_relics":[{"not_picked":["Black Blood","Ectoplasm"],"picked":"Tiny House"}],"items_purged_floors":[],"is_endless":false,"potions_floor_spawned":[4,6,16,18,28,31],"killed_by":"Automaton","ascension_level":0}