{"gold_per_floor":[114,114,114,114,124,156,173,61,61,25,52,52,52,66,66,165,165,181,192,192,192,18,32,59,86,155,186,186,202,217,244,244,345,345,357,357,405,405,424,424,443,443,467,113,113,113,125,125,125,125],"floor_reached":50,"playtime":3572,"items_purged":["Strike_R","Defend_R"],"score":580,"play_id":"77553705-2303-42a9-8986-46f726d0ea69","local_time":"20180705141318","is_ascension_mode":false,"campfire_choices":[{"data":"Havoc","floor":12,"key":"SMITH"},{"data":"Pommel Strike","floor":15,"key":"SMITH"},{"data":"Pommel Strike","floor":28,"key":"SMITH"},{"data":"Immolate","floor":32,"key":"SMITH"},{"data":"Carnage","floor":40,"key":"SMITH"},{"data":"Pommel Strike","floor":42,"key":"SMITH"},{"data":"Secret Weapon","floor":49,"key":"SMITH"}],"neow_cost":"CURSE","seed_source_timestamp":768705902793111,"circlet_count":0,"master_deck":["Strike_R","Strike_R","Defend_R","Bash","Havoc+1","Carnage+1","Sever Soul","Pommel Strike+1","Inflame","Seeing Red","Second Wind","Cleave","Immolate+1","Pommel Strike+1","Spot Weakness","Pommel Strike+1","Shrug It Off+1","Twin Strike+1","Spot Weakness","Battle Trance","Blood for Blood","Bludgeon","Body Slam","Seeing Red","Shockwave","Dual Wield+1","Shrug It Off+1","Heavy Blade+1","Havoc","Havoc","Secret Weapon+1"],"relics":["Burning Blood","Charon\u0027s Ashes","Spirit Poop","Ornamental Fan","Meat on the Bone","Pear","Calipers","Thread and Needle","Snecko Eye","Torii","Red Mask","Matryoshka","Darkstone Periapt","Juzu Bracelet","Empty Cage","Red Skull","Gambling Chip","Ancient Tea Set","Pen Nib","Dead Branch"],"potions_floor_usage":[24,27,31,37,41,47,50],"damage_taken":[{"damage":1,"enemies":"2 Louse","floor":1,"turns":4},{"damage":1,"enemies":"Cultist","floor":5,"turns":3},{"damage":44,"enemies":"Lagavulin","floor":6,"turns":6},{"damage":6,"enemies":"Jaw Worm","floor":7,"turns":2},{"damage":7,"enemies":"Gremlin Nob","floor":11,"turns":3},{"damage":5,"enemies":"Looter","floor":14,"turns":2},{"damage":12,"enemies":"Slime Boss","floor":16,"turns":6},{"damage":15,"enemies":"2 Thieves","floor":18,"turns":3},{"damage":0,"enemies":"Chosen","floor":19,"turns":3},{"damage":0,"enemies":"Snecko","floor":23,"turns":2},{"damage":17,"enemies":"Gremlin Leader","floor":24,"turns":4},{"damage":0,"floor":25,"turns":2},{"damage":1,"enemies":"Book of Stabbing","floor":27,"turns":3},{"damage":0,"enemies":"Cultist and Chosen","floor":29,"turns":3},{"damage":7,"enemies":"Centurion and Healer","floor":30,"turns":4},{"damage":0,"enemies":"Slavers","floor":31,"turns":2},{"damage":35,"enemies":"Automaton","floor":33,"turns":8},{"damage":0,"enemies":"3 Darklings","floor":35,"turns":3},{"damage":0,"floor":36,"turns":2},{"damage":20,"floor":37,"turns":3},{"damage":6,"enemies":"3 Shapes","floor":39,"turns":1},{"damage":0,"enemies":"3 Darklings","floor":41,"turns":2},{"damage":0,"enemies":"4 Shapes","floor":47,"turns":2},{"damage":91,"enemies":"Awakened One","floor":50,"turns":9}],"seed_played":"3578737148510380821","potions_obtained":[{"floor":1,"key":"SteroidPotion"},{"floor":11,"key":"Explosive Potion"},{"floor":16,"key":"SpeedPotion"},{"floor":18,"key":"Block Potion"},{"floor":19,"key":"Poison Potion"},{"floor":24,"key":"Block Potion"},{"floor":31,"key":"SpeedPotion"},{"floor":33,"key":"Dexterity Potion"},{"floor":35,"key":"Poison Potion"},{"floor":37,"key":"Energy Potion"}],"is_trial":false,"path_per_floor":["M","?","?","?","M","E","M","$","T","$","E","R","T","M","R","B",null,"M","M","?","?","$","M","E","?","T","E","R","M","M","E","R","B",null,"M","?","?","?","M","R","M","R","T","$","?","?","M","?","R"],"character_chosen":"IRONCLAD","items_purchased":["Inflame","Seeing Red","Spot Weakness","Dead Branch","Havoc"],"campfire_rested":0,"item_purchase_floors":[8,10,22,44,44],"current_hp_per_floor":[80,80,62,80,80,42,54,54,64,64,63,63,63,64,64,58,90,81,87,87,87,87,90,79,85,85,90,90,90,89,90,90,61,90,90,90,76,76,76,76,82,82,82,82,82,82,88,88,88,0],"gold":125,"neow_bonus":"ONE_RARE_RELIC","is_prod":false,"is_daily":false,"chose_seed":false,"campfire_upgraded":7,"win_rate":0,"timestamp":1530817998,"path_taken":["M","?","?","?","M","E","M","$","T","?","E","R","?","M","R","BOSS","M","M","?","?","$","M","E","?","T","E","R","?","M","E","R","BOSS","M","?","?","?","M","R","M","R","T","$","?","?","M","?","R","BOSS"],"build_version":"2018-06-28","purchased_purges":2,"victory":false,"max_hp_per_floor":[80,80,80,80,80,80,80,80,90,90,90,90,90,90,90,90,90,90,90,90,90,90,90,90,90,90,90,90,90,90,90,90,90,90,90,90,90,90,90,90,90,90,90,90,90,90,90,90,90,90],"card_choices":[{"not_picked":["Body Slam","Headbutt"],"picked":"Havoc","floor":1},{"not_picked":["Armaments","Perfected Strike"],"picked":"Carnage","floor":5},{"not_picked":["Wild Strike","Hemokinesis"],"picked":"Sever Soul","floor":6},{"not_picked":["Thunderclap","Double Tap"],"picked":"Pommel Strike","floor":7},{"not_picked":["Sword Boomerang","Reckless Charge"],"picked":"Second Wind","floor":11},{"not_picked":["Searing Blow","Evolve"],"picked":"Cleave","floor":14},{"not_picked":["Double Tap","Feed"],"picked":"Immolate","floor":16},{"not_picked":["Burning Pact","Flame Barrier"],"picked":"Pommel Strike","floor":18},{"not_picked":["Carnage+1","Body Slam","Searing Blow"],"picked":"SKIP","floor":19},{"not_picked":["Sword Boomerang+1","Perfected Strike"],"picked":"Pommel Strike","floor":23},{"not_picked":["Body Slam","Headbutt"],"picked":"Shrug It Off+1","floor":24},{"not_picked":["Bloodletting","Blood for Blood"],"picked":"Twin Strike+1","floor":25},{"not_picked":["Perfected Strike","Warcry","Dropkick"],"picked":"SKIP","floor":27},{"not_picked":["Double Tap","Cleave"],"picked":"Spot Weakness","floor":29},{"not_picked":["Dual Wield","Perfected Strike"],"picked":"Battle Trance","floor":30},{"not_picked":["Anger","Thunderclap"],"picked":"Blood for Blood","floor":31},{"not_picked":["Juggernaut","Double Tap"],"picked":"Bludgeon","floor":33},{"not_picked":["Armaments+1","Dual Wield"],"picked":"Body Slam","floor":35},{"not_picked":["Anger+1","Iron Wave+1"],"picked":"Seeing Red","floor":36},{"not_picked":["Rupture","Perfected Strike"],"picked":"Shockwave","floor":37},{"not_picked":["Evolve+1","Twin Strike"],"picked":"Shrug It Off+1","floor":39},{"not_picked":["Anger+1","Carnage"],"picked":"Heavy Blade+1","floor":41},{"not_picked":["Cleave+1","Body Slam"],"picked":"Havoc","floor":47},{"not_picked":["Trip","Purity"],"picked":"Secret Weapon","floor":48}],"player_experience":91183,"relics_obtained":[{"floor":6,"key":"Meat on the Bone"},{"floor":9,"key":"Pear"},{"floor":11,"key":"Calipers"},{"floor":13,"key":"Thread and Needle"},{"floor":24,"key":"Torii"},{"floor":25,"key":"Red Mask"},{"floor":26,"key":"Matryoshka"},{"floor":27,"key":"Darkstone Periapt"},{"floor":31,"key":"Juzu Bracelet"},{"floor":36,"key":"Red Skull"},{"floor":37,"key":"Gambling Chip"},{"floor":43,"key":"Ancient Tea Set"},{"floor":43,"key":"Pen Nib"}],"event_choices":[{"event_name":"Bonfire Elementals","player_choice":"CURSE","floor":2,"damage_taken":0},{"event_name":"Scrap Ooze","player_choice":"success","floor":3,"damage_taken":18},{"event_name":"Wheel of Change","player_choice":"Full Heal","floor":4,"damage_taken":0},{"event_name":"Drug Dealer","player_choice":"Ignored","floor":20,"damage_taken":0},{"event_name":"Ghosts","player_choice":"Ignored","floor":21,"damage_taken":0},{"event_name":"Masked Bandits","player_choice":"Fought over 59 gold","floor":25,"damage_taken":0},{"event_name":"MindBloom","player_choice":"Fight","floor":36,"damage_taken":0},{"event_name":"Mysterious Sphere","player_choice":"Fight","floor":37,"damage_taken":0},{"event_name":"Transmorgrifier","player_choice":"Transform","floor":38,"damage_taken":0},{"event_name":"Purifier","player_choice":"One Purge","floor":45,"damage_taken":0},{"event_name":"Upgrade Shrine","player_choice":"Upgraded","floor":46,"damage_taken":0},{"event_name":"SensoryStone","player_choice":"Memory 1","floor":48,"damage_taken":0}],"boss_relics":[{"not_picked":["Ectoplasm","Fusion Hammer"],"picked":"Snecko Eye"},{"not_picked":["Runic Pyramid","Black Star"],"picked":"Empty Cage"}],"items_purged_floors":[8,22],"is_endless":false,"potions_floor_spawned":[1,11,16,18,19,24,31,33,35,36,37],"killed_by":"Awakened One","ascension_level":0}