{"gold_per_floor":[115,115,115,132,144,179,179,194,276,604,604,604],"floor_reached":12,"playtime":694,"items_purged":[],"score":106,"play_id":"5ca701bc-d387-4fd3-9f36-8aa4e9ce552c","local_time":"20190702173248","is_ascension_mode":true,"campfire_choices":[{"floor":7,"key":"REST"}],"neow_cost":"NONE","seed_source_timestamp":34941986370042,"circlet_count":0,"master_deck":["Strike_B","Strike_B","Strike_B+1","Strike_B","Defend_B","Defend_B","Defend_B","Defend_B","Zap","Dualcast+1","Sunder","White Noise","Coolheaded","Hologram","Doubt"],"relics":["Cursed Key","Gambling Chip","Smiling Mask","Pantograph","Old Coin"],"potions_floor_usage":[6,12],"damage_taken":[{"damage":0,"enemies":"Small Slimes","floor":1,"turns":3},{"damage":0,"enemies":"Cultist","floor":4,"turns":3},{"damage":0,"enemies":"2 Louse","floor":5,"turns":1},{"damage":32,"enemies":"Gremlin Nob","floor":6,"turns":4},{"damage":0,"enemies":"Large Slime","floor":8,"turns":4},{"damage":28,"enemies":"Lagavulin","floor":10,"turns":9},{"damage":24,"enemies":"Gremlin Nob","floor":12,"turns":4}],"seed_played":"-242819770539505470","potions_obtained":[{"floor":1,"key":"Poison Potion"},{"floor":8,"key":"LiquidBronze"},{"floor":10,"key":"Block Potion"}],"is_trial":false,"path_per_floor":["M","?","?","M","M","E","R","M","T","E","?","E"],"character_chosen":"DEFECT","items_purchased":[],"campfire_rested":1,"item_purchase_floors":[],"current_hp_per_floor":[75,72,75,75,75,43,65,65,65,37,22,0],"gold":604,"neow_bonus":"BOSS_RELIC","is_prod":false,"is_daily":false,"chose_seed":false,"campfire_upgraded":0,"win_rate":0,"timestamp":1562081568,"path_taken":["M","?","?","?","M","E","R","M","T","E","?","E"],"build_version":"2019-07-01","purchased_purges":0,"victory":false,"max_hp_per_floor":[75,75,75,75,75,75,75,75,75,75,75,75],"card_choices":[{"not_picked":["Sweeping Beam","Scrape","Leap"],"picked":"SKIP","floor":1},{"not_picked":["FTL","Blizzard"],"picked":"Sunder","floor":4},{"not_picked":["Streamline","Gash"],"picked":"White Noise","floor":5},{"not_picked":["Leap","Fission"],"picked":"Coolheaded","floor":6},{"not_picked":["Barrage","Beam Cell"],"picked":"Hologram","floor":8},{"not_picked":["Turbo","Fission","Force Field"],"picked":"SKIP","floor":10}],"player_experience":412982,"relics_obtained":[{"floor":6,"key":"Smiling Mask"},{"floor":9,"key":"Pantograph"},{"floor":10,"key":"Old Coin"}],"event_choices":[{"damage_healed":0,"gold_gain":0,"player_choice":"Success","damage_taken":3,"relics_obtained":["Gambling Chip"],"max_hp_gain":0,"max_hp_loss":0,"event_name":"Scrap Ooze","floor":2,"gold_loss":0},{"damage_healed":3,"gold_gain":0,"player_choice":"Full Heal","damage_taken":0,"max_hp_gain":0,"max_hp_loss":0,"event_name":"Wheel of Change","floor":3,"gold_loss":0},{"damage_healed":0,"gold_gain":0,"player_choice":"Entered Light","damage_taken":15,"max_hp_gain":0,"max_hp_loss":0,"event_name":"Shining Light","floor":11,"gold_loss":0,"cards_upgraded":["Strike_B","Dualcast"]}],"is_beta":false,"boss_relics":[],"items_purged_floors":[],"is_endless":false,"potions_floor_spawned":[1,8,10],"killed_by":"Gremlin Nob","ascension_level":4}