{"gold_per_floor":[118,137,150,150,150,150,160,175,175,194,119,141,141,156,156,156],"floor_reached":16,"playtime":1099,"items_purged":["Defend_G"],"score":94,"play_id":"206c861f-29e8-40e8-b438-ffed7c7da4eb","local_time":"20190529142743","is_ascension_mode":false,"campfire_choices":[{"data":"Neutralize","floor":6,"key":"SMITH"},{"floor":13,"key":"REST"},{"data":"Defend_G","floor":15,"key":"SMITH"}],"neow_cost":"NONE","seed_source_timestamp":157973287556475,"circlet_count":0,"master_deck":["Defend_G+1","Defend_G","Defend_G","Strike_G","Strike_G+1","Strike_G","Strike_G","Survivor+1","Neutralize+1"],"special_seed":0,"relics":["Empty Cage","Blood Vial","Odd Mushroom"],"potions_floor_usage":[7,16,16],"damage_taken":[{"damage":0.0,"enemies":"Small Slimes","floor":1.0,"turns":5.0},{"damage":0,"enemies":"2 Louse","floor":2,"turns":3},{"damage":0,"enemies":"Jaw Worm","floor":3,"turns":6},{"damage":4,"enemies":"2 Fungi Beasts","floor":7,"turns":3},{"damage":11,"enemies":"Exordium Thugs","floor":8,"turns":6},{"damage":0,"enemies":"Red Slaver","floor":10,"turns":4},{"damage":10,"enemies":"The Mushroom Lair","floor":12,"turns":5},{"damage":0,"enemies":"Looter","floor":14,"turns":4},{"damage":65,"enemies":"Slime Boss","floor":16,"turns":15}],"seed_played":"4402179780552940414","potions_obtained":[{"floor":1,"key":"Explosive Potion"},{"floor":7,"key":"Fire Potion"},{"floor":10,"key":"Dexterity Potion"}],"is_trial":false,"path_per_floor":["M","M","M","?","?","R","M","M","T","M","$","?","R","M","R","B"],"character_chosen":"THE_SILENT","items_purchased":[],"campfire_rested":1,"item_purchase_floors":[],"current_hp_per_floor":[70,70,70,56,56,56,52,41,41,43,43,35,56,58,58,0],"gold":156,"neow_bonus":"BOSS_RELIC","is_prod":false,"is_daily":false,"chose_seed":false,"campfire_upgraded":2,"win_rate":0,"timestamp":1559132863,"path_taken":["M","M","M","?","?","R","M","M","T","M","$","?","R","M","R","BOSS"],"build_version":"2019-01-23","purchased_purges":1,"victory":false,"max_hp_per_floor":[70,70,70,70,70,70,70,70,70,70,70,70,70,70,70,70],"card_choices":[{"not_picked":["Endless Agony","Skewer","Sucker Punch"],"picked":"SKIP","floor":1},{"not_picked":["Flying Knee","Deflect","Choke"],"picked":"SKIP","floor":2},{"not_picked":["Dagger Spray","Noxious Fumes","Quick Slash"],"picked":"SKIP","floor":3},{"not_picked":["Outmaneuver","Riddle With Holes","Slice"],"picked":"SKIP","floor":7},{"not_picked":["Predator","Dagger Throw","Backflip"],"picked":"SKIP","floor":8},{"not_picked":["Cloak And Dagger","Distraction","Infinite Blades"],"picked":"SKIP","floor":10},{"not_picked":["Bane","Deadly Poison","Flying Knee"],"picked":"SKIP","floor":14}],"player_experience":353993,"relics_obtained":[{"floor":9,"key":"Blood Vial"},{"floor":12,"key":"Odd Mushroom"}],"event_choices":[{"damage_healed":0,"gold_gain":0,"player_choice":"Entered Light","damage_taken":14,"max_hp_gain":0,"max_hp_loss":0,"event_name":"Shining Light","floor":4,"gold_loss":0,"cards_upgraded":["Survivor","Strike_G"]},{"damage_healed":0,"gold_gain":0,"player_choice":"Ignored","damage_taken":0,"max_hp_gain":0,"max_hp_loss":0,"event_name":"Liars Game","floor":5,"gold_loss":0},{"damage_healed":0,"gold_gain":0,"player_choice":"Fought Mushrooms","damage_taken":0,"max_hp_gain":0,"max_hp_loss":0,"event_name":"Mushrooms","floor":12,"gold_loss":0}],"is_beta":false,"boss_relics":[],"items_purged_floors":[11],"is_endless":false,"potions_floor_spawned":[1,7,10],"killed_by":"Slime Boss","ascension_level":0}