{"gold_per_floor":[109,59,78,78,90,90,121,121,145,178,197,197,372,372,372,471,471,471],"floor_reached":18,"playtime":986,"items_purged":[],"score":260,"play_id":"15691419-d3b1-4253-9474-47c0b5afebd2","local_time":"20190322140035","is_ascension_mode":true,"campfire_choices":[{"data":"Dualcast","floor":6,"key":"SMITH"},{"floor":12,"key":"REST"},{"floor":15,"key":"REST"}],"neow_cost":"NONE","seed_source_timestamp":178619637733167,"circlet_count":0,"master_deck":["AscendersBane","Strike_B","Strike_B","Strike_B","Defend_B","Defend_B","Defend_B","Defend_B","Zap","Dualcast+1","Gash","Gash","Deep Breath","Gash","Skim","Conserve Battery","Chaos","Doubt","Machine Learning"],"relics":["Cracked Core","Darkstone Periapt","Pantograph","Boot","Pen Nib","Bronze Scales","Inserter"],"potions_floor_usage":[],"damage_taken":[{"damage":2,"enemies":"2 Louse","floor":1,"turns":2},{"damage":1,"enemies":"Small Slimes","floor":3,"turns":4},{"damage":0,"enemies":"Cultist","floor":5,"turns":3},{"damage":33,"enemies":"Gremlin Nob","floor":7,"turns":4},{"damage":30,"enemies":"Lagavulin","floor":10,"turns":6},{"damage":6,"enemies":"Exordium Thugs","floor":11,"turns":3},{"damage":52,"enemies":"Hexaghost","floor":16,"turns":9},{"damage":0,"enemies":"Chosen","floor":18,"turns":3}],"seed_played":"325055874313427167","potions_obtained":[{"floor":3,"key":"Regen Potion"},{"floor":7,"key":"SteroidPotion"}],"is_trial":false,"path_per_floor":["M","?","M","?","M","R","E","T","T","E","M","R","?","?","R","B",null,"M"],"character_chosen":"DEFECT","items_purchased":[],"campfire_rested":2,"item_purchase_floors":[],"current_hp_per_floor":[73,73,72,72,72,72,39,39,39,9,3,27,33,21,47,20,71,71],"gold":471,"neow_bonus":"TEN_PERCENT_HP_BONUS","is_prod":false,"is_daily":false,"chose_seed":false,"campfire_upgraded":1,"win_rate":0,"timestamp":1553281235,"path_taken":["M","?","M","?","?","R","E","?","T","E","M","R","?","?","R","BOSS","M"],"build_version":"2019-01-23","purchased_purges":0,"victory":false,"max_hp_per_floor":[82,82,82,82,82,82,82,82,82,82,82,82,88,88,88,88,88,88],"card_choices":[{"not_picked":["Compile Driver","Stack"],"picked":"Gash","floor":1},{"not_picked":["Scrape","Stack"],"picked":"Gash","floor":3},{"not_picked":["Ball Lightning","Barrage"],"picked":"Gash","floor":5},{"not_picked":["Machine Learning","Rebound"],"picked":"Skim","floor":7},{"not_picked":["Melter","Hyperbeam"],"picked":"Conserve Battery","floor":10},{"not_picked":["Reinforced Body","Stack"],"picked":"Chaos","floor":11},{"not_picked":["Buffer","Core Surge"],"picked":"Machine Learning","floor":16}],"player_experience":1245434,"relics_obtained":[{"floor":7,"key":"Darkstone Periapt"},{"floor":8,"key":"Pantograph"},{"floor":9,"key":"Boot"},{"floor":10,"key":"Pen Nib"}],"event_choices":[{"cards_removed":["Strike_B"],"damage_healed":0,"gold_gain":0,"player_choice":"Card Removal","damage_taken":0,"max_hp_gain":0,"max_hp_loss":0,"event_name":"The Cleric","floor":2,"gold_loss":50},{"damage_healed":0,"gold_gain":0,"player_choice":"1 cards matched","damage_taken":0,"max_hp_gain":0,"max_hp_loss":0,"event_name":"Match and Keep!","floor":4,"gold_loss":0,"cards_obtained":["Deep Breath"]},{"damage_healed":0,"gold_gain":175,"player_choice":"AGREE","damage_taken":0,"max_hp_gain":0,"max_hp_loss":0,"event_name":"Liars Game","floor":13,"gold_loss":0,"cards_obtained":["Doubt"]},{"damage_healed":0,"gold_gain":0,"player_choice":"Success","damage_taken":12,"relics_obtained":["Bronze Scales"],"max_hp_gain":0,"max_hp_loss":0,"event_name":"Scrap Ooze","floor":14,"gold_loss":0}],"is_beta":false,"boss_relics":[{"not_picked":["Philosopher\u0027s Stone","Fusion Hammer"],"picked":"Inserter"}],"items_purged_floors":[],"is_endless":false,"potions_floor_spawned":[3,7,10],"killed_by":"Chosen","ascension_level":11}