{"gold_per_floor":[119,138,150,150,100,100,112,63,133,133,158,87,107,107,107,204,204,214,214,229,154,154],"floor_reached":22,"playtime":1528,"items_purged":[],"score":326,"play_id":"7c96f302-d278-44fe-8abf-cb0c71f30770","local_time":"20181028152717","is_ascension_mode":true,"campfire_choices":[{"data":"Deadly Poison","floor":6,"key":"SMITH"},{"data":"Poisoned Stab","floor":10,"key":"SMITH"},{"floor":15,"key":"REST"}],"neow_cost":"NONE","seed_source_timestamp":946101144027738,"circlet_count":0,"master_deck":["Defend_G+1","Defend_G","Defend_G","Defend_G","Defend_G","Survivor","Neutralize","AscendersBane","Deadly Poison+1","Poisoned Stab","Poisoned Stab","Poisoned Stab+1","Sucker Punch","Quick Slash+1","Bouncing Flask","Bouncing Flask","Poisoned Stab","Cloak And Dagger","Backflip","Leg Sweep","Quick Slash","Deadly Poison","Bite","Bite","Bite","Bite","Bite","Blade Dance","Backstab"],"relics":["Ring of the Snake","Ninja Scroll","Orrery"],"potions_floor_usage":[7,11,16],"damage_taken":[{"damage":0,"enemies":"Small Slimes","floor":1,"turns":3},{"damage":6,"enemies":"Jaw Worm","floor":2,"turns":6},{"damage":0,"enemies":"2 Louse","floor":3,"turns":4},{"damage":4,"enemies":"2 Fungi Beasts","floor":7,"turns":4},{"damage":23,"enemies":"Gremlin Nob","floor":11,"turns":4},{"damage":1,"enemies":"Red Slaver","floor":13,"turns":3},{"damage":21,"enemies":"The Guardian","floor":16,"turns":7},{"damage":1,"enemies":"Chosen","floor":18,"turns":4},{"damage":18,"enemies":"Shell Parasite","floor":20,"turns":8},{"damage":10,"enemies":"Snake Plant","floor":22,"turns":2}],"seed_played":"-813987908582206771","potions_obtained":[{"floor":3,"key":"AttackPotion"},{"floor":7,"key":"AttackPotion"},{"floor":13,"key":"Explosive Potion"},{"floor":16,"key":"Fire Potion"}],"is_trial":false,"path_per_floor":["M","M","M","?","?","R","M","$","T","R","E","$","M","?","R","B",null,"M","?","M","$"],"character_chosen":"THE_SILENT","items_purchased":["Sucker Punch","Bouncing Flask","Backstab"],"campfire_rested":1,"item_purchase_floors":[8,12,21],"current_hp_per_floor":[63,57,57,62,62,62,58,58,58,58,35,35,36,21,43,24,62,63,63,49,49,39],"gold":154,"neow_bonus":"REMOVE_CARD","is_prod":false,"is_daily":false,"chose_seed":false,"campfire_upgraded":2,"win_rate":0,"timestamp":1540758437,"path_taken":["M","M","M","?","?","R","?","?","T","R","E","$","M","?","R","BOSS","M","?","M","$","M"],"build_version":"2018-10-25v2","purchased_purges":0,"victory":false,"max_hp_per_floor":[70,70,70,75,75,75,75,75,75,75,75,75,75,75,75,75,75,75,75,75,75,75],"card_choices":[{"not_picked":["Backflip","Escape Plan"],"picked":"Deadly Poison","floor":1},{"not_picked":["Blade Dance","Prepared"],"picked":"Poisoned Stab","floor":2},{"not_picked":["Dagger Spray","Flying Knee"],"picked":"Poisoned Stab","floor":3},{"not_picked":["Caltrops","Flechettes"],"picked":"Poisoned Stab","floor":7},{"not_picked":["Finisher","Dagger Spray"],"picked":"Quick Slash","floor":11},{"not_picked":["Setup","Dagger Throw"],"picked":"Bouncing Flask","floor":13},{"not_picked":["PiercingWail","Acrobatics"],"picked":"Poisoned Stab","floor":17},{"not_picked":["Accuracy","Quick Slash"],"picked":"Cloak And Dagger","floor":17},{"not_picked":["Dagger Throw","PiercingWail"],"picked":"Backflip","floor":17},{"not_picked":["Prepared","Accuracy"],"picked":"Leg Sweep","floor":17},{"not_picked":["Prepared","Terror"],"picked":"Quick Slash","floor":17},{"not_picked":["Blade Dance","Dodge and Roll+1"],"picked":"Deadly Poison","floor":18},{"not_picked":["Dagger Spray","All Out Attack+1"],"picked":"Blade Dance","floor":20}],"player_experience":876905,"relics_obtained":[{"floor":9,"key":"Ninja Scroll"},{"floor":11,"key":"Blood Vial"}],"event_choices":[{"damage_healed":0,"gold_gain":0,"player_choice":"Donut","damage_taken":0,"max_hp_gain":5,"max_hp_loss":0,"event_name":"Big Fish","floor":4,"gold_loss":0},{"cards_removed":["Strike_G"],"damage_healed":0,"gold_gain":0,"player_choice":"Card Removal","damage_taken":0,"max_hp_gain":0,"max_hp_loss":0,"event_name":"The Cleric","floor":5,"gold_loss":50},{"damage_healed":0,"gold_gain":0,"player_choice":"Entered Light","damage_taken":15,"max_hp_gain":0,"max_hp_loss":0,"event_name":"Shining Light","floor":14,"gold_loss":0,"cards_upgraded":["Defend_G","Quick Slash"]},{"damage_healed":0,"gold_gain":0,"player_choice":"Became a vampire (Vial)","damage_taken":0,"max_hp_gain":0,"max_hp_loss":0,"event_name":"Vampires","floor":19,"relics_lost":["Blood Vial"],"gold_loss":0,"cards_obtained":["Bite","Bite","Bite","Bite","Bite"]}],"is_beta":false,"boss_relics":[{"not_picked":["Philosopher\u0027s Stone","Runic Pyramid"],"picked":"Orrery"}],"items_purged_floors":[],"is_endless":false,"potions_floor_spawned":[3,7,13,16],"killed_by":"Snake Plant","ascension_level":10}