{"gold_per_floor":[114,214,229,3,3,33,33,49,76,90,105,117,117,137,137,234,234,247,247,247,265,265,343,343,373,373,390,404,404,433,444,444,548,548,559,559,575,585,109,136,136,136,136,236,0,0,20,36,36,36],"floor_reached":51,"playtime":7885,"items_purged":["Defend_B"],"score":669,"play_id":"0f34224b-d038-40b8-b8ce-1b5e08aa2d3e","local_time":"20190324125419","is_ascension_mode":false,"campfire_choices":[{"floor":7.0,"key":"REST"},{"data":"Sunder","floor":13.0,"key":"SMITH"},{"floor":15.0,"key":"REST"},{"data":"Rainbow","floor":24.0,"key":"SMITH"},{"data":"Zap","floor":29.0,"key":"SMITH"},{"data":"Darkness","floor":32.0,"key":"SMITH"},{"data":"Fission","floor":41.0,"key":"SMITH"},{"floor":46.0,"key":"REST"},{"floor":49,"key":"REST"}],"neow_cost":"NONE","seed_source_timestamp":0,"circlet_count":0,"master_deck":["Strike_B+1","Defend_B+1","Defend_B+1","Zap+1","Dualcast","Rainbow+1","Sunder+1","BootSequence","Fission+1","BootSequence+1","Auto Shields+1","Steam Power+1","Undo+1","Echo Form+1","Reinforced Body+1","Darkness+1","Defragment+1","Fission+1","Lockon+1","Master of Strategy","Sweeping Beam+1"],"special_seed":0,"relics":["Sozu","Blood Vial","Ancient Tea Set","Juzu Bracelet","Astrolabe","Nilry\u0027s Codex","Frozen Egg 2","Torii","Omamori","Strawberry","Cursed Key","Pocketwatch","Mercury Hourglass","Ice Cream","Red Mask"],"potions_floor_usage":[],"damage_taken":[{"damage":10.0,"enemies":"Small Slimes","floor":1.0,"turns":3.0},{"damage":1.0,"enemies":"Cultist","floor":3.0,"turns":4.0},{"damage":43.0,"enemies":"Gremlin Nob","floor":6.0,"turns":5.0},{"damage":0.0,"enemies":"2 Louse","floor":8.0,"turns":2.0},{"damage":10.0,"enemies":"Gremlin Gang","floor":10.0,"turns":4.0},{"damage":7.0,"enemies":"3 Louse","floor":11.0,"turns":2.0},{"damage":5.0,"enemies":"Exordium Wildlife","floor":12.0,"turns":3.0},{"damage":0.0,"enemies":"2 Fungi Beasts","floor":14.0,"turns":3.0},{"damage":41.0,"enemies":"The Guardian","floor":16.0,"turns":8.0},{"damage":14.0,"enemies":"Spheric Guardian","floor":18.0,"turns":4.0},{"damage":0.0,"enemies":"Shell Parasite","floor":21.0,"turns":3.0},{"damage":1.0,"enemies":"Gremlin Leader","floor":25.0,"turns":5.0},{"damage":1.0,"enemies":"Sentry and Sphere","floor":27.0,"turns":7.0},{"damage":1.0,"enemies":"Chosen and Byrds","floor":28.0,"turns":5.0},{"damage":1.0,"enemies":"Book of Stabbing","floor":30.0,"turns":6.0},{"damage":0.0,"enemies":"Snake Plant","floor":31.0,"turns":4.0},{"damage":39.0,"enemies":"Collector","floor":33.0,"turns":7.0},{"damage":0.0,"enemies":"3 Shapes","floor":35.0,"turns":3.0},{"damage":0.0,"enemies":"Orb Walker","floor":37.0,"turns":4.0},{"damage":0.0,"enemies":"4 Shapes","floor":38.0,"turns":4.0},{"damage":26.0,"enemies":"Reptomancer","floor":40.0,"turns":5.0},{"damage":0.0,"enemies":"Mind Bloom Boss Battle","floor":44.0,"turns":3.0},{"damage":15,"enemies":"3 Darklings","floor":47,"turns":5},{"damage":1,"enemies":"Spire Growth","floor":48,"turns":4},{"damage":11,"enemies":"Donu and Deca","floor":50,"turns":7}],"seed_played":"-8470915360274559221","potions_obtained":[],"is_trial":false,"path_per_floor":["M","?","M","$","$","E","R","M","T","M","M","M","R","M","R","B",null,"M","?","?","M","?","T","R","E","T","M","M","R","E","M","R","B",null,"M","?","M","M","$","E","R","?","T","?","?","R","M","M","R","B",null],"character_chosen":"DEFECT","items_purchased":["Blood Vial","Pocketwatch","Master of Strategy"],"campfire_rested":4,"item_purchase_floors":[4,39,39],"current_hp_per_floor":[65,65,64,64,64,23,45,47,47,39,34,31,31,33,55,16,75,61,61,61,63,47,47,47,48,48,49,50,50,58,60,60,23,82,82,82,82,82,82,56,56,56,56,58,58,82,67,68,82,71],"gold":36,"neow_bonus":"BOSS_RELIC","is_prod":false,"is_daily":false,"chose_seed":false,"campfire_upgraded":5,"win_rate":0.0,"timestamp":1553428459,"path_taken":["M","?","M","?","$","E","R","M","T","M","M","M","R","M","R","BOSS","M","?","?","M","?","?","R","E","T","M","M","R","E","M","R","BOSS","M","?","M","M","$","E","R","?","T","?","?","R","M","M","R","BOSS"],"build_version":"2019-01-23","purchased_purges":1,"victory":true,"max_hp_per_floor":[75,75,75,75,75,75,75,75,75,75,75,75,75,75,75,75,75,75,75,75,75,75,75,75,75,75,75,75,75,82,82,82,82,82,82,82,82,82,82,82,82,82,82,82,82,82,82,82,82,82],"card_choices":[{"not_picked":["Streamline","Beam Cell","Storm"],"picked":"SKIP","floor":1.0},{"not_picked":["Undo","Static Discharge","Streamline"],"picked":"SKIP","floor":3.0},{"not_picked":["Coolheaded","Stack"],"picked":"Rainbow","floor":6.0},{"not_picked":["Streamline","Conserve Battery","Hologram"],"picked":"SKIP","floor":8.0},{"not_picked":["Hologram","Blizzard"],"picked":"Sunder","floor":10.0},{"not_picked":["Gash","Storm","Beam Cell"],"picked":"SKIP","floor":11.0},{"not_picked":["Gash","Storm","Beam Cell"],"picked":"SKIP","floor":11.0},{"not_picked":["Sunder","Go for the Eyes"],"picked":"BootSequence","floor":12.0},{"not_picked":["All For One","Rebound","Heatsinks"],"picked":"SKIP","floor":14.0},{"not_picked":["Creative AI","Reboot"],"picked":"Fission","floor":16.0},{"not_picked":["Auto Shields","Gash","Streamline"],"picked":"SKIP","floor":18.0},{"not_picked":["Cold Snap+1","Barrage+1"],"picked":"Undo+1","floor":21.0},{"not_picked":["BootSequence","Static Discharge+1","Conserve Battery"],"picked":"SKIP","floor":25.0},{"not_picked":["Barrage","Tempest"],"picked":"Echo Form+1","floor":27.0},{"not_picked":["Glacier","Aggregate"],"picked":"Reinforced Body+1","floor":28.0},{"not_picked":["Turbo","Stack+1"],"picked":"Darkness","floor":30.0},{"not_picked":["Leap","Coolheaded"],"picked":"Defragment+1","floor":31.0},{"not_picked":["Thunder Strike","Meteor Strike"],"picked":"Fission","floor":33.0},{"not_picked":["Force Field","Turbo","Coolheaded"],"picked":"SKIP","floor":35.0},{"not_picked":["Leap","Compile Driver","Barrage+1"],"picked":"SKIP","floor":37.0},{"not_picked":["White Noise","Static Discharge+1"],"picked":"Lockon+1","floor":38.0},{"not_picked":["Ball Lightning+1","Beam Cell+1","Undo"],"picked":"SKIP","floor":40.0},{"not_picked":["Ball Lightning+1","Beam Cell+1","Undo"],"picked":"SKIP","floor":40.0},{"not_picked":["Hologram","FTL"],"picked":"Sweeping Beam+1","floor":47},{"not_picked":["Rebound","Barrage","Stack"],"picked":"SKIP","floor":48}],"player_experience":187027,"relics_obtained":[{"floor":6.0,"key":"Ancient Tea Set"},{"floor":9.0,"key":"Juzu Bracelet"},{"floor":22.0,"key":"Nilry\u0027s Codex"},{"floor":23.0,"key":"Frozen Egg 2"},{"floor":25.0,"key":"Torii"},{"floor":26.0,"key":"Omamori"},{"floor":30.0,"key":"Strawberry"},{"floor":40.0,"key":"Mercury Hourglass"},{"floor":44.0,"key":"Ice Cream"}],"event_choices":[{"damage_healed":0.0,"max_hp_gain":0.0,"max_hp_loss":0.0,"gold_gain":100.0,"event_name":"Golden Shrine","player_choice":"Pray","floor":2.0,"gold_loss":0.0,"damage_taken":0.0},{"damage_healed":0.0,"max_hp_gain":0.0,"max_hp_loss":0.0,"gold_gain":0.0,"event_name":"Upgrade Shrine","player_choice":"Upgraded","floor":19.0,"gold_loss":0.0,"damage_taken":0.0,"cards_upgraded":["Fission"]},{"damage_healed":0.0,"max_hp_gain":0.0,"max_hp_loss":0.0,"gold_gain":0.0,"event_name":"Back to Basics","player_choice":"Simplicity","floor":20.0,"gold_loss":0.0,"damage_taken":0.0,"cards_upgraded":["Strike_B","Strike_B","Defend_B","Defend_B"]},{"damage_healed":0.0,"max_hp_gain":0.0,"max_hp_loss":0.0,"gold_gain":0.0,"event_name":"Cursed Tome","player_choice":"Obtained Book","floor":22.0,"gold_loss":0.0,"damage_taken":16.0},{"cards_removed":["Strike_B"],"damage_healed":0.0,"max_hp_gain":0.0,"max_hp_loss":0.0,"gold_gain":0.0,"event_name":"Falling","player_choice":"Removed Attack","floor":36.0,"gold_loss":0.0,"damage_taken":0.0},{"damage_healed":0.0,"max_hp_gain":0.0,"max_hp_loss":0.0,"gold_gain":0.0,"event_name":"SensoryStone","player_choice":"Memory 1","floor":42.0,"gold_loss":0.0,"damage_taken":0.0},{"damage_healed":0.0,"max_hp_gain":0.0,"max_hp_loss":0.0,"gold_gain":0.0,"event_name":"MindBloom","player_choice":"Fight","floor":44.0,"gold_loss":0.0,"damage_taken":0.0},{"damage_healed":0.0,"max_hp_gain":0.0,"max_hp_loss":0.0,"gold_gain":0.0,"event_name":"Tomb of Lord Red Mask","player_choice":"Paid","floor":45.0,"gold_loss":236.0,"damage_taken":0.0,"relics_obtained":["Red Mask"]}],"is_beta":false,"boss_relics":[{"not_picked":["Orrery","Black Star"],"picked":"Astrolabe"},{"not_picked":["Lizard Tail","Calling Bell"],"picked":"Cursed Key"}],"items_purged_floors":[4],"is_endless":false,"potions_floor_spawned":[3,6,11,12,21,30,33,37,38,40],"ascension_level":0}