{"gold_per_floor":[119,129,54,129,149,149,179,179,205,222,249,261,299,311,323,335],"floor_reached":16,"playtime":1150,"items_purged":["Strike_R"],"score":124,"play_id":"523067ee-0db2-4186-8efd-74d37f1d3ad6","local_time":"20180727130428","is_ascension_mode":true,"campfire_choices":[{"data":"Cleave","floor":6,"key":"SMITH"},{"data":"Bash","floor":8,"key":"SMITH"},{"data":"Pommel Strike","floor":12,"key":"SMITH"},{"floor":15,"key":"REST"}],"neow_cost":"NONE","seed_source_timestamp":2667903085760599,"circlet_count":0,"master_deck":["Strike_R","Strike_R","Strike_R","Strike_R","Defend_R","Defend_R","Defend_R","Bash+1","Battle Trance","Cleave+1","Headbutt","Pommel Strike+1","Shrug It Off+1"],"relics":["Burning Blood","Happy Flower","Bag of Marbles","MawBank","Shuriken"],"potions_floor_usage":[7,13,16],"damage_taken":[{"damage":0,"enemies":"2 Louse","floor":1,"turns":4},{"damage":6,"enemies":"Jaw Worm","floor":2,"turns":5},{"damage":1,"enemies":"Cultist","floor":5,"turns":3},{"damage":21,"enemies":"Lagavulin","floor":7,"turns":6},{"damage":0,"enemies":"Looter","floor":10,"turns":4},{"damage":8,"enemies":"3 Sentries","floor":11,"turns":5},{"damage":21,"enemies":"Lagavulin","floor":13,"turns":4},{"damage":74,"enemies":"Hexaghost","floor":16,"turns":10}],"seed_played":"4948465412467457114","potions_obtained":[{"floor":5,"key":"Weak Potion"},{"floor":10,"key":"Energy Potion"},{"floor":11,"key":"FearPotion"},{"floor":13,"key":"Weak Potion"}],"is_trial":false,"path_per_floor":["M","M","$","?","M","R","E","R","T","M","E","R","E","?","R"],"character_chosen":"IRONCLAD","items_purchased":[],"campfire_rested":1,"item_purchase_floors":[],"current_hp_per_floor":[80,80,80,69,74,74,59,59,59,65,63,63,48,48,72,0],"gold":335,"neow_bonus":"REMOVE_CARD","is_prod":false,"is_daily":false,"chose_seed":false,"campfire_upgraded":3,"win_rate":0,"timestamp":1532714668,"path_taken":["M","M","$","?","M","R","E","R","T","?","E","R","E","?","R","BOSS"],"build_version":"2018-07-26","purchased_purges":1,"victory":false,"max_hp_per_floor":[80,80,80,80,80,80,80,80,80,80,80,80,80,80,80,80],"card_choices":[{"not_picked":["Sword Boomerang","Rage","Fire Breathing"],"picked":"SKIP","floor":1},{"not_picked":["Clash","Inflame"],"picked":"Battle Trance","floor":2},{"not_picked":["Rupture","Perfected Strike"],"picked":"Cleave","floor":5},{"not_picked":["Disarm","Fire Breathing","Intimidate"],"picked":"SKIP","floor":7},{"not_picked":["Dropkick","True Grit"],"picked":"Headbutt","floor":10},{"not_picked":["Body Slam","Heavy Blade"],"picked":"Pommel Strike","floor":11},{"not_picked":["True Grit","Berserk"],"picked":"Shrug It Off","floor":13}],"player_experience":356814,"relics_obtained":[{"floor":7,"key":"Happy Flower"},{"floor":9,"key":"Bag of Marbles"},{"floor":11,"key":"MawBank"},{"floor":13,"key":"Shuriken"}],"event_choices":[{"event_name":"World of Goop","player_choice":"Gather Gold","floor":4,"damage_taken":0},{"event_name":"Upgrade Shrine","player_choice":"Upgraded","floor":14,"damage_taken":0}],"is_beta":false,"boss_relics":[],"items_purged_floors":[3],"is_endless":false,"potions_floor_spawned":[5,10,11,13],"killed_by":"Hexaghost","ascension_level":1}