{"gold_per_floor":[368,368,543,643,657,657,732,732,732,759,482,482,494,514,514,619,619,629,165,165,165,180,214,214,231,231,231,251,267,142,157,157,157],"floor_reached":33,"playtime":2088,"items_purged":["Defend_R","Doubt","Strike_R"],"score":255,"play_id":"eba3cca8-1862-41f4-9769-42570af45561","local_time":"20180716082634","is_ascension_mode":false,"campfire_choices":[{"data":"Shrug It Off","floor":6,"key":"SMITH"},{"floor":8,"key":"REST"},{"data":"Flex","floor":12,"key":"SMITH"},{"data":"Heavy Blade","floor":15,"key":"SMITH"},{"data":"Rampage","floor":24,"key":"SMITH"},{"data":"Havoc","floor":27,"key":"SMITH"},{"floor":32,"key":"REST"}],"neow_cost":"FIFTY_PERCENT_DAMAGE","seed_source_timestamp":1699756185809225,"circlet_count":0,"master_deck":["Strike_R","Strike_R","Strike_R","Defend_R","Defend_R+1","Defend_R+1","Bash","Shrug It Off+1","Flex+1","Panacea","Heavy Blade+1","Rampage+1","Flex","Havoc+1","Iron Wave","Pummel","Cleave+1"],"relics":["Burning Blood","Happy Flower","War Paint","Busted Crown","Charon\u0027s Ashes","Omamori","Mercury Hourglass"],"potions_floor_usage":[18,22,22,23,25,25,31],"damage_taken":[{"damage":3,"enemies":"Small Slimes","floor":1,"turns":4},{"damage":10,"enemies":"2 Louse","floor":5,"turns":4},{"damage":1,"enemies":"Cultist","floor":13,"turns":3},{"damage":8,"enemies":"Blue Slaver","floor":14,"turns":3},{"damage":39,"enemies":"The Guardian","floor":16,"turns":10},{"damage":19,"enemies":"2 Thieves","floor":18,"turns":4},{"damage":17,"enemies":"3 Byrds","floor":22,"turns":4},{"damage":18,"enemies":"Slavers","floor":23,"turns":5},{"damage":15,"enemies":"Snake Plant","floor":25,"turns":3},{"damage":22,"enemies":"Sentry and Sphere","floor":28,"turns":5},{"damage":10,"enemies":"Snecko","floor":29,"turns":4},{"damage":16,"enemies":"Snake Plant","floor":31,"turns":2},{"damage":56,"enemies":"Automaton","floor":33,"turns":6}],"seed_played":"-8845960033839411521","potions_obtained":[{"floor":5,"key":"Swift Potion"},{"floor":14,"key":"Dexterity Potion"},{"floor":16,"key":"Fruit Juice"},{"floor":18,"key":"AttackPotion"},{"floor":22,"key":"Fire Potion"},{"floor":23,"key":"SkillPotion"},{"floor":29,"key":"AttackPotion"}],"is_trial":false,"path_per_floor":["M","?","?","?","M","R","?","R","T","T","$","R","M","M","R","B",null,"M","$","?","?","M","E","R","M","T","R","M","M","$","M","R"],"character_chosen":"IRONCLAD","items_purchased":["Flex","Panacea","Heavy Blade","Charon\u0027s Ashes","Havoc"],"campfire_rested":2,"item_purchase_floors":[11,11,11,19,19],"current_hp_per_floor":[43,69,69,69,65,65,54,78,78,78,78,78,80,78,78,45,80,67,67,67,67,61,49,49,40,40,40,24,20,20,10,35,0],"gold":157,"neow_bonus":"TWO_FIFTY_GOLD","is_prod":false,"is_daily":false,"chose_seed":false,"campfire_upgraded":5,"win_rate":0,"timestamp":1531747594,"path_taken":["M","?","?","?","M","R","?","R","T","?","$","R","M","M","R","BOSS","M","$","?","?","M","E","R","M","T","R","M","?","$","M","R","BOSS"],"build_version":"2018-07-12","purchased_purges":3,"victory":false,"max_hp_per_floor":[80,80,80,80,80,80,80,80,80,80,80,80,80,80,80,80,80,80,80,80,80,85,85,85,85,85,85,85,85,85,85,85,85],"card_choices":[{"not_picked":["Corruption","Feel No Pain"],"picked":"Shrug It Off","floor":1},{"not_picked":["Hemokinesis","Sword Boomerang","Clash"],"picked":"SKIP","floor":5},{"not_picked":["True Grit","Bloodletting"],"picked":"Rampage","floor":13},{"not_picked":["True Grit","Combust"],"picked":"Flex","floor":14},{"not_picked":["Dual Wield"],"picked":"SKIP","floor":18},{"not_picked":[],"picked":"Iron Wave","floor":22},{"not_picked":["Clash"],"picked":"SKIP","floor":23},{"not_picked":[],"picked":"Pummel","floor":25},{"not_picked":["Intimidate"],"picked":"SKIP","floor":28},{"not_picked":["Sword Boomerang"],"picked":"SKIP","floor":29},{"not_picked":[],"picked":"Cleave+1","floor":31}],"player_experience":179890,"relics_obtained":[{"floor":9,"key":"Happy Flower"},{"floor":10,"key":"War Paint"},{"floor":23,"key":"Omamori"},{"floor":26,"key":"Mercury Hourglass"}],"event_choices":[{"event_name":"Big Fish","player_choice":"Banana","floor":2,"damage_taken":0},{"event_name":"Liars Game","player_choice":"agreed","floor":3,"damage_taken":0},{"event_name":"Golden Shrine","player_choice":"Pray","floor":4,"damage_taken":0},{"event_name":"World of Goop","player_choice":"Gather Gold","floor":7,"damage_taken":0},{"event_name":"Bonfire Elementals","player_choice":"BASIC","floor":20,"damage_taken":0},{"event_name":"Ghosts","player_choice":"Ignored","floor":21,"damage_taken":0}],"boss_relics":[{"not_picked":["Black Blood","Empty Cage"],"picked":"Busted Crown"}],"items_purged_floors":[11,19,30],"is_endless":false,"potions_floor_spawned":[5,14,16,18,22,23,29],"killed_by":"Automaton","ascension_level":0}