{"gold_per_floor":[111,121,71,71,86,121,121,132,132,151,151,170,190,250,250,348,348,367,367,367],"floor_reached":20,"playtime":1636,"items_purged":[],"score":176,"play_id":"02033e44-cf70-4570-8965-7e09eb4605a9","local_time":"20181214090824","is_ascension_mode":false,"campfire_choices":[{"floor":7,"key":"REST"},{"data":"Cloak And Dagger","floor":11,"key":"SMITH"},{"floor":15,"key":"REST"}],"neow_cost":"NONE","seed_source_timestamp":2075110369343498,"circlet_count":0,"master_deck":["Defend_G","Defend_G","Defend_G","Defend_G","Strike_G","Strike_G","Strike_G","Survivor","Neutralize","Cloak And Dagger+1","Reflex","Dagger Spray","Adrenaline","Accuracy","Calculated Gamble","Slice","Deflect","Flying Knee","Envenom","Infinite Blades","Necronomicurse"],"relics":["Ring of the Serpent","Vajra","Oddly Smooth Stone","Pantograph","Necronomicon"],"potions_floor_usage":[6,8,16,20],"damage_taken":[{"damage":0,"enemies":"Small Slimes","floor":1,"turns":5},{"damage":0,"enemies":"Jaw Worm","floor":2,"turns":4},{"damage":0,"enemies":"Cultist","floor":5,"turns":5},{"damage":59,"enemies":"Gremlin Nob","floor":6,"turns":7},{"damage":0,"enemies":"Large Slime","floor":8,"turns":3},{"damage":0,"enemies":"2 Fungi Beasts","floor":10,"turns":4},{"damage":0,"enemies":"Exordium Wildlife","floor":12,"turns":3},{"damage":0,"enemies":"Blue Slaver","floor":13,"turns":3},{"damage":13,"enemies":"Gremlin Nob","floor":14,"turns":5},{"damage":25,"enemies":"Hexaghost","floor":16,"turns":9},{"damage":0,"enemies":"Spheric Guardian","floor":18,"turns":3},{"damage":32,"enemies":"Masked Bandits","floor":20,"turns":4}],"seed_played":"392070347456626004","potions_obtained":[{"floor":2,"key":"Regen Potion"},{"floor":5,"key":"Swift Potion"},{"floor":6,"key":"AttackPotion"},{"floor":12,"key":"Strength Potion"},{"floor":13,"key":"Ancient Potion"}],"is_trial":false,"path_per_floor":["M","M","?","?","M","E","R","M","T","M","R","M","M","?","R","B",null,"M","?","?"],"character_chosen":"THE_SILENT","items_purchased":[],"campfire_rested":2,"item_purchase_floors":[],"current_hp_per_floor":[70,70,70,70,70,11,32,32,32,32,32,32,32,19,40,40,70,70,54,34],"gold":367,"neow_bonus":"REMOVE_CARD","is_prod":false,"is_daily":false,"chose_seed":false,"campfire_upgraded":1,"win_rate":0,"timestamp":1544800104,"path_taken":["M","M","?","?","M","E","R","?","T","M","R","M","M","?","R","BOSS","M","?","?"],"build_version":"2018-12-13","purchased_purges":0,"victory":false,"max_hp_per_floor":[70,70,70,70,70,70,70,70,70,70,70,70,70,70,70,70,70,70,70,70],"card_choices":[{"not_picked":["Flying Knee","Masterful Stab"],"picked":"Cloak And Dagger","floor":1},{"not_picked":["PiercingWail","Dodge and Roll"],"picked":"Reflex","floor":2},{"not_picked":["Skewer","Flying Knee"],"picked":"Dagger Spray","floor":5},{"not_picked":["Cloak And Dagger","Flying Knee"],"picked":"Adrenaline","floor":6},{"not_picked":["Calculated Gamble","Footwork"],"picked":"Accuracy","floor":8},{"not_picked":["Tactician","Blur"],"picked":"Calculated Gamble","floor":10},{"not_picked":["Crippling Poison","Dodge and Roll"],"picked":"Slice","floor":12},{"not_picked":["Sucker Punch","Bane"],"picked":"Deflect","floor":13},{"not_picked":["Setup","Bouncing Flask"],"picked":"Flying Knee","floor":14},{"not_picked":["Wraith Form v2","Doppelganger"],"picked":"Envenom","floor":16},{"not_picked":["Noxious Fumes+1","Bane+1"],"picked":"Infinite Blades","floor":18}],"player_experience":1097820,"relics_obtained":[{"floor":6,"key":"Vajra"},{"floor":9,"key":"Oddly Smooth Stone"},{"floor":14,"key":"Pantograph"},{"floor":19,"key":"Necronomicon"}],"event_choices":[{"cards_removed":["Strike_G"],"damage_healed":0,"gold_gain":0,"player_choice":"Card Removal","damage_taken":0,"max_hp_gain":0,"max_hp_loss":0,"event_name":"The Cleric","floor":3,"gold_loss":50},{"cards_removed":["Defend_G"],"damage_healed":0,"gold_gain":0,"player_choice":"Purged","damage_taken":0,"max_hp_gain":0,"max_hp_loss":0,"event_name":"Purifier","floor":4,"gold_loss":0},{"damage_healed":0,"gold_gain":30,"player_choice":"Searched \u00273\u0027 times","damage_taken":0,"max_hp_gain":0,"max_hp_loss":0,"event_name":"Dead Adventurer","floor":14,"gold_loss":0},{"damage_healed":0,"gold_gain":0,"player_choice":"Obtained Book","damage_taken":16,"max_hp_gain":0,"max_hp_loss":0,"event_name":"Cursed Tome","floor":19,"gold_loss":0},{"damage_healed":0,"gold_gain":0,"player_choice":"Fought Bandits","damage_taken":0,"max_hp_gain":0,"max_hp_loss":0,"event_name":"Masked Bandits","floor":20,"gold_loss":0}],"is_beta":false,"boss_relics":[{"not_picked":["Pandora\u0027s Box","HoveringKite"],"picked":"Ring of the Serpent"}],"items_purged_floors":[],"is_endless":false,"potions_floor_spawned":[2,5,6,12,13],"killed_by":"Masked Bandits","ascension_level":0}