{"gold_per_floor":[111,111,130,145,40,40,50,50,50,50,68,68,100,120,120,216,216,233,247,297,297,93,93,110,110,158,170,189,16,16,36,36,36],"floor_reached":33,"playtime":2301,"items_purged":["Strike_R","Defend_R"],"score":286,"play_id":"79a5c21a-2d7b-4037-823e-005405f17983","local_time":"20180804001709","is_ascension_mode":true,"campfire_choices":[{"data":"Cleave","floor":6,"key":"SMITH"},{"floor":8,"key":"REST"},{"data":"Flash of Steel","floor":10,"key":"SMITH"},{"data":"Clothesline","floor":12,"key":"SMITH"},{"data":"Thunderclap","floor":15,"key":"SMITH"},{"data":"Shrug It Off","floor":23,"key":"SMITH"},{"floor":25,"key":"REST"},{"floor":30,"key":"REST"},{"floor":32,"key":"REST"}],"neow_cost":"NONE","seed_source_timestamp":56010044452958,"circlet_count":0,"master_deck":["Strike_R+1","Strike_R+1","Strike_R+1","Strike_R","Defend_R","Defend_R","Defend_R+1","Bash","Clothesline+1","Cleave+1","Flash of Steel+1","Iron Wave","Thunderclap+1","Ghostly Armor+1","Shrug It Off+1","Rampage","Iron Wave","Cleave"],"relics":["Black Blood","Whetstone","Pear","Sundial","Champion Belt","Pen Nib"],"potions_floor_usage":[11,13,16,18,19,24,27,31,33,33],"damage_taken":[{"damage":6,"enemies":"Jaw Worm","floor":1,"turns":3},{"damage":9,"enemies":"Small Slimes","floor":3,"turns":4},{"damage":1,"enemies":"Cultist","floor":4,"turns":3},{"damage":7,"enemies":"Gremlin Gang","floor":7,"turns":4},{"damage":10,"enemies":"2 Fungi Beasts","floor":11,"turns":3},{"damage":6,"enemies":"Gremlin Nob","floor":13,"turns":4},{"damage":3,"enemies":"Red Slaver","floor":14,"turns":4},{"damage":68,"enemies":"The Guardian","floor":16,"turns":11},{"damage":16,"enemies":"2 Thieves","floor":18,"turns":4},{"damage":16,"enemies":"Shell Parasite","floor":19,"turns":5},{"damage":27,"enemies":"Snake Plant","floor":24,"turns":6},{"damage":30,"enemies":"Slaver and Parasite","floor":27,"turns":8},{"damage":25,"enemies":"Centurion and Healer","floor":28,"turns":6},{"damage":39,"enemies":"Sentry and Sphere","floor":31,"turns":7},{"damage":143,"enemies":"Automaton","floor":33,"turns":12}],"seed_played":"-5396822655103738395","potions_obtained":[{"floor":7,"key":"Fruit Juice"},{"floor":11,"key":"Fire Potion"},{"floor":14,"key":"SkillPotion"},{"floor":16,"key":"Weak Potion"},{"floor":18,"key":"Poison Potion"},{"floor":24,"key":"Ancient Potion"},{"floor":27,"key":"Regen Potion"},{"floor":28,"key":"Regen Potion"}],"is_trial":false,"path_per_floor":["M","?","M","M","$","R","M","R","T","R","M","R","E","M","R","B",null,"M","M","?","T","$","R","M","R","T","M","M","$","R","M","R"],"character_chosen":"IRONCLAD","items_purchased":["Flash of Steel","BloodPotion","Shrug It Off","Swift Potion","Cleave"],"campfire_rested":4,"item_purchase_floors":[5,22,22,29,29],"current_hp_per_floor":[80,64,61,66,66,66,65,80,90,90,91,91,91,94,94,32,95,89,83,83,83,83,83,75,95,95,75,60,60,88,72,95,0],"gold":36,"neow_bonus":"RANDOM_COMMON_RELIC","is_prod":false,"is_daily":false,"chose_seed":false,"campfire_upgraded":5,"win_rate":0,"timestamp":1533367029,"path_taken":["M","?","M","M","$","R","M","R","T","R","M","R","E","?","R","BOSS","M","?","?","?","$","R","M","R","T","?","M","$","R","M","R","BOSS"],"build_version":"2018-08-02","purchased_purges":2,"victory":false,"max_hp_per_floor":[80,80,80,80,80,80,80,80,90,90,95,95,95,95,95,95,95,95,95,95,95,95,95,95,95,95,95,95,95,95,95,95,95],"card_choices":[{"not_picked":["Twin Strike","Inflame"],"picked":"Clothesline","floor":1},{"not_picked":["Heavy Blade","Perfected Strike","Disarm"],"picked":"SKIP","floor":3},{"not_picked":["Combust","Blood for Blood"],"picked":"Cleave","floor":4},{"not_picked":["Headbutt","Body Slam","Armaments"],"picked":"SKIP","floor":7},{"not_picked":["Sever Soul","Anger","Uppercut"],"picked":"SKIP","floor":11},{"not_picked":["Metallicize","Entrench"],"picked":"Iron Wave","floor":13},{"not_picked":["Searing Blow","Dual Wield"],"picked":"Thunderclap","floor":14},{"not_picked":["Havoc+1","Flex","Anger"],"picked":"SKIP","floor":18},{"not_picked":["Carnage+1","Armaments+1"],"picked":"Ghostly Armor+1","floor":19},{"not_picked":["Seeing Red","Corruption+1","Combust"],"picked":"SKIP","floor":24},{"not_picked":["Warcry","Body Slam"],"picked":"Rampage","floor":27},{"not_picked":["Evolve+1","Bludgeon"],"picked":"Iron Wave","floor":28},{"not_picked":["Corruption","Thunderclap","True Grit"],"picked":"SKIP","floor":31}],"player_experience":182621,"relics_obtained":[{"floor":9,"key":"Pear"},{"floor":13,"key":"Sundial"},{"floor":21,"key":"Champion Belt"},{"floor":26,"key":"Pen Nib"}],"event_choices":[{"event_name":"Shining Light","player_choice":"Entered Light","floor":2,"damage_taken":0},{"event_name":"The Joust","player_choice":"Bet on Murderer","floor":20,"damage_taken":0}],"is_beta":false,"boss_relics":[{"not_picked":["Black Star","Orrery"],"picked":"Black Blood"}],"items_purged_floors":[22,29],"is_endless":false,"potions_floor_spawned":[7,11,14,16,18,24,27,28],"killed_by":"Automaton","ascension_level":1}