{"gold_per_floor":[114,114,39,39,39,69,79,108,108,108,163,238,255,255,255,255],"floor_reached":16,"playtime":844,"items_purged":[],"score":254,"play_id":"a036fd66-f9cf-458f-bcba-2587a0e7fc18","local_time":"20181014203006","is_ascension_mode":true,"campfire_choices":[{"data":"Searing Blow","floor":10,"key":"SMITH"},{"data":"Searing Blow+1","floor":15,"key":"SMITH"}],"neow_cost":"NONE","seed_source_timestamp":413916217188971,"circlet_count":0,"master_deck":["Strike_R","Strike_R","Strike_R","Strike_R","Defend_R","Defend_R","Defend_R","Defend_R","Bash","AscendersBane","Ghostly Armor","Searing Blow+2","Battle Trance","Cleave","Thunderclap","Flex","Parasite"],"relics":["Burning Blood","NeowsBlessing","Orichalcum","Ornamental Fan","Ancient Tea Set","Incense Burner","Bottled Flame","Tiny Chest"],"potions_floor_usage":[16,16],"damage_taken":[{"damage":0,"enemies":"Cultist","floor":1,"turns":1},{"damage":0,"enemies":"Gremlin Nob","floor":6,"turns":1},{"damage":0,"enemies":"Small Slimes","floor":7,"turns":1},{"damage":28,"enemies":"3 Sentries","floor":8,"turns":11},{"damage":22,"enemies":"Gremlin Nob","floor":11,"turns":4},{"damage":6,"enemies":"Jaw Worm","floor":13,"turns":3},{"damage":26,"enemies":"Hexaghost","floor":16,"turns":9}],"seed_played":"4379879151335119014","potions_obtained":[{"floor":6,"key":"SteroidPotion"},{"floor":8,"key":"Dexterity Potion"},{"floor":11,"key":"Poison Potion"}],"is_trial":false,"path_per_floor":["M","?","?","T","$","E","M","E","T","R","E","?","M","?","R"],"character_chosen":"IRONCLAD","items_purchased":[],"campfire_rested":0,"item_purchase_floors":[],"current_hp_per_floor":[74,56,56,56,56,62,68,46,46,46,30,19,19,37,37,11],"gold":255,"neow_bonus":"THREE_ENEMY_KILL","is_prod":false,"is_daily":false,"chose_seed":false,"campfire_upgraded":2,"win_rate":0,"timestamp":1539567006,"path_taken":["M","?","?","?","$","E","M","E","T","R","E","?","?","?","R","BOSS"],"build_version":"2018-10-11","purchased_purges":0,"victory":false,"max_hp_per_floor":[75,75,75,75,75,75,75,75,75,75,75,75,75,75,75,75],"card_choices":[{"not_picked":["Clash","True Grit"],"picked":"Ghostly Armor","floor":1},{"not_picked":["Flex","True Grit"],"picked":"Searing Blow","floor":6},{"not_picked":["Juggernaut","Perfected Strike"],"picked":"Battle Trance","floor":7},{"not_picked":["Intimidate","Flex"],"picked":"Cleave","floor":8},{"not_picked":["Sword Boomerang","Flex"],"picked":"Thunderclap","floor":11},{"not_picked":["Entrench","Fire Breathing"],"picked":"Flex","floor":13}],"player_experience":768269,"relics_obtained":[{"floor":4,"key":"Ornamental Fan"},{"floor":6,"key":"Ancient Tea Set"},{"floor":8,"key":"Incense Burner"},{"floor":9,"key":"Bottled Flame"},{"floor":11,"key":"Tiny Chest"}],"event_choices":[{"event_name":"Scrap Ooze","player_choice":"success","floor":2,"damage_taken":18},{"event_name":"The Cleric","player_choice":"Card Removal","floor":3,"damage_taken":0},{"event_name":"World of Goop","player_choice":"Gather Gold","floor":12,"damage_taken":0},{"event_name":"Mushrooms","player_choice":"Healed and dodged fight","floor":14,"damage_taken":0}],"is_beta":false,"boss_relics":[],"items_purged_floors":[],"is_endless":false,"potions_floor_spawned":[6,8,11],"killed_by":"Hexaghost","ascension_level":16}