{"gold_per_floor":[19,30,47,59,74,108,121,140,165,165,191,34,34,67,67,164,164,183,201,216,0,16,47,47,47,47,78,78,93,13,27,27,124,124,139,78,89,104,119,119,119,119],"floor_reached":42,"playtime":4394,"items_purged":["Defend_R","Defend_R"],"score":487,"play_id":"26c1fbcb-0d05-4ef9-a11c-e50252e6fb99","local_time":"20180727203303","is_ascension_mode":true,"campfire_choices":[{"floor":10,"key":"REST"},{"floor":13,"key":"REST"},{"data":"Fiend Fire","floor":15,"key":"SMITH"},{"floor":25,"key":"REST"},{"data":"Shockwave","floor":32,"key":"SMITH"},{"data":"Cleave","floor":40,"key":"SMITH"}],"neow_cost":"NO_GOLD","seed_source_timestamp":20313054832013,"circlet_count":0,"master_deck":["Strike_R+1","Defend_R","Defend_R","Bash","Fiend Fire+1","Searing Blow","Cleave+1","Clothesline","Cleave","Shockwave+1","Rampage+1","Impervious","Armaments+1","Flash of Steel","Battle Trance","Shrug It Off"],"relics":["Burning Blood","Pen Nib","Bag of Marbles","Ancient Tea Set","Oddly Smooth Stone","The Courier","Busted Crown","Whetstone","Boot","Happy Flower","Empty Cage"],"potions_floor_usage":[4,6,6,8,16,18,23,27,29,31,37,38,42,42],"damage_taken":[{"damage":1,"enemies":"Cultist","floor":1,"turns":3},{"damage":2,"enemies":"2 Louse","floor":2,"turns":3},{"damage":0,"enemies":"Small Slimes","floor":3,"turns":3},{"damage":9,"enemies":"Blue Slaver","floor":4,"turns":5},{"damage":0,"enemies":"3 Louse","floor":5,"turns":1},{"damage":38,"enemies":"Gremlin Nob","floor":6,"turns":6},{"damage":0,"enemies":"Gremlin Gang","floor":7,"turns":1},{"damage":4,"enemies":"Looter","floor":8,"turns":3},{"damage":16,"enemies":"Lagavulin","floor":11,"turns":5},{"damage":10,"enemies":"Gremlin Nob","floor":14,"turns":3},{"damage":30,"enemies":"Hexaghost","floor":16,"turns":7},{"damage":0,"enemies":"Shell Parasite","floor":18,"turns":3},{"damage":10,"enemies":"3 Byrds","floor":19,"turns":5},{"damage":6,"enemies":"Cultist and Chosen","floor":20,"turns":3},{"damage":11,"enemies":"Snecko","floor":22,"turns":4},{"damage":15,"enemies":"Slavers","floor":23,"turns":6},{"damage":11,"enemies":"Book of Stabbing","floor":27,"turns":4},{"damage":14,"enemies":"Centurion and Healer","floor":29,"turns":4},{"damage":0,"enemies":"Snake Plant","floor":31,"turns":2},{"damage":25,"enemies":"Automaton","floor":33,"turns":8},{"damage":16,"enemies":"3 Shapes","floor":35,"turns":2},{"damage":10,"enemies":"Flame Bruiser 1 Orb","floor":37,"turns":5},{"damage":3,"enemies":"Sphere and 2 Shapes","floor":38,"turns":4},{"damage":13,"enemies":"Maw","floor":39,"turns":8},{"damage":90,"enemies":"Time Eater","floor":42,"turns":13}],"seed_played":"381648631440511674","potions_obtained":[{"floor":2,"key":"Weak Potion"},{"floor":3,"key":"PowerPotion"},{"floor":4,"key":"Fire Potion"},{"floor":5,"key":"PowerPotion"},{"floor":8,"key":"Explosive Potion"},{"floor":16,"key":"Block Potion"},{"floor":19,"key":"Fire Potion"},{"floor":20,"key":"Swift Potion"},{"floor":23,"key":"Regen Potion"},{"floor":29,"key":"Energy Potion"},{"floor":33,"key":"AttackPotion"},{"floor":38,"key":"LiquidBronze"},{"floor":39,"key":"Fire Potion"}],"is_trial":false,"path_per_floor":["M","M","M","M","M","E","M","M","T","R","E","$","R","E","R","B",null,"M","M","M","$","M","E","?","R","T","E","?","M","$","M","R","B",null,"M","$","M","M","M","R","?"],"character_chosen":"IRONCLAD","items_purchased":["Oddly Smooth Stone","Flash of Steel","FairyPotion","Regen Potion"],"campfire_rested":3,"item_purchase_floors":[12,21,21,36],"current_hp_per_floor":[80,80,80,77,80,48,54,56,56,80,70,70,80,76,76,52,80,80,76,76,76,71,62,62,80,80,77,77,69,69,75,75,56,80,70,70,78,80,73,73,73,0],"gold":119,"neow_bonus":"TRANSFORM_TWO_CARDS","is_prod":false,"is_daily":false,"chose_seed":false,"campfire_upgraded":3,"win_rate":0,"timestamp":1532748783,"path_taken":["M","M","M","M","M","E","M","M","T","R","E","?","R","E","R","BOSS","M","M","M","$","M","E","?","R","T","E","?","M","$","M","R","BOSS","M","$","M","M","M","R","?","BOSS"],"build_version":"2018-07-26","purchased_purges":2,"victory":false,"max_hp_per_floor":[80,80,80,80,80,80,80,80,80,80,80,80,80,80,80,80,80,80,80,80,80,80,80,80,80,80,80,80,80,80,80,80,80,80,80,80,80,80,80,80,80,80],"card_choices":[{"not_picked":["Intimidate","Burning Pact"],"picked":"Cleave","floor":1},{"not_picked":["Dual Wield","Rage"],"picked":"Clothesline","floor":2},{"not_picked":["Anger","Flame Barrier"],"picked":"Cleave","floor":3},{"not_picked":["Anger","True Grit","Wild Strike"],"picked":"SKIP","floor":4},{"not_picked":["Flex","Infernal Blade","Searing Blow"],"picked":"SKIP","floor":5},{"not_picked":["Sword Boomerang","Wild Strike"],"picked":"Battle Trance","floor":6},{"not_picked":["Blood for Blood","Headbutt"],"picked":"Shockwave","floor":7},{"not_picked":["Body Slam","Rage","Spot Weakness"],"picked":"SKIP","floor":8},{"not_picked":["Dual Wield","Cleave","Fire Breathing"],"picked":"SKIP","floor":11},{"not_picked":["Havoc","Carnage"],"picked":"Rampage","floor":14},{"not_picked":["Brutality","Offering"],"picked":"Impervious","floor":16},{"not_picked":["Cleave+1"],"picked":"SKIP","floor":18},{"not_picked":["Cleave"],"picked":"SKIP","floor":19},{"not_picked":[],"picked":"Armaments+1","floor":20},{"not_picked":["Spot Weakness"],"picked":"SKIP","floor":22},{"not_picked":["Sword Boomerang"],"picked":"SKIP","floor":23},{"not_picked":["Perfected Strike+1"],"picked":"SKIP","floor":27},{"not_picked":["True Grit"],"picked":"SKIP","floor":29},{"not_picked":["Fiend Fire"],"picked":"SKIP","floor":31},{"not_picked":["Reckless Charge"],"picked":"SKIP","floor":35},{"not_picked":["Inflame+1"],"picked":"SKIP","floor":37},{"not_picked":["Fire Breathing"],"picked":"SKIP","floor":38},{"not_picked":["Wild Strike"],"picked":"SKIP","floor":39}],"player_experience":171807,"relics_obtained":[{"floor":6,"key":"Pen Nib"},{"floor":9,"key":"Bag of Marbles"},{"floor":11,"key":"Ancient Tea Set"},{"floor":14,"key":"The Courier"},{"floor":23,"key":"Whetstone"},{"floor":26,"key":"Boot"},{"floor":27,"key":"Happy Flower"}],"event_choices":[{"event_name":"Transmorgrifier","player_choice":"Transform","floor":24,"damage_taken":0},{"event_name":"The Library","player_choice":"Read","floor":28,"damage_taken":0},{"event_name":"SecretPortal","player_choice":"Took Portal.","floor":41,"damage_taken":0}],"is_beta":false,"boss_relics":[{"not_picked":["Runic Dome","Snecko Eye"],"picked":"Busted Crown"},{"not_picked":["Pandora\u0027s Box","Tiny House"],"picked":"Empty Cage"}],"items_purged_floors":[21,30],"is_endless":false,"potions_floor_spawned":[2,3,4,5,8,16,19,20,23,29,33,38,39],"killed_by":"Time Eater","ascension_level":1}