{"gold_per_floor":[116,134,146,146,162,194,194,226,226,257,268,283,300,326,326,424,424,440,453,453,469,22,48,48,48,75,95,113,127,143,45,45,140,140,155,83,95,55,72,99,118,118,145,165,182,182,182,193,193,193],"floor_reached":51,"playtime":5182,"items_purged":["Strike_B"],"score":1099,"play_id":"148a1d42-0610-4299-adf6-b6d817e5a932","local_time":"20190324115556","is_ascension_mode":true,"campfire_choices":[{"data":"Sweeping Beam","floor":7.0,"key":"SMITH"},{"floor":15.0,"key":"REST"},{"floor":24.0,"key":"REST"},{"floor":32.0,"key":"REST"},{"floor":42,"key":"REST"},{"floor":49,"key":"REST"}],"neow_cost":"NONE","seed_source_timestamp":0,"circlet_count":0,"master_deck":["AscendersBane","Strike_B","Defend_B","Defend_B","Defend_B","Zap+1","Dualcast+1","Chill","Sweeping Beam+1","Ball Lightning","Glacier","Barrage","Compile Driver","Capacitor","Leap","Consume","Ball Lightning","Capacitor","Echo Form","Auto Shields+1","Double Energy+1","Seek+1","Cold Snap","Defragment+1","Ball Lightning+1","Beam Cell","Turbo","Sweeping Beam+1","Glacier","Conserve Battery","Conserve Battery","Electrodynamics","Turbo+1","Capacitor","Barrage+1","Sweeping Beam+1","Ball Lightning+1","Lockon","Parasite","Ball Lightning+1","Fission","Fission","Rebound"],"special_seed":0,"relics":["Cracked Core","DataDisk","Emotion Chip","Incense Burner","Turnip","Odd Mushroom","Astrolabe","Shovel","Thread and Needle","Bronze Scales","Blood Vial","Vajra","Sozu","Boot","Bag of Preparation"],"potions_floor_usage":[],"damage_taken":[{"damage":9.0,"enemies":"Jaw Worm","floor":1.0,"turns":3.0},{"damage":0.0,"enemies":"2 Louse","floor":2.0,"turns":2.0},{"damage":0.0,"enemies":"Small Slimes","floor":3.0,"turns":3.0},{"damage":0.0,"enemies":"2 Fungi Beasts","floor":5.0,"turns":2.0},{"damage":4.0,"enemies":"3 Sentries","floor":6.0,"turns":6.0},{"damage":15.0,"enemies":"Lagavulin","floor":8.0,"turns":7.0},{"damage":9.0,"enemies":"Gremlin Nob","floor":10.0,"turns":3.0},{"damage":0.0,"enemies":"3 Louse","floor":11.0,"turns":2.0},{"damage":0.0,"enemies":"Gremlin Gang","floor":12.0,"turns":3.0},{"damage":12.0,"enemies":"Exordium Wildlife","floor":13.0,"turns":4.0},{"damage":8.0,"enemies":"The Mushroom Lair","floor":14.0,"turns":4.0},{"damage":7.0,"enemies":"Slime Boss","floor":16.0,"turns":5.0},{"damage":14.0,"enemies":"Shell Parasite","floor":18.0,"turns":7.0},{"damage":12.0,"enemies":"Spheric Guardian","floor":19.0,"turns":4.0},{"damage":21.0,"enemies":"Snake Plant","floor":21.0,"turns":4.0},{"damage":20.0,"enemies":"Book of Stabbing","floor":23.0,"turns":6.0},{"damage":4.0,"enemies":"3 Cultists","floor":27.0,"turns":3.0},{"damage":2.0,"enemies":"Shelled Parasite and Fungi","floor":28.0,"turns":4.0},{"damage":0.0,"enemies":"Snake Plant","floor":29.0,"turns":3.0},{"damage":0.0,"enemies":"Snecko","floor":30.0,"turns":4.0},{"damage":16.0,"enemies":"Automaton","floor":33.0,"turns":8.0},{"damage":4.0,"enemies":"3 Darklings","floor":35.0,"turns":4.0},{"damage":4.0,"enemies":"Orb Walker","floor":37.0,"turns":3.0},{"damage":19.0,"enemies":"Maw","floor":39.0,"turns":6.0},{"damage":28.0,"enemies":"Reptomancer","floor":40.0,"turns":6.0},{"damage":12,"enemies":"Transient","floor":41,"turns":5},{"damage":0,"enemies":"Writhing Mass","floor":44,"turns":6},{"damage":14,"enemies":"4 Shapes","floor":45,"turns":2},{"damage":7,"enemies":"Sphere and 2 Shapes","floor":48,"turns":4},{"damage":26,"enemies":"Time Eater","floor":50,"turns":11}],"seed_played":"676901901869641218","potions_obtained":[{"floor":1.0,"key":"Fire Potion"},{"floor":2.0,"key":"Fire Potion"},{"floor":6.0,"key":"PowerPotion"},{"floor":10.0,"key":"Explosive Potion"},{"floor":12.0,"key":"Strength Potion"},{"floor":16.0,"key":"SteroidPotion"},{"floor":28.0,"key":"Ancient Potion"},{"floor":33.0,"key":"Ancient Potion"}],"is_trial":false,"path_per_floor":["M","M","M","?","M","E","R","E","T","E","M","M","M","?","R","B",null,"M","M","?","M","$","E","R","?","T","M","M","M","M","$","R","B",null,"M","$","M","?","M","E","M","R","T","M","M","?","$","M","R","B",null],"character_chosen":"DEFECT","items_purchased":["Thread and Needle","Bronze Scales","Conserve Battery","Capacitor"],"campfire_rested":5,"item_purchase_floors":[22,22,31,36],"current_hp_per_floor":[66,66,66,66,66,62,62,47,47,38,38,38,26,18,42,35,70,56,44,44,23,23,3,27,27,27,25,25,27,29,29,53,39,71,69,69,67,67,50,24,14,38,38,40,28,28,28,23,47,23],"gold":193,"neow_bonus":"TEN_PERCENT_HP_BONUS","is_prod":false,"is_daily":false,"chose_seed":false,"campfire_upgraded":1,"win_rate":0,"timestamp":1553446556,"path_taken":["M","M","M","?","M","E","R","E","T","E","M","M","M","?","R","BOSS","M","M","?","M","$","E","R","?","T","M","M","M","M","$","R","BOSS","M","$","M","?","M","E","M","R","T","M","?","?","?","M","R","BOSS"],"build_version":"2019-01-23","purchased_purges":1,"victory":true,"max_hp_per_floor":[82,82,82,82,82,82,82,82,82,82,82,82,82,82,82,82,82,82,82,82,82,82,82,82,82,82,82,82,82,82,82,82,82,82,82,82,82,82,82,82,82,82,82,82,82,82,82,82,82,82],"card_choices":[{"not_picked":["Melter","Redo"],"picked":"Chill","floor":1.0},{"not_picked":["Recycle","Storm"],"picked":"Sweeping Beam","floor":2.0},{"not_picked":["Genetic Algorithm","Sweeping Beam"],"picked":"Ball Lightning","floor":3.0},{"not_picked":["Redo","Force Field"],"picked":"Glacier","floor":5.0},{"not_picked":["Auto Shields","Hologram"],"picked":"Barrage","floor":6.0},{"not_picked":["Biased Cognition","Turbo"],"picked":"Compile Driver","floor":8.0},{"not_picked":["Genetic Algorithm","Sunder"],"picked":"Capacitor","floor":10.0},{"not_picked":["Turbo","Sweeping Beam"],"picked":"Leap","floor":11.0},{"not_picked":["Go for the Eyes","Double Energy"],"picked":"Consume","floor":12.0},{"not_picked":["Fusion","Streamline"],"picked":"Ball Lightning","floor":13.0},{"not_picked":["Compile Driver","Leap"],"picked":"Capacitor","floor":14.0},{"not_picked":["Multi-Cast","Meteor Strike"],"picked":"Echo Form","floor":16.0},{"not_picked":["Storm","Rebound"],"picked":"Cold Snap","floor":18.0},{"not_picked":["Reinforced Body","Double Energy+1"],"picked":"Defragment+1","floor":19.0},{"not_picked":["Rebound","Coolheaded"],"picked":"Ball Lightning+1","floor":21.0},{"not_picked":["Streamline","Sweeping Beam"],"picked":"Beam Cell","floor":23.0},{"not_picked":["Reprogram","Gash"],"picked":"Turbo","floor":27.0},{"not_picked":["Stack","Turbo+1"],"picked":"Sweeping Beam+1","floor":28.0},{"not_picked":["Compile Driver+1","Thunder Strike"],"picked":"Glacier","floor":29.0},{"not_picked":["Heatsinks","Cold Snap"],"picked":"Conserve Battery","floor":30.0},{"not_picked":["Fission","Reboot"],"picked":"Electrodynamics","floor":33.0},{"not_picked":["Gash+1","Recycle+1"],"picked":"Turbo+1","floor":35.0},{"not_picked":["Compile Driver+1","Leap+1"],"picked":"Barrage+1","floor":37.0},{"not_picked":["Redo","Gash"],"picked":"Sweeping Beam+1","floor":39.0},{"not_picked":["Beam Cell","Leap"],"picked":"Ball Lightning+1","floor":40.0},{"not_picked":["Stack","Go for the Eyes+1"],"picked":"Lockon","floor":41},{"not_picked":["Hologram","Aggregate"],"picked":"Ball Lightning+1","floor":44},{"not_picked":["Barrage","Sweeping Beam"],"picked":"Fission","floor":45},{"not_picked":["Turbo","Melter+1"],"picked":"Rebound","floor":48}],"player_experience":1252355,"relics_obtained":[{"floor":6.0,"key":"DataDisk"},{"floor":8.0,"key":"Emotion Chip"},{"floor":9.0,"key":"Incense Burner"},{"floor":10.0,"key":"Turnip"},{"floor":14.0,"key":"Odd Mushroom"},{"floor":23.0,"key":"Blood Vial"},{"floor":26.0,"key":"Vajra"},{"floor":40.0,"key":"Boot"},{"floor":43,"key":"Bag of Preparation"}],"event_choices":[{"damage_healed":0.0,"max_hp_gain":0.0,"max_hp_loss":0.0,"gold_gain":0.0,"event_name":"Living Wall","player_choice":"Grow","floor":4.0,"gold_loss":0.0,"damage_taken":0.0,"cards_upgraded":["Zap"]},{"damage_healed":0.0,"max_hp_gain":0.0,"max_hp_loss":0.0,"gold_gain":0.0,"event_name":"Mushrooms","player_choice":"Fought Mushrooms","floor":14.0,"gold_loss":0.0,"damage_taken":0.0},{"damage_healed":0.0,"max_hp_gain":0.0,"max_hp_loss":0.0,"gold_gain":0.0,"event_name":"The Mausoleum","player_choice":"Opened","floor":20.0,"gold_loss":0.0,"damage_taken":0.0,"relics_obtained":["Shovel"]},{"damage_healed":0.0,"max_hp_gain":0.0,"max_hp_loss":0.0,"gold_gain":0.0,"event_name":"Beggar","player_choice":"Ignored","floor":25.0,"gold_loss":0.0,"damage_taken":0.0},{"damage_healed":0.0,"max_hp_gain":0.0,"max_hp_loss":0.0,"gold_gain":0.0,"event_name":"Designer","player_choice":"Upgrade","floor":38.0,"gold_loss":40.0,"damage_taken":0.0,"cards_upgraded":["Dualcast"]},{"damage_healed":0,"gold_gain":0,"player_choice":"Copied","damage_taken":0,"max_hp_gain":0,"max_hp_loss":0,"event_name":"Duplicator","floor":46,"gold_loss":0,"cards_obtained":["Fission"]}],"is_beta":false,"boss_relics":[{"not_picked":["Lizard Tail","White Beast Statue"],"picked":"Astrolabe"},{"not_picked":["Calling Bell","FrozenCore"],"picked":"Sozu"}],"items_purged_floors":[31],"is_endless":false,"potions_floor_spawned":[1,2,6,10,12,13,16,19,23,28,33,35,37,39,45],"ascension_level":11}