{"gold_per_floor":[115,130,130,100,115,115,132,132,132,132,150,150,163,187,187,187],"floor_reached":16,"playtime":719,"items_purged":[],"score":94,"play_id":"a65285c0-6bfc-4156-ae39-b0393dccc0a0","local_time":"20180710120224","is_ascension_mode":false,"campfire_choices":[{"data":"Fiend Fire","floor":6,"key":"SMITH"},{"data":"Searing Blow","floor":8,"key":"SMITH"},{"data":"Searing Blow+1","floor":15,"key":"SMITH"}],"neow_cost":"FIFTY_PERCENT_DAMAGE","seed_source_timestamp":1195741801758569,"circlet_count":0,"master_deck":["Strike_R","Strike_R","Strike_R","Strike_R","Defend_R","Defend_R","Defend_R","Defend_R","Bash","Fiend Fire+1","Heavy Blade","Seeing Red","Searing Blow+2","Pommel Strike","Shrug It Off+1","Flex+1"],"relics":["Burning Blood","Toxic Egg 2","Golden Idol","NlothsMask"],"potions_floor_usage":[2,11,16,16],"damage_taken":[{"damage":0,"enemies":"Cultist","floor":1,"turns":4},{"damage":0,"enemies":"Small Slimes","floor":2,"turns":1},{"damage":2,"enemies":"2 Louse","floor":5,"turns":2},{"damage":14,"enemies":"Gremlin Gang","floor":7,"turns":5},{"damage":8,"enemies":"Red Slaver","floor":11,"turns":2},{"damage":7,"enemies":"Blue Slaver","floor":13,"turns":2},{"damage":0,"enemies":"Looter","floor":14,"turns":3},{"damage":52,"enemies":"Hexaghost","floor":16,"turns":9}],"seed_played":"5959296780463903767","potions_obtained":[{"floor":1,"key":"Explosive Potion"},{"floor":4,"key":"LiquidBronze"},{"floor":4,"key":"GamblersBrew"},{"floor":5,"key":"Poison Potion"},{"floor":7,"key":"SkillPotion"}],"is_trial":false,"path_per_floor":["M","M","?","?","M","R","M","R","T","?","M","?","M","M","R"],"character_chosen":"IRONCLAD","items_purchased":[],"campfire_rested":0,"item_purchase_floors":[],"current_hp_per_floor":[46,52,52,52,56,56,48,48,48,48,46,46,45,51,51,0],"gold":187,"neow_bonus":"THREE_RARE_CARDS","is_prod":false,"is_daily":false,"chose_seed":false,"campfire_upgraded":3,"win_rate":0,"timestamp":1531242144,"path_taken":["M","?","?","?","M","R","?","R","T","?","M","?","M","M","R","BOSS"],"build_version":"2018-07-05","purchased_purges":0,"victory":false,"max_hp_per_floor":[80,80,80,80,80,80,80,80,80,74,74,74,74,74,74,74],"card_choices":[{"not_picked":["Reaper","Berserk"],"picked":"Fiend Fire","floor":0},{"not_picked":["True Grit","Body Slam","Blood for Blood"],"picked":"SKIP","floor":1},{"not_picked":["Headbutt","Armaments"],"picked":"Heavy Blade","floor":2},{"not_picked":["Headbutt","Heavy Blade"],"picked":"Seeing Red","floor":5},{"not_picked":["Havoc","Power Through"],"picked":"Searing Blow","floor":7},{"not_picked":["Rampage","Dark Embrace"],"picked":"Pommel Strike","floor":11},{"not_picked":["Twin Strike","Fire Breathing"],"picked":"Shrug It Off+1","floor":13},{"not_picked":["Perfected Strike","Cleave"],"picked":"Flex+1","floor":14}],"player_experience":129910,"relics_obtained":[{"floor":9,"key":"Toxic Egg 2"}],"event_choices":[{"event_name":"Bonfire Elementals","player_choice":"BASIC","floor":3,"damage_taken":0},{"event_name":"The Woman in Blue","player_choice":"Bought 2 Potions","floor":4,"damage_taken":0},{"event_name":"Golden Idol","player_choice":"Lose Max HP","floor":10,"damage_taken":0},{"event_name":"FaceTrader","player_choice":"Trade","floor":12,"damage_taken":0}],"boss_relics":[],"items_purged_floors":[],"is_endless":false,"potions_floor_spawned":[1,5,7],"killed_by":"Hexaghost","ascension_level":0}