{"gold_per_floor":[111,111,261,33,45,73,73,50,103,129,154,131,143,168,180,192],"floor_reached":16,"playtime":705,"items_purged":["Doubt"],"score":233,"play_id":"d5c92d80-e099-4932-a563-5a760e119120","local_time":"20190701140613","is_ascension_mode":true,"campfire_choices":[{"data":"After Image","floor":13,"key":"SMITH"},{"data":"Cloak And Dagger","floor":15,"key":"SMITH"}],"neow_cost":"CURSE","seed_source_timestamp":0,"circlet_count":0,"master_deck":["AscendersBane","Defend_G","Defend_G","Defend_G","Defend_G","Defend_G","Strike_G","Strike_G","Strike_G","Strike_G","Strike_G","Survivor","Neutralize","After Image+1","Blade Dance+1","Dagger Spray","Masterful Stab","Cloak And Dagger+1","Caltrops","Slice","Deflect"],"special_seed":0,"relics":["Ring of the Snake","PreservedInsect","Sundial","Bag of Marbles","MawBank"],"potions_floor_usage":[],"damage_taken":[{"damage":5.0,"enemies":"Small Slimes","floor":1.0,"turns":4.0},{"damage":0.0,"enemies":"2 Louse","floor":5.0,"turns":4.0},{"damage":14.0,"enemies":"Gremlin Nob","floor":6.0,"turns":4.0},{"damage":0.0,"enemies":"3 Sentries","floor":10.0,"turns":2.0},{"damage":0,"enemies":"Jaw Worm","floor":11,"turns":1},{"damage":4,"enemies":"2 Fungi Beasts","floor":14,"turns":3},{"damage":58,"enemies":"Slime Boss","floor":16,"turns":7}],"seed_played":"7118964249259683475","potions_obtained":[{"floor":5.0,"key":"GhostInAJar"},{"floor":6.0,"key":"SteroidPotion"}],"is_trial":false,"path_per_floor":["M","?","?","$","M","E","?","$","T","E","M","?","R","M","R","B"],"character_chosen":"THE_SILENT","items_purchased":["PreservedInsect","Cloak And Dagger"],"campfire_rested":0,"item_purchase_floors":[4,8],"current_hp_per_floor":[54,54,54,54,54,40,33,33,33,33,33,49,49,45,45,0],"gold":192,"neow_bonus":"THREE_RARE_CARDS","is_prod":false,"is_daily":false,"chose_seed":false,"campfire_upgraded":2,"win_rate":0,"timestamp":1562007973,"path_taken":["M","?","?","$","M","E","?","$","T","E","M","?","R","M","R","BOSS"],"build_version":"2019-01-23","purchased_purges":1,"victory":false,"max_hp_per_floor":[66,66,66,66,66,66,66,66,66,66,66,66,66,66,66,66],"card_choices":[{"not_picked":["Grand Finale","Phantasmal Killer"],"picked":"After Image","floor":0.0},{"not_picked":["Tactician","Backflip"],"picked":"Blade Dance","floor":1.0},{"not_picked":["PiercingWail","Crippling Poison"],"picked":"Dagger Spray","floor":5.0},{"not_picked":["Setup","Dodge and Roll"],"picked":"Masterful Stab","floor":6.0},{"not_picked":["Venomology","Endless Agony"],"picked":"Caltrops","floor":10.0},{"not_picked":["Quick Slash","Acrobatics"],"picked":"Slice","floor":11},{"not_picked":["Flying Knee","Sucker Punch"],"picked":"Deflect","floor":14}],"player_experience":1495300,"relics_obtained":[{"floor":6.0,"key":"Sundial"},{"floor":9.0,"key":"Bag of Marbles"},{"floor":10.0,"key":"MawBank"}],"event_choices":[{"damage_healed":0.0,"max_hp_gain":0.0,"max_hp_loss":0.0,"gold_gain":0.0,"event_name":"Living Wall","player_choice":"Grow","floor":2.0,"gold_loss":0.0,"damage_taken":0.0,"cards_upgraded":["Blade Dance"]},{"damage_healed":0.0,"max_hp_gain":0.0,"max_hp_loss":0.0,"gold_gain":150.0,"event_name":"Liars Game","player_choice":"AGREE","floor":3.0,"gold_loss":0.0,"damage_taken":0.0,"cards_obtained":["Doubt"]},{"cards_removed":["Decay"],"damage_healed":0.0,"max_hp_gain":0.0,"max_hp_loss":0.0,"gold_gain":0.0,"event_name":"Golden Wing","player_choice":"Card Removal","floor":7.0,"gold_loss":0.0,"damage_taken":7.0},{"damage_healed":16,"gold_gain":0,"player_choice":"Healed","damage_taken":0,"max_hp_gain":0,"max_hp_loss":0,"event_name":"The Cleric","floor":12,"gold_loss":35}],"is_beta":false,"boss_relics":[],"items_purged_floors":[4],"is_endless":false,"potions_floor_spawned":[5,6],"killed_by":"Slime Boss","ascension_level":15}