{"gold_per_floor":[113,123,123,141,141,141,174,174,174,195,219,234,254,273,273,372,435,450,450],"floor_reached":19,"playtime":1461,"items_purged":[],"score":303,"play_id":"7a7642a0-1021-47ae-af03-4b51b3a96541","local_time":"20181005200226","is_ascension_mode":true,"campfire_choices":[{"data":"Flame Barrier","floor":6,"key":"SMITH"},{"floor":8,"key":"REST"},{"floor":15,"key":"REST"}],"neow_cost":"","seed_source_timestamp":1383484823181817,"circlet_count":0,"master_deck":["Strike_R","Strike_R","Strike_R+1","Strike_R","Strike_R","Defend_R","Defend_R","Defend_R","Defend_R","Bash","AscendersBane","Shrug It Off","Flame Barrier+1","Injury","Headbutt","Decay","Wild Strike","Thunderclap","Perfected Strike","Juggernaut+1","Twin Strike","Shrug It Off","Shrug It Off"],"relics":["Burning Blood","Golden Idol","Kunai","Frozen Egg 2","Tiny House"],"potions_floor_usage":[10,14,18],"damage_taken":[{"damage":6,"enemies":"Jaw Worm","floor":1,"turns":4},{"damage":1,"enemies":"Small Slimes","floor":2,"turns":5},{"damage":0,"enemies":"Cultist","floor":4,"turns":5},{"damage":79,"enemies":"Gremlin Nob","floor":7,"turns":7},{"damage":2,"enemies":"Exordium Wildlife","floor":10,"turns":4},{"damage":13,"enemies":"Large Slime","floor":11,"turns":6},{"damage":5,"enemies":"Blue Slaver","floor":12,"turns":4},{"damage":14,"enemies":"Lots of Slimes","floor":13,"turns":5},{"damage":2,"enemies":"Exordium Thugs","floor":14,"turns":4},{"damage":47,"enemies":"Slime Boss","floor":16,"turns":12},{"damage":16,"enemies":"Spheric Guardian","floor":18,"turns":4},{"damage":22,"enemies":"Colosseum Slavers","floor":19,"turns":2}],"seed_played":"-4805574573815925011","potions_obtained":[{"floor":2,"key":"FairyPotion"},{"floor":7,"key":"SkillPotion"},{"floor":10,"key":"SteroidPotion"},{"floor":17,"key":"Fire Potion"}],"is_trial":false,"path_per_floor":["M","M","?","M","?","R","E","R","T","M","M","M","M","M","R","B",null,"M"],"character_chosen":"IRONCLAD","items_purchased":[],"campfire_rested":2,"item_purchase_floors":[],"current_hp_per_floor":[68,73,73,75,75,75,13,35,35,39,32,33,25,29,51,10,64,54,32],"gold":450,"neow_bonus":"","is_prod":false,"is_daily":false,"chose_seed":false,"campfire_upgraded":1,"win_rate":0,"timestamp":1538787746,"path_taken":["M","M","?","M","?","R","E","R","T","M","M","M","M","M","R","BOSS","M","?"],"build_version":"2018-10-04","purchased_purges":0,"victory":false,"max_hp_per_floor":[75,75,75,75,75,75,75,75,75,75,75,75,75,75,75,75,80,80,80],"card_choices":[{"not_picked":["Clothesline","Clash"],"picked":"Shrug It Off","floor":1},{"not_picked":["Cleave","Headbutt"],"picked":"Flame Barrier","floor":2},{"not_picked":["Twin Strike","Flex"],"picked":"Headbutt","floor":4},{"not_picked":["Exhume","Pummel"],"picked":"Wild Strike","floor":7},{"not_picked":["Armaments","Flex"],"picked":"Thunderclap","floor":10},{"not_picked":["Metallicize+1","Pommel Strike"],"picked":"Perfected Strike","floor":11},{"not_picked":["Sentinel","Warcry"],"picked":"Juggernaut+1","floor":12},{"not_picked":["Cleave","Warcry"],"picked":"Twin Strike","floor":13},{"not_picked":["Blood for Blood","Bloodletting","Searing Blow"],"picked":"SKIP","floor":14},{"not_picked":["Hemokinesis","Anger"],"picked":"Shrug It Off","floor":17},{"not_picked":["Second Wind","Exhume"],"picked":"Shrug It Off","floor":18}],"player_experience":700158,"relics_obtained":[{"floor":7,"key":"Kunai"},{"floor":9,"key":"Frozen Egg 2"}],"event_choices":[{"event_name":"Golden Idol","player_choice":"Take Wound","floor":3,"damage_taken":0},{"event_name":"Wheel of Change","player_choice":"Curse","floor":5,"damage_taken":0},{"event_name":"Colosseum","player_choice":"Fight","floor":19,"damage_taken":0}],"is_beta":false,"boss_relics":[{"not_picked":["Snecko Eye","Black Blood"],"picked":"Tiny House"}],"items_purged_floors":[],"is_endless":false,"potions_floor_spawned":[2,7,10],"killed_by":"Colosseum Slavers","ascension_level":15}