{"gold_per_floor":[110,126,31,31,31,31,65,84,84,104,139,154,154,182,182,253,253,273,53,65,80,80],"floor_reached":22,"playtime":1370,"items_purged":[],"score":340,"play_id":"c58914dd-66b6-4bf1-8ded-782a435704fa","local_time":"20180929214457","is_ascension_mode":true,"campfire_choices":[{"data":"Rampage","floor":6,"key":"SMITH"},{"floor":13,"key":"REST"},{"floor":15,"key":"REST"}],"neow_cost":"TEN_PERCENT_HP_LOSS","seed_source_timestamp":871144619018760,"circlet_count":0,"master_deck":["Strike_R","Strike_R+1","Strike_R","Strike_R","Defend_R","Defend_R","Defend_R","Bash","AscendersBane","Rampage+1","Body Slam+1","Madness","Anger","Iron Wave","Clothesline","Shrug It Off+1","Demon Form","Pommel Strike+1","Infernal Blade+1","Perfected Strike","Thunderclap"],"relics":["Burning Blood","Paper Frog","Whetstone","Bag of Preparation","Toxic Egg 2","Eternal Feather","Regal Pillow"],"potions_floor_usage":[8,14,16],"damage_taken":[{"damage":6,"enemies":"Jaw Worm","floor":1,"turns":5},{"damage":6,"enemies":"Cultist","floor":2,"turns":3},{"damage":30,"enemies":"Gremlin Nob","floor":7,"turns":4},{"damage":3,"enemies":"Small Slimes","floor":8,"turns":4},{"damage":12,"enemies":"Looter","floor":10,"turns":3},{"damage":30,"enemies":"3 Sentries","floor":11,"turns":8},{"damage":11,"enemies":"Blue Slaver","floor":12,"turns":3},{"damage":24,"enemies":"Gremlin Nob","floor":14,"turns":4},{"damage":52,"enemies":"Slime Boss","floor":16,"turns":13},{"damage":6,"enemies":"3 Byrds","floor":18,"turns":7},{"damage":20,"enemies":"Spheric Guardian","floor":20,"turns":4},{"damage":35,"enemies":"Centurion and Healer","floor":21,"turns":6},{"damage":0,"enemies":"Snake Plant","floor":22,"turns":1}],"seed_played":"-2432819003693991378","potions_obtained":[{"floor":1,"key":"Regen Potion"},{"floor":4,"key":"Ancient Potion"},{"floor":7,"key":"Explosive Potion"},{"floor":11,"key":"Dexterity Potion"},{"floor":12,"key":"BloodPotion"}],"is_trial":false,"path_per_floor":["M","M","$","?","?","R","E","M","T","M","E","M","R","E","R","B",null,"M","$","M","M"],"character_chosen":"IRONCLAD","items_purchased":["Madness","Regal Pillow","Infernal Blade+1"],"campfire_rested":2,"item_purchase_floors":[3,19,19],"current_hp_per_floor":[72,72,72,72,72,72,48,63,63,57,33,28,49,38,59,13,57,57,57,43,14,14],"gold":80,"neow_bonus":"REMOVE_TWO","is_prod":false,"is_daily":false,"chose_seed":false,"campfire_upgraded":1,"win_rate":0,"timestamp":1538275497,"path_taken":["M","M","$","?","?","R","E","?","T","M","E","M","R","E","R","BOSS","M","$","?","M","M"],"build_version":"2018-09-27","purchased_purges":0,"victory":false,"max_hp_per_floor":[72,72,72,72,72,72,72,72,72,72,72,72,72,72,72,72,72,72,72,72,72,72],"card_choices":[{"not_picked":["Intimidate","Flame Barrier"],"picked":"Rampage","floor":1},{"not_picked":["Flex","Sword Boomerang"],"picked":"Body Slam","floor":2},{"not_picked":["Whirlwind","Offering","Dual Wield"],"picked":"SKIP","floor":7},{"not_picked":["Metallicize","Searing Blow"],"picked":"Anger","floor":8},{"not_picked":["Twin Strike","Body Slam"],"picked":"Iron Wave","floor":10},{"not_picked":["Sword Boomerang","Havoc","Dual Wield"],"picked":"SKIP","floor":11},{"not_picked":["Heavy Blade","Dual Wield"],"picked":"Clothesline","floor":12},{"not_picked":["Perfected Strike","Clash"],"picked":"Shrug It Off","floor":14},{"not_picked":["Limit Break+1","Barricade"],"picked":"Demon Form","floor":16},{"not_picked":["Searing Blow","Clash"],"picked":"Pommel Strike+1","floor":18},{"not_picked":["Carnage","Clash"],"picked":"Perfected Strike","floor":20},{"not_picked":["Cleave+1","Burning Pact+1"],"picked":"Thunderclap","floor":21}],"player_experience":673523,"relics_obtained":[{"floor":7,"key":"Paper Frog"},{"floor":9,"key":"Whetstone"},{"floor":11,"key":"Bag of Preparation"},{"floor":14,"key":"Toxic Egg 2"}],"event_choices":[{"event_name":"The Lab","player_choice":"Got Potions","floor":4,"damage_taken":0},{"event_name":"Liars Game","player_choice":"disagreed","floor":5,"damage_taken":0}],"is_beta":false,"boss_relics":[{"not_picked":["Ectoplasm","Calling Bell"],"picked":"Eternal Feather"}],"items_purged_floors":[],"is_endless":false,"potions_floor_spawned":[1,7,11,12],"killed_by":"Snake Plant","ascension_level":13}