{"gold_per_floor":[110,110,120,133,150,181,181,132,132,146,146,164,164,129,129,226,226,243,243,253,253,263,263,263],"floor_reached":24,"playtime":1839,"items_purged":[],"score":384,"play_id":"156cc6f1-27c1-4c79-9585-84d494f24777","local_time":"20181115223301","is_ascension_mode":true,"campfire_choices":[{"data":"Zap","floor":7,"key":"SMITH"},{"data":"Darkness","floor":11,"key":"SMITH"},{"floor":15,"key":"REST"},{"floor":23,"key":"REST"}],"neow_cost":"NONE","seed_source_timestamp":165349875821503,"circlet_count":0,"master_deck":["AscendersBane","Strike_B","Strike_B","Strike_B","Defend_B","Defend_B","Defend_B","Defend_B","Zap+1","Dualcast","Sweeping Beam","Good Instincts","Darkness+1","Leap","Ball Lightning","Doom and Gloom","Conserve Battery","Buffer","Steam","Biased Cognition","Genetic Algorithm+1","Necronomicurse","Steam"],"relics":["Cracked Core","Ancient Tea Set","Matryoshka","Busted Crown","Necronomicon"],"potions_floor_usage":[10,12,22],"damage_taken":[{"damage":8,"enemies":"2 Louse","floor":1,"turns":3},{"damage":0,"enemies":"Cultist","floor":3,"turns":3},{"damage":2,"enemies":"Jaw Worm","floor":4,"turns":4},{"damage":0,"enemies":"Large Slime","floor":5,"turns":4},{"damage":16,"enemies":"Lagavulin","floor":6,"turns":7},{"damage":6,"enemies":"Looter","floor":10,"turns":3},{"damage":0,"enemies":"Exordium Wildlife","floor":12,"turns":2},{"damage":0,"enemies":"Slime Boss","floor":16,"turns":7},{"damage":21,"enemies":"Shell Parasite","floor":18,"turns":6},{"damage":1,"enemies":"3 Byrds","floor":20,"turns":3},{"damage":17,"enemies":"3 Cultists","floor":22,"turns":5},{"damage":22,"enemies":"Chosen and Byrds","floor":24,"turns":5}],"seed_played":"-622007366202821052","potions_obtained":[{"floor":1,"key":"Dexterity Potion"},{"floor":3,"key":"SteroidPotion"},{"floor":10,"key":"Explosive Potion"},{"floor":16,"key":"Fire Potion"}],"is_trial":false,"path_per_floor":["M","?","M","M","M","E","R","$","T","M","R","M","$","?","R","B",null,"M","?","M","?","M","R","M"],"character_chosen":"DEFECT","items_purchased":["Conserve Battery"],"campfire_rested":2,"item_purchase_floors":[8],"current_hp_per_floor":[60,60,60,58,58,42,42,42,42,36,36,36,36,54,75,75,75,54,38,37,23,6,30,8],"gold":263,"neow_bonus":"REMOVE_CARD","is_prod":false,"is_daily":false,"chose_seed":false,"campfire_upgraded":2,"win_rate":0,"timestamp":1542342781,"path_taken":["M","?","M","M","M","E","R","?","T","M","R","?","$","?","R","BOSS","M","?","M","?","M","R","M"],"build_version":"2018-11-15","purchased_purges":0,"victory":false,"max_hp_per_floor":[75,75,75,75,75,75,75,75,75,75,75,75,75,75,75,75,75,75,75,75,80,80,80,80],"card_choices":[{"not_picked":["Rebound","Gash"],"picked":"Sweeping Beam","floor":1},{"not_picked":["Stack","Reinforced Body"],"picked":"Darkness","floor":3},{"not_picked":["Compile Driver","Stack"],"picked":"Leap","floor":4},{"not_picked":["Hologram","Static Discharge"],"picked":"Ball Lightning","floor":5},{"not_picked":["Reprogram","Turbo"],"picked":"Doom and Gloom","floor":6},{"not_picked":["Conserve Battery","Storm"],"picked":"Buffer","floor":10},{"not_picked":["Rebound","Gash"],"picked":"Steam","floor":12},{"not_picked":["Creative AI","All For One"],"picked":"Biased Cognition","floor":16},{"not_picked":[],"picked":"Genetic Algorithm+1","floor":18},{"not_picked":[],"picked":"Steam","floor":20},{"not_picked":["Hologram"],"picked":"SKIP","floor":22}],"player_experience":1016382,"relics_obtained":[{"floor":6,"key":"Ancient Tea Set"},{"floor":9,"key":"Matryoshka"},{"floor":19,"key":"Necronomicon"}],"event_choices":[{"damage_healed":0,"gold_gain":0,"player_choice":"1 cards matched","damage_taken":0,"max_hp_gain":0,"max_hp_loss":0,"event_name":"Match and Keep!","floor":2,"gold_loss":0,"cards_obtained":["Good Instincts"]},{"damage_healed":18,"gold_gain":0,"player_choice":"Healed","damage_taken":0,"max_hp_gain":0,"max_hp_loss":0,"event_name":"The Cleric","floor":14,"gold_loss":35},{"damage_healed":0,"gold_gain":0,"player_choice":"Obtained Book","damage_taken":16,"max_hp_gain":0,"max_hp_loss":0,"event_name":"Cursed Tome","floor":19,"gold_loss":0},{"damage_healed":0,"gold_gain":0,"player_choice":"Shed Blood","damage_taken":19,"max_hp_gain":5,"max_hp_loss":0,"event_name":"Forgotten Altar","floor":21,"gold_loss":0}],"is_beta":false,"boss_relics":[{"not_picked":["FrozenCore","Pandora\u0027s Box"],"picked":"Busted Crown"}],"items_purged_floors":[],"is_endless":false,"potions_floor_spawned":[1,3,10,16,18],"killed_by":"Chosen and Byrds","ascension_level":11}