{"gold_per_floor":[111,129,146,96,196,121,121,135,135,135,154,183,183,199,199,299,299,315,315,215,231,231,231,242,242,267,267,292,311,311,311,311,411,411,422,144,162,181,194,228,228,277,277,277,311,325,325,325,325,325,325,325,24,52,52],"floor_reached":56,"playtime":5902,"items_purged":["Dualcast","Defend_B","Defend_B"],"score":1275,"play_id":"b4d0177a-aae6-4e25-a7b3-b833aea60339","local_time":"20190402170700","is_ascension_mode":false,"campfire_choices":[{"data":"Zap","floor":7.0,"key":"SMITH"},{"data":"Defend_B","floor":10.0,"key":"SMITH"},{"floor":13.0,"key":"REST"},{"floor":15.0,"key":"REST"},{"data":"Glacier","floor":23.0,"key":"SMITH"},{"data":"Defragment","floor":25.0,"key":"SMITH"},{"floor":27.0,"key":"REST"},{"data":"RitualDagger","floor":30.0,"key":"SMITH"},{"floor":32.0,"key":"RECALL"},{"data":"Blizzard","floor":41.0,"key":"SMITH"},{"floor":49,"key":"REST"},{"data":"Echo Form","floor":52,"key":"SMITH"}],"neow_cost":"PERCENT_DAMAGE","seed_source_timestamp":0,"circlet_count":0,"master_deck":["Defend_B+1","Zap+1","Capacitor","Machine Learning","Reboot","RitualDagger+1","FTL","Glacier+1","Defragment+1","Echo Form+1","Blizzard+1","Loop","Echo Form"],"special_seed":0,"relics":["Cracked Core","FossilizedHelix","Inserter","Art of War","Singing Bowl","Cursed Key","DataDisk","Emotion Chip","Calipers","Bronze Scales","Happy Flower","Boot"],"potions_floor_usage":[50,55],"damage_taken":[{"damage":1.0,"enemies":"Cultist","floor":1.0,"turns":3.0},{"damage":0.0,"enemies":"Small Slimes","floor":2.0,"turns":4.0},{"damage":2.0,"enemies":"2 Louse","floor":3.0,"turns":2.0},{"damage":0.0,"enemies":"Looter","floor":8.0,"turns":3.0},{"damage":3.0,"enemies":"Exordium Wildlife","floor":11.0,"turns":3.0},{"damage":25.0,"enemies":"Gremlin Nob","floor":12.0,"turns":4.0},{"damage":2.0,"enemies":"Blue Slaver","floor":14.0,"turns":3.0},{"damage":28.0,"enemies":"The Guardian","floor":16.0,"turns":12.0},{"damage":8.0,"enemies":"Chosen","floor":18.0,"turns":5.0},{"damage":30.0,"enemies":"2 Thieves","floor":21.0,"turns":4.0},{"damage":1.0,"enemies":"3 Cultists","floor":24.0,"turns":8.0},{"damage":0.0,"enemies":"Book of Stabbing","floor":28.0,"turns":9.0},{"damage":0.0,"enemies":"Sentry and Sphere","floor":29.0,"turns":6.0},{"damage":0.0,"enemies":"Champ","floor":33.0,"turns":15.0},{"damage":0.0,"enemies":"3 Darklings","floor":35.0,"turns":7.0},{"damage":0.0,"enemies":"Orb Walker","floor":37.0,"turns":5.0},{"damage":14.0,"enemies":"Writhing Mass","floor":38.0,"turns":6.0},{"damage":0.0,"enemies":"Sphere and 2 Shapes","floor":39.0,"turns":4.0},{"damage":0.0,"enemies":"Reptomancer","floor":40.0,"turns":6.0},{"damage":29.0,"enemies":"2 Orb Walkers","floor":42.0,"turns":5.0},{"damage":6.0,"enemies":"Nemesis","floor":45.0,"turns":9.0},{"damage":0.0,"enemies":"4 Shapes","floor":46.0,"turns":4.0},{"damage":2,"enemies":"Awakened One","floor":50,"turns":12},{"damage":7,"enemies":"Shield and Spear","floor":54,"turns":5},{"damage":60,"enemies":"The Heart","floor":55,"turns":9}],"seed_played":"-2354610134736160555","potions_obtained":[{"floor":3.0,"key":"SteroidPotion"},{"floor":8.0,"key":"FocusPotion"},{"floor":12.0,"key":"LiquidBronze"},{"floor":16.0,"key":"AttackPotion"},{"floor":21.0,"key":"SpeedPotion"},{"floor":28.0,"key":"Explosive Potion"},{"floor":33.0,"key":"GamblersBrew"},{"floor":37.0,"key":"Explosive Potion"},{"floor":38.0,"key":"Weak Potion"},{"floor":42.0,"key":"SteroidPotion"},{"floor":45.0,"key":"Regen Potion"},{"floor":46.0,"key":"PowerPotion"},{"floor":54,"key":"Ancient Potion"}],"is_trial":false,"path_per_floor":["M","M","M","?","?","$","R","M","T","R","M","E","R","M","R","B",null,"M","?","$","M","?","R","M","R","T","R","E","M","R","?","R","B",null,"M","$","M","M","M","E","R","?","T","?","E","M","T","?","R","B",null,"R","$","E","B",null],"character_chosen":"DEFECT","items_purchased":["DataDisk","Echo Form","Happy Flower"],"campfire_rested":4,"item_purchase_floors":[36,53,53],"current_hp_per_floor":[53,53,51,51,51,51,51,51,51,51,48,23,45,43,65,37,75,67,61,61,31,31,31,30,30,30,52,54,56,56,56,56,56,79,81,81,83,69,71,71,71,44,44,46,42,44,44,44,71,84,93,93,93,88,28],"gold":52,"neow_bonus":"REMOVE_TWO","is_prod":false,"is_daily":false,"chose_seed":false,"campfire_upgraded":7,"win_rate":0,"timestamp":1554217620,"path_taken":["M","M","?","?","?","$","R","M","T","R","M","E","R","?","R","BOSS","M","?","$","M","?","R","M","R","T","R","E","M","R","?","R","BOSS","M","$","M","M","M","E","R","?","T","?","E","M","?","?","R","BOSS","R","$","E","BOSS"],"build_version":"2019-01-23","purchased_purges":3,"victory":true,"max_hp_per_floor":[75,75,75,75,75,75,75,75,75,75,75,75,75,75,75,75,75,75,75,75,75,75,75,75,75,75,75,77,79,79,79,79,79,79,81,81,83,83,85,85,85,87,87,89,91,93,93,93,93,93,93,93,93,95,95],"card_choices":[{"not_picked":["Streamline","Undo","Beam Cell"],"picked":"SKIP","floor":1.0},{"not_picked":["Cold Snap","Steam","Scrape"],"picked":"SKIP","floor":2.0},{"not_picked":["Gash","Stack","Heatsinks"],"picked":"SKIP","floor":3.0},{"not_picked":["Cold Snap","Fusion","Stack"],"picked":"SKIP","floor":8.0},{"not_picked":["Hello World","Heatsinks","Gash"],"picked":"SKIP","floor":11.0},{"not_picked":["Cold Snap","FTL"],"picked":"Capacitor","floor":12.0},{"not_picked":["Hello World","Loop"],"picked":"Machine Learning","floor":14.0},{"not_picked":["Buffer","Meteor Strike"],"picked":"Reboot","floor":16.0},{"not_picked":["Go for the Eyes+1","Force Field+1","Hello World+1"],"picked":"SKIP","floor":18.0},{"not_picked":["Gash","Sweeping Beam","Go for the Eyes"],"picked":"SKIP","floor":21.0},{"not_picked":["Beam Cell","Melter"],"picked":"Defragment","floor":24.0},{"not_picked":["Scrape","Double Energy","Doom and Gloom+1"],"picked":"Singing Bowl","floor":28.0},{"not_picked":["Ball Lightning","Cold Snap","FTL"],"picked":"Singing Bowl","floor":29.0},{"not_picked":["Electrodynamics","Seek"],"picked":"Echo Form","floor":33.0},{"not_picked":["Ball Lightning","Hologram+1","Stack"],"picked":"Singing Bowl","floor":35.0},{"not_picked":["Turbo","Storm","Beam Cell"],"picked":"Singing Bowl","floor":37.0},{"not_picked":["Glacier","Reprogram+1"],"picked":"Blizzard","floor":38.0},{"not_picked":["Leap+1","Force Field","Go for the Eyes"],"picked":"Singing Bowl","floor":39.0},{"not_picked":["Coolheaded","Self Repair"],"picked":"Loop","floor":40.0},{"not_picked":["Rebound","Coolheaded","Loop"],"picked":"Singing Bowl","floor":42.0},{"not_picked":["Swift Strike","Chrysalis","Deep Breath"],"picked":"Singing Bowl","floor":44.0},{"not_picked":["Biased Cognition","Streamline","Steam Power"],"picked":"Singing Bowl","floor":45.0},{"not_picked":["Hologram","Cold Snap+1","Tempest+1"],"picked":"Singing Bowl","floor":46.0},{"not_picked":["Chaos","Cold Snap+1","Genetic Algorithm+1"],"picked":"Singing Bowl","floor":54}],"player_experience":273331,"relics_obtained":[{"floor":12.0,"key":"FossilizedHelix"},{"floor":26.0,"key":"Art of War"},{"floor":28.0,"key":"Singing Bowl"},{"floor":40.0,"key":"Emotion Chip"},{"floor":42.0,"key":"Calipers"},{"floor":45.0,"key":"Bronze Scales"},{"floor":54,"key":"Boot"}],"event_choices":[{"cards_removed":["Strike_B"],"damage_healed":0.0,"max_hp_gain":0.0,"max_hp_loss":0.0,"gold_gain":0.0,"event_name":"The Cleric","player_choice":"Card Removal","floor":4.0,"gold_loss":50.0,"damage_taken":0.0},{"damage_healed":0.0,"max_hp_gain":0.0,"max_hp_loss":0.0,"gold_gain":100.0,"event_name":"Golden Shrine","player_choice":"Pray","floor":5.0,"gold_loss":0.0,"damage_taken":0.0},{"damage_healed":0.0,"max_hp_gain":0.0,"max_hp_loss":0.0,"gold_gain":0.0,"event_name":"Nest","player_choice":"Joined the Cult","floor":19.0,"gold_loss":0.0,"damage_taken":6.0,"cards_obtained":["RitualDagger"]},{"damage_healed":0.0,"max_hp_gain":0.0,"max_hp_loss":0.0,"gold_gain":0.0,"cards_transformed":["Strike_B","Strike_B"],"event_name":"Drug Dealer","player_choice":"Became Test Subject","floor":22.0,"gold_loss":0.0,"damage_taken":0.0,"cards_obtained":["FTL","Glacier"]},{"damage_healed":0.0,"max_hp_gain":0.0,"max_hp_loss":0.0,"gold_gain":0.0,"event_name":"Ghosts","player_choice":"Ignored","floor":31.0,"gold_loss":0.0,"damage_taken":0.0},{"damage_healed":0.0,"max_hp_gain":0.0,"max_hp_loss":0.0,"gold_gain":0.0,"event_name":"Mysterious Sphere","player_choice":"Fight","floor":42.0,"gold_loss":0.0,"damage_taken":0.0},{"damage_healed":0.0,"max_hp_gain":0.0,"max_hp_loss":0.0,"gold_gain":0.0,"event_name":"SensoryStone","player_choice":"Memory 1","floor":44.0,"gold_loss":0.0,"damage_taken":0.0},{"damage_healed":0,"gold_gain":0,"player_choice":"Ignored","damage_taken":0,"max_hp_gain":0,"max_hp_loss":0,"event_name":"The Moai Head","floor":48,"gold_loss":0}],"is_beta":false,"boss_relics":[{"not_picked":["FrozenCore","Runic Pyramid"],"picked":"Inserter"},{"not_picked":["Velvet Choker","Eternal Feather"],"picked":"Cursed Key"}],"items_purged_floors":[6,20,36],"is_endless":false,"potions_floor_spawned":[3,8,12,16,21,28,33,37,38,42,45,46,54],"ascension_level":0}