{"gold_per_floor":[18,34,34,47,59,59,87,87,113,145,162,175,175,175,175,175],"floor_reached":16,"playtime":1722,"items_purged":[],"score":140,"play_id":"1c994bcd-6bac-431b-9e07-fa086300bd7f","local_time":"20190626183935","is_ascension_mode":true,"campfire_choices":[{"data":"Burst","floor":6,"key":"SMITH"},{"data":"Neutralize","floor":8,"key":"SMITH"},{"floor":13,"key":"REST"},{"data":"Footwork","floor":15,"key":"SMITH"}],"neow_cost":"NO_GOLD","seed_source_timestamp":110054582679700,"circlet_count":0,"master_deck":["Defend_G","Defend_G","Defend_G","Defend_G","Defend_G","Strike_G","Strike_G","Survivor","Neutralize+1","Burst+1","Predator","Outmaneuver","Acrobatics","Footwork+1"],"relics":["Ring of the Snake","Vajra","Bag of Preparation","Omamori","Bag of Marbles"],"potions_floor_usage":[7,7,11,12],"damage_taken":[{"damage":6,"enemies":"Cultist","floor":1,"turns":4},{"damage":0,"enemies":"2 Louse","floor":2,"turns":3},{"damage":1,"enemies":"Jaw Worm","floor":4,"turns":6},{"damage":0,"enemies":"Blue Slaver","floor":5,"turns":7},{"damage":7,"enemies":"3 Sentries","floor":7,"turns":16},{"damage":45,"enemies":"Gremlin Nob","floor":10,"turns":6},{"damage":10,"enemies":"Exordium Thugs","floor":11,"turns":8},{"damage":0,"enemies":"Large Slime","floor":12,"turns":12},{"damage":2,"enemies":"Hexaghost","floor":16,"turns":7}],"seed_played":"-1831557208028320871","potions_obtained":[{"floor":1,"key":"SpeedPotion"},{"floor":2,"key":"PowerPotion"},{"floor":5,"key":"SteroidPotion"},{"floor":10,"key":"Poison Potion"}],"is_trial":false,"path_per_floor":["M","M","?","M","M","R","E","R","T","E","M","M","R","?","R","B"],"character_chosen":"THE_SILENT","items_purchased":[],"campfire_rested":1,"item_purchase_floors":[],"current_hp_per_floor":[64,64,64,63,63,63,56,56,56,11,1,1,22,10,10,8],"gold":175,"neow_bonus":"TRANSFORM_TWO_CARDS","is_prod":false,"is_daily":false,"chose_seed":false,"campfire_upgraded":3,"win_rate":0,"timestamp":1561588775,"path_taken":["M","?","?","M","?","R","E","R","T","E","M","M","R","?","R","BOSS"],"build_version":"2019-01-23","purchased_purges":0,"victory":false,"max_hp_per_floor":[70,70,70,70,70,70,70,70,70,70,70,70,70,70,70,70],"card_choices":[{"not_picked":["Accuracy","Sucker Punch","Endless Agony"],"picked":"SKIP","floor":1},{"not_picked":["Concentrate","Quick Slash","Riddle With Holes"],"picked":"SKIP","floor":2},{"not_picked":["Deadly Poison","Cloak And Dagger","Crippling Poison"],"picked":"SKIP","floor":4},{"not_picked":["Sucker Punch","Flying Knee"],"picked":"Acrobatics","floor":5},{"not_picked":["Underhanded Strike","Endless Agony","Quick Slash"],"picked":"SKIP","floor":7},{"not_picked":["Heel Hook","Flying Knee","Predator"],"picked":"SKIP","floor":10},{"not_picked":["Catalyst","Deadly Poison"],"picked":"Footwork","floor":11},{"not_picked":["Accuracy","Eviscerate","Poisoned Stab"],"picked":"SKIP","floor":12}],"player_experience":68777,"relics_obtained":[{"floor":7,"key":"Vajra"},{"floor":9,"key":"Bag of Preparation"},{"floor":10,"key":"Omamori"}],"event_choices":[{"damage_healed":0,"gold_gain":0,"cards_transformed":["Strike_G"],"player_choice":"Transformed","damage_taken":0,"max_hp_gain":0,"max_hp_loss":0,"event_name":"Transmorgrifier","floor":3,"gold_loss":0,"cards_obtained":["Outmaneuver"]},{"damage_healed":0,"gold_gain":0,"player_choice":"Success","damage_taken":12,"relics_obtained":["Bag of Marbles"],"max_hp_gain":0,"max_hp_loss":0,"event_name":"Scrap Ooze","floor":14,"gold_loss":0}],"is_beta":false,"boss_relics":[],"items_purged_floors":[],"is_endless":false,"potions_floor_spawned":[1,2,5,10],"killed_by":"Hexaghost","ascension_level":5}