{"gold_per_floor":[112,112,112,112,112,144,144,159,159,174,188,198,231,247,247,346,346,366,383,383,306,74,109,109,9,34,66,66,16,16,31,31,31],"floor_reached":33,"playtime":2212,"items_purged":["Strike_R","Defend_R"],"score":320,"play_id":"7884b44d-c503-4a5e-ac08-0dc318b44fcf","local_time":"20180701065501","is_ascension_mode":false,"campfire_choices":[{"floor":7,"key":"REST"},{"data":"Body Slam","floor":15,"key":"SMITH"},{"data":"Flex","floor":24,"key":"SMITH"},{"data":"Whirlwind","floor":28,"key":"SMITH"},{"data":"Heavy Blade","floor":32,"key":"SMITH"}],"neow_cost":"NONE","seed_source_timestamp":1162796977940078,"circlet_count":0,"master_deck":["Strike_R","Strike_R","Strike_R","Strike_R+1","Defend_R+1","Defend_R","Defend_R","Bash","Demon Form","Body Slam+1","Cleave","Shockwave","Twin Strike+1","Power Through","Whirlwind+1","Headbutt","Pommel Strike+1","Flex+1","Anger","Rampage","Cleave","Immolate","Sever Soul+1","Heavy Blade+1","Cleave","Iron Wave","J.A.X.","Battle Trance+1","Iron Wave","Iron Wave+1"],"relics":["Burning Blood","Prayer Wheel","Anchor","Omamori","Question Card","Mark of Pain","Whetstone","Sundial","Oddly Smooth Stone","Self Forming Clay"],"potions_floor_usage":[6,12,14,14,16,18,23,30,33],"damage_taken":[{"damage":10,"enemies":"Jaw Worm","floor":1,"turns":5},{"damage":18,"enemies":"Lagavulin","floor":6,"turns":6},{"damage":2,"enemies":"Small Slimes","floor":8,"turns":3},{"damage":0,"enemies":"2 Louse","floor":10,"turns":2},{"damage":0,"enemies":"Exordium Wildlife","floor":11,"turns":2},{"damage":0,"enemies":"3 Louse","floor":12,"turns":2},{"damage":1,"enemies":"3 Sentries","floor":13,"turns":5},{"damage":17,"enemies":"Large Slime","floor":14,"turns":4},{"damage":72,"enemies":"The Guardian","floor":16,"turns":9},{"damage":0,"enemies":"Shell Parasite","floor":18,"turns":4},{"damage":10,"enemies":"2 Thieves","floor":19,"turns":3},{"damage":12,"enemies":"Slavers","floor":23,"turns":4},{"damage":3,"enemies":"Gremlin Leader","floor":27,"turns":5},{"damage":0,"enemies":"Centurion and Healer","floor":30,"turns":1},{"damage":8,"enemies":"Snake Plant","floor":31,"turns":3},{"damage":90,"enemies":"Automaton","floor":33,"turns":8}],"seed_played":"8910487044370400246","potions_obtained":[{"floor":4,"key":"Block Potion"},{"floor":4,"key":"SmokeBomb"},{"floor":4,"key":"Explosive Potion"},{"floor":10,"key":"SkillPotion"},{"floor":13,"key":"PowerPotion"},{"floor":14,"key":"FearPotion"},{"floor":16,"key":"AttackPotion"},{"floor":19,"key":"SteroidPotion"},{"floor":31,"key":"BloodPotion"}],"is_trial":false,"path_per_floor":["M","?","?","?","?","E","R","M","T","M","M","M","E","M","R","B",null,"M","M","?","?","$","E","R","$","T","E","R","?","M","M","R"],"character_chosen":"IRONCLAD","items_purchased":["Whetstone"],"campfire_rested":1,"item_purchase_floors":[22],"current_hp_per_floor":[76,81,74,74,57,45,70,74,74,80,85,85,85,74,74,8,85,85,81,73,73,73,67,67,67,67,70,70,70,76,74,74,0],"gold":31,"neow_bonus":"ONE_RANDOM_RARE_CARD","is_prod":false,"is_daily":false,"chose_seed":false,"campfire_upgraded":4,"win_rate":0,"timestamp":1530446101,"path_taken":["M","?","?","?","?","E","R","M","T","M","?","M","E","M","R","BOSS","M","M","?","?","$","E","R","?","T","E","R","?","?","M","R","BOSS"],"build_version":"2018-06-28","purchased_purges":2,"victory":false,"max_hp_per_floor":[80,85,85,85,85,85,85,85,85,85,85,85,85,85,85,85,85,85,85,85,85,85,85,85,85,85,85,85,85,85,85,85,85],"card_choices":[{"not_picked":["Warcry","Havoc"],"picked":"Body Slam","floor":1},{"not_picked":["Havoc","Sever Soul"],"picked":"Cleave","floor":6},{"not_picked":["Blood for Blood","Feel No Pain"],"picked":"Shockwave","floor":8},{"not_picked":["True Grit","Feel No Pain"],"picked":"Twin Strike","floor":8},{"not_picked":["Reckless Charge","Warcry"],"picked":"Power Through","floor":10},{"not_picked":["Havoc","Feel No Pain"],"picked":"Whirlwind","floor":10},{"not_picked":["Iron Wave","Warcry"],"picked":"Headbutt","floor":11},{"not_picked":["Rupture","Clash"],"picked":"Pommel Strike","floor":11},{"not_picked":["Thunderclap","Warcry"],"picked":"Flex","floor":12},{"not_picked":["Warcry","Brutality","Shockwave"],"picked":"SKIP","floor":12},{"not_picked":["Dropkick","Armaments"],"picked":"Anger","floor":13},{"not_picked":["Shrug It Off","Perfected Strike","Sentinel"],"picked":"Rampage","floor":14},{"not_picked":["Wild Strike","Clothesline","Body Slam"],"picked":"Cleave","floor":14},{"not_picked":["Impervious","Double Tap","Exhume"],"picked":"Immolate","floor":16},{"not_picked":["Wild Strike","Intimidate","Armaments+1"],"picked":"Sever Soul+1","floor":18},{"not_picked":["Blood for Blood","Warcry","Feel No Pain+1"],"picked":"Heavy Blade","floor":18},{"not_picked":["Dropkick","Searing Blow","Shockwave"],"picked":"Cleave","floor":19},{"not_picked":["Perfected Strike+1","Cleave","Searing Blow"],"picked":"Iron Wave","floor":19},{"not_picked":["Anger","Cleave+1","Uppercut+1"],"picked":"Battle Trance+1","floor":23},{"not_picked":["Body Slam","Intimidate","Warcry"],"picked":"Iron Wave","floor":27},{"not_picked":["Wild Strike","Searing Blow","Anger"],"picked":"Iron Wave+1","floor":31},{"not_picked":["Sword Boomerang","Metallicize+1","Perfected Strike","Wild Strike"],"picked":"SKIP","floor":31}],"player_experience":70728,"relics_obtained":[{"floor":6,"key":"Anchor"},{"floor":9,"key":"Omamori"},{"floor":13,"key":"Question Card"},{"floor":23,"key":"Sundial"},{"floor":26,"key":"Oddly Smooth Stone"},{"floor":27,"key":"Self Forming Clay"}],"event_choices":[{"event_name":"Big Fish","player_choice":"Donut","floor":2,"damage_taken":0},{"event_name":"Scrap Ooze","player_choice":"success","floor":3,"damage_taken":7},{"event_name":"The Lab","player_choice":"Got Potions","floor":4,"damage_taken":0},{"event_name":"Shining Light","player_choice":"Entered Light","floor":5,"damage_taken":0},{"event_name":"Wheel of Change","player_choice":"Damage","floor":20,"damage_taken":0},{"event_name":"Drug Dealer","player_choice":"Got JAXXED","floor":21,"damage_taken":0},{"event_name":"The Joust","player_choice":"Bet on Owner","floor":29,"damage_taken":0}],"boss_relics":[{"not_picked":["Runic Cube","Runic Dome"],"picked":"Mark of Pain"}],"items_purged_floors":[22,25],"is_endless":false,"potions_floor_spawned":[10,13,14,16,19,31],"killed_by":"Automaton","ascension_level":0}