{"gold_per_floor":[114,114,114,39,11,49,61,92,173,185,231,258,345,382,394,531,543,576,607,619,295,295,11,42,42,42,42,56,80,80,103,103,226,226,241,46,46,65,86,86,111,111,165,165,205,205,22,43,43,43,43,43,24,67,67],"floor_reached":55,"playtime":4437,"items_purged":["Injury"],"score":748,"play_id":"3637654f-6674-4143-af9b-99c9c6acbcd0","local_time":"20190311101926","is_ascension_mode":false,"campfire_choices":[{"floor":7.0,"key":"REST"},{"data":"Blade Dance","floor":15.0,"key":"SMITH"},{"data":"Dagger Spray","floor":25.0,"key":"SMITH"},{"data":"Accuracy","floor":30.0,"key":"SMITH"},{"data":"Blade Dance","floor":32.0,"key":"SMITH"},{"data":"Accuracy","floor":40.0,"key":"SMITH"},{"data":"Finisher","floor":44.0,"key":"SMITH"},{"data":"Storm of Steel","floor":46.0,"key":"SMITH"},{"floor":49.0,"key":"RECALL"},{"data":"Expertise","floor":52.0,"key":"SMITH"}],"neow_cost":"NONE","seed_source_timestamp":0,"circlet_count":0,"master_deck":["Defend_G","Defend_G","Defend_G+1","Defend_G+1","Defend_G","Strike_G","Strike_G+1","Strike_G","Strike_G","Survivor","Neutralize","Bouncing Flask","Blur+1","Dagger Spray","Blade Dance+1","Expertise+1","Infinite Blades","Corpse Explosion","Sucker Punch","Dagger Spray+1","After Image","Finisher+1","Slice+1","Blade Dance+1","Accuracy+1","Well Laid Plans","Accuracy+1","Slice","Backflip","Acrobatics","Quick Slash+1","Dagger Spray+1","Storm of Steel+1","Infinite Blades","Dodge and Roll+1","Infinite Blades","Finisher+1"],"special_seed":0,"relics":["Ring of the Snake","Golden Idol","MawBank","Pantograph","Ninja Scroll","Shuriken","Eternal Feather","Ornamental Fan","Question Card","Membership Card","PreservedInsect","Ice Cream","WristBlade","Incense Burner","Anchor","Regal Pillow","Art of War","War Paint","Strawberry","Gremlin Horn"],"potions_floor_usage":[],"damage_taken":[{"damage":0.0,"enemies":"Small Slimes","floor":1.0,"turns":3.0},{"damage":30.0,"enemies":"Gremlin Nob","floor":6.0,"turns":5.0},{"damage":0.0,"enemies":"2 Louse","floor":8.0,"turns":2.0},{"damage":18.0,"enemies":"Lagavulin","floor":11.0,"turns":6.0},{"damage":0.0,"enemies":"Jaw Worm","floor":12.0,"turns":3.0},{"damage":0.0,"enemies":"Exordium Thugs","floor":14.0,"turns":3.0},{"damage":50.0,"enemies":"The Guardian","floor":16.0,"turns":10.0},{"damage":5.0,"enemies":"Spheric Guardian","floor":18.0,"turns":3.0},{"damage":0.0,"enemies":"3 Byrds","floor":19.0,"turns":2.0},{"damage":17.0,"enemies":"Book of Stabbing","floor":24.0,"turns":6.0},{"damage":31.0,"enemies":"Shelled Parasite and Fungi","floor":28.0,"turns":6.0},{"damage":2.0,"enemies":"Cultist and Chosen","floor":29.0,"turns":4.0},{"damage":6.0,"enemies":"Sentry and Sphere","floor":31.0,"turns":3.0},{"damage":35.0,"enemies":"Collector","floor":33.0,"turns":9.0},{"damage":0.0,"enemies":"3 Shapes","floor":35.0,"turns":5.0},{"damage":28.0,"enemies":"3 Darklings","floor":38.0,"turns":3.0},{"damage":0.0,"enemies":"Sphere and 2 Shapes","floor":39.0,"turns":6.0},{"damage":14.0,"enemies":"Writhing Mass","floor":41.0,"turns":7.0},{"damage":4.0,"enemies":"Nemesis","floor":45.0,"turns":3.0},{"damage":8.0,"enemies":"Maw","floor":48.0,"turns":6.0},{"damage":62.0,"enemies":"Time Eater","floor":50.0,"turns":8.0},{"damage":40,"enemies":"Shield and Spear","floor":54,"turns":3},{"damage":64,"enemies":"The Heart","floor":55,"turns":3}],"seed_played":"-8988962100520162226","potions_obtained":[{"floor":1.0,"key":"Poison Potion"},{"floor":6.0,"key":"Poison Potion"},{"floor":11.0,"key":"FairyPotion"},{"floor":16.0,"key":"PowerPotion"},{"floor":18.0,"key":"Explosive Potion"},{"floor":19.0,"key":"Strength Potion"},{"floor":31.0,"key":"SpeedPotion"},{"floor":41.0,"key":"Dexterity Potion"},{"floor":45.0,"key":"Block Potion"}],"is_trial":false,"path_per_floor":["M","?","?","$","?","E","R","M","T","$","E","M","T","M","R","B",null,"M","M","?","$","?","$","E","R","T","?","M","M","R","M","R","B",null,"M","$","?","M","M","R","M","?","T","R","E","R","$","M","R","B",null,"R","$","E","B"],"character_chosen":"THE_SILENT","items_purchased":["Finisher","Ornamental Fan","Membership Card","PreservedInsect","Incense Burner","Slice","Backflip","War Paint","Strawberry","Infinite Blades","Infinite Blades"],"campfire_rested":1,"item_purchase_floors":[21,21,23,23,36,36,36,47,47,47,53],"current_hp_per_floor":[70,56,56,56,56,26,47,47,47,47,29,29,29,29,29,4,70,65,65,65,65,65,65,48,60,60,60,29,27,42,36,51,35,70,70,70,70,42,42,60,46,46,46,64,60,70,77,69,77,15,77,77,77,37,0],"gold":67,"neow_bonus":"REMOVE_CARD","is_prod":false,"is_daily":false,"chose_seed":false,"campfire_upgraded":8,"win_rate":0,"timestamp":1552317566,"path_taken":["M","?","?","$","?","E","R","M","T","$","E","?","?","?","R","BOSS","M","M","?","$","?","$","E","R","T","?","M","M","R","M","R","BOSS","M","$","?","M","M","R","M","?","T","R","E","R","$","M","R","BOSS","R","$","E","BOSS"],"build_version":"2019-01-23","purchased_purges":1,"victory":false,"max_hp_per_floor":[70,70,70,70,70,70,70,70,70,70,70,70,70,70,70,70,70,70,70,70,70,70,70,70,70,70,70,70,70,70,70,70,70,70,70,70,70,70,70,70,70,70,70,70,70,70,77,77,77,77,77,77,77,77,77],"card_choices":[{"not_picked":["Choke","Well Laid Plans"],"picked":"Bouncing Flask","floor":1.0},{"not_picked":["Expertise","Reflex"],"picked":"Blur","floor":6.0},{"not_picked":["Escape Plan","Footwork"],"picked":"Dagger Spray","floor":8.0},{"not_picked":["Flying Knee","Quick Slash"],"picked":"Blade Dance","floor":11.0},{"not_picked":["Outmaneuver","Escape Plan"],"picked":"Expertise","floor":12.0},{"not_picked":["Dagger Throw","Slice"],"picked":"Infinite Blades","floor":14.0},{"not_picked":["Burst","After Image"],"picked":"Corpse Explosion","floor":16.0},{"not_picked":["Bane","Deflect"],"picked":"Sucker Punch","floor":18.0},{"not_picked":["Deflect","Prepared"],"picked":"Dagger Spray","floor":19.0},{"not_picked":["Expertise","Flying Knee","Heel Hook"],"picked":"Slice+1","floor":24.0},{"not_picked":["Eviscerate","Noxious Fumes","Deadly Poison"],"picked":"Blade Dance","floor":28.0},{"not_picked":["Eviscerate+1","Dagger Throw","Crippling Poison+1"],"picked":"Accuracy","floor":29.0},{"not_picked":["Bane","PiercingWail+1","Reflex+1"],"picked":"Well Laid Plans","floor":31.0},{"not_picked":["Adrenaline","Die Die Die","Glass Knife"],"picked":"A Thousand Cuts","floor":33.0},{"not_picked":["Flying Knee+1","PiercingWail","Backflip+1"],"picked":"Accuracy","floor":35.0},{"not_picked":["Leg Sweep+1","Catalyst+1","Setup+1"],"picked":"Acrobatics","floor":38.0},{"not_picked":["Dash","Bane","Deadly Poison"],"picked":"Quick Slash+1","floor":39.0},{"not_picked":["Footwork+1","Backflip","Underhanded Strike"],"picked":"Dagger Spray+1","floor":41.0},{"not_picked":["Well Laid Plans+1","Finisher+1","Flechettes"],"picked":"Storm of Steel","floor":45.0},{"not_picked":["Flying Knee+1","Quick Slash","Tools of the Trade"],"picked":"Dodge and Roll+1","floor":48.0},{"not_picked":["Slice+1","Deadly Poison","Deflect+1"],"picked":"Finisher+1","floor":54}],"player_experience":1154954,"relics_obtained":[{"floor":6.0,"key":"MawBank"},{"floor":9.0,"key":"Pantograph"},{"floor":11.0,"key":"Ninja Scroll"},{"floor":13.0,"key":"Shuriken"},{"floor":24.0,"key":"Ice Cream"},{"floor":43.0,"key":"Regal Pillow"},{"floor":45.0,"key":"Art of War"},{"floor":54,"key":"Gremlin Horn"}],"event_choices":[{"damage_healed":0.0,"max_hp_gain":0.0,"max_hp_loss":0.0,"gold_gain":0.0,"event_name":"Shining Light","player_choice":"Entered Light","floor":2.0,"gold_loss":0.0,"damage_taken":14.0,"cards_upgraded":["Strike_G","Defend_G"]},{"damage_healed":0.0,"max_hp_gain":0.0,"max_hp_loss":0.0,"gold_gain":0.0,"event_name":"Golden Idol","player_choice":"Take Wound","floor":3.0,"gold_loss":0.0,"damage_taken":0.0,"relics_obtained":["Golden Idol"],"cards_obtained":["Injury"]},{"damage_healed":0.0,"max_hp_gain":0.0,"max_hp_loss":0.0,"gold_gain":0.0,"event_name":"World of Goop","player_choice":"Left Gold","floor":5.0,"gold_loss":28.0,"damage_taken":0.0},{"damage_healed":0.0,"max_hp_gain":0.0,"max_hp_loss":0.0,"gold_gain":0.0,"event_name":"The Library","player_choice":"Read","floor":20.0,"gold_loss":0.0,"damage_taken":0.0,"cards_obtained":["After Image"]},{"damage_healed":0.0,"max_hp_gain":0.0,"max_hp_loss":0.0,"gold_gain":0.0,"event_name":"The Mausoleum","player_choice":"Opened","floor":22.0,"gold_loss":0.0,"damage_taken":0.0,"relics_obtained":["Question Card"]},{"damage_healed":0.0,"max_hp_gain":0.0,"max_hp_loss":0.0,"gold_gain":0.0,"event_name":"Beggar","player_choice":"Ignored","floor":27.0,"gold_loss":0.0,"damage_taken":0.0},{"cards_removed":["A Thousand Cuts"],"damage_healed":0.0,"max_hp_gain":0.0,"max_hp_loss":0.0,"gold_gain":0.0,"event_name":"Falling","player_choice":"Removed Power","floor":37.0,"gold_loss":0.0,"damage_taken":0.0},{"damage_healed":0.0,"max_hp_gain":0.0,"max_hp_loss":0.0,"gold_gain":0.0,"event_name":"WeMeetAgain","player_choice":"Gave Potion","floor":42.0,"gold_loss":0.0,"damage_taken":0.0,"relics_obtained":["Anchor"]}],"is_beta":false,"boss_relics":[{"not_picked":["Coffee Dripper","Empty Cage"],"picked":"Eternal Feather"},{"not_picked":["White Beast Statue","Busted Crown"],"picked":"WristBlade"}],"items_purged_floors":[4],"is_endless":false,"potions_floor_spawned":[1,6,11,16,18,19,31,41,45],"killed_by":"The Heart","ascension_level":0}