{"gold_per_floor":[115,115,14,30,105,105,105,105,105,105,117,45,56,87,87,185,185,196,196,209,225,240,240,240],"floor_reached":24,"playtime":995,"items_purged":["Strike_B","Strike_B"],"score":308,"play_id":"59158844-6ea6-4e57-9dc1-c5d7bb834bea","local_time":"20181030140420","is_ascension_mode":true,"campfire_choices":[{"data":"Loop","floor":6,"key":"SMITH"},{"data":"Ball Lightning","floor":8,"key":"SMITH"},{"data":"Zap","floor":10,"key":"SMITH"},{"floor":15,"key":"REST"},{"floor":23,"key":"REST"}],"neow_cost":"TEN_PERCENT_HP_LOSS","seed_source_timestamp":4157401835947048,"circlet_count":0,"master_deck":["Strike_B+1","Defend_B","Defend_B","Defend_B","Defend_B","Zap+1","Dualcast+1","Loop+1","Ball Lightning+1","FTL","Tempest","Ball Lightning","Beam Cell","Barrage","Thunder Strike","Sweeping Beam+1","Defragment","Sweeping Beam"],"relics":["Cracked Core","Ginger","Smiling Mask","DataDisk","Sozu"],"potions_floor_usage":[14],"damage_taken":[{"damage":0,"enemies":"2 Louse","floor":1,"turns":2},{"damage":0,"enemies":"Small Slimes","floor":4,"turns":2},{"damage":0,"enemies":"Cultist","floor":11,"turns":2},{"damage":0,"enemies":"Blue Slaver","floor":13,"turns":2},{"damage":25,"enemies":"3 Sentries","floor":14,"turns":4},{"damage":0,"enemies":"Slime Boss","floor":16,"turns":4},{"damage":0,"enemies":"Spheric Guardian","floor":18,"turns":2},{"damage":23,"enemies":"2 Thieves","floor":20,"turns":3},{"damage":18,"enemies":"Chosen and Byrds","floor":21,"turns":3},{"damage":2,"enemies":"3 Cultists","floor":22,"turns":3},{"damage":49,"enemies":"Book of Stabbing","floor":24,"turns":3}],"seed_played":"4629726960685604648","potions_obtained":[{"floor":1,"key":"EssenceOfSteel"},{"floor":13,"key":"FocusPotion"}],"is_trial":false,"path_per_floor":["M","?","$","M","?","R","?","R","T","R","M","$","M","E","R","B",null,"M","?","M","M","M","R"],"character_chosen":"DEFECT","items_purchased":["Ball Lightning","Ball Lightning"],"campfire_rested":2,"item_purchase_floors":[3,12],"current_hp_per_floor":[68,54,54,54,43,43,43,43,43,43,43,43,43,18,38,38,61,61,61,38,20,18,38,0],"gold":240,"neow_bonus":"ONE_RARE_RELIC","is_prod":false,"is_daily":false,"chose_seed":false,"campfire_upgraded":3,"win_rate":0,"timestamp":1540926260,"path_taken":["M","?","$","?","?","R","?","R","T","R","M","?","?","E","R","BOSS","M","?","M","M","M","R","E"],"build_version":"2018-10-25v2","purchased_purges":2,"victory":false,"max_hp_per_floor":[68,68,68,68,68,68,68,68,68,68,68,68,68,68,68,68,68,68,68,68,68,68,68,68],"card_choices":[{"not_picked":["Skim","Coolheaded"],"picked":"Loop","floor":1},{"not_picked":["Cold Snap","Steam"],"picked":"FTL","floor":4},{"not_picked":["Steam","Stack"],"picked":"Tempest","floor":11},{"not_picked":["Stack","Chill"],"picked":"Beam Cell","floor":13},{"not_picked":["Conserve Battery","Rebound"],"picked":"Barrage","floor":14},{"not_picked":["Reboot","Hyperbeam"],"picked":"Thunder Strike","floor":16},{"not_picked":["Gash","Melter"],"picked":"Sweeping Beam+1","floor":18},{"not_picked":["Rip and Tear","Redo"],"picked":"Defragment","floor":20},{"not_picked":["Fusion","Beam Cell"],"picked":"Sweeping Beam","floor":21},{"not_picked":["Chaos","Gash","Cold Snap"],"picked":"SKIP","floor":22}],"player_experience":900557,"relics_obtained":[{"floor":9,"key":"Smiling Mask"},{"floor":14,"key":"DataDisk"}],"event_choices":[{"damage_healed":0,"gold_gain":0,"player_choice":"Entered Light","damage_taken":14,"max_hp_gain":0,"max_hp_loss":0,"event_name":"Shining Light","floor":2,"gold_loss":0,"cards_upgraded":["Dualcast","Strike_B"]},{"damage_healed":0,"gold_gain":75,"player_choice":"Gather Gold","damage_taken":11,"max_hp_gain":0,"max_hp_loss":0,"event_name":"World of Goop","floor":5,"gold_loss":0},{"cards_removed":["Strike_B"],"damage_healed":0,"gold_gain":0,"player_choice":"Purged","damage_taken":0,"max_hp_gain":0,"max_hp_loss":0,"event_name":"Purifier","floor":7,"gold_loss":0},{"damage_healed":0,"gold_gain":0,"player_choice":"Got Potions","damage_taken":0,"max_hp_gain":0,"max_hp_loss":0,"event_name":"The Lab","floor":19,"gold_loss":0}],"is_beta":false,"boss_relics":[{"not_picked":["Cursed Key","Eternal Feather"],"picked":"Sozu"}],"items_purged_floors":[3,12],"is_endless":false,"potions_floor_spawned":[1,13,21],"killed_by":"Book of Stabbing","ascension_level":5}