{"gold_per_floor":[109,109,127,48,48,80,80,96,120,131,141,41,41,65,65,165,165,185,110,50],"floor_reached":20,"playtime":1030,"items_purged":["Strike_B"],"score":172,"play_id":"876bc5fb-0f7c-45d3-993b-388175e7de76","local_time":"20181120152806","is_ascension_mode":false,"campfire_choices":[{"floor":7,"key":"RECALL"},{"data":"Loop","floor":13,"key":"SMITH"},{"floor":15,"key":"REST"}],"neow_cost":"NONE","seed_source_timestamp":24695164911105,"circlet_count":0,"master_deck":["Strike_B","Defend_B","Defend_B","Defend_B","Zap+1","Dualcast","Seek","Barrage","Cold Snap","Static Discharge","Barrage","Conserve Battery","Loop+1","Biased Cognition","Cold Snap","Conserve Battery","Machine Learning"],"relics":["Cracked Core","Juzu Bracelet","Odd Mushroom","Empty Cage"],"potions_floor_usage":[6,14,16],"damage_taken":[{"damage":1,"enemies":"Jaw Worm","floor":1,"turns":3},{"damage":1,"enemies":"2 Louse","floor":3,"turns":2},{"damage":19,"enemies":"Gremlin Nob","floor":6,"turns":4},{"damage":0,"enemies":"Small Slimes","floor":8,"turns":2},{"damage":11,"enemies":"2 Fungi Beasts","floor":10,"turns":3},{"damage":0,"enemies":"3 Louse","floor":11,"turns":3},{"damage":9,"enemies":"The Mushroom Lair","floor":14,"turns":4},{"damage":16,"enemies":"The Guardian","floor":16,"turns":10},{"damage":10,"enemies":"3 Byrds","floor":18,"turns":4},{"damage":22,"enemies":"2 Thieves","floor":20,"turns":3}],"seed_played":"942298285746061823","potions_obtained":[{"floor":3,"key":"EssenceOfSteel"},{"floor":10,"key":"Block Potion"},{"floor":11,"key":"FocusPotion"},{"floor":14,"key":"Explosive Potion"}],"is_trial":false,"path_per_floor":["M","?","M","$","?","E","R","M","T","M","M","$","R","?","R","B",null,"M","?","M"],"character_chosen":"DEFECT","items_purchased":["Static Discharge","Cold Snap"],"campfire_rested":1,"item_purchase_floors":[4,12],"current_hp_per_floor":[74,74,73,73,73,54,54,54,54,43,43,43,43,34,56,40,75,65,65,43],"gold":50,"neow_bonus":"ONE_RANDOM_RARE_CARD","is_prod":false,"is_daily":false,"chose_seed":false,"campfire_upgraded":1,"win_rate":0,"timestamp":1542749286,"path_taken":["M","?","M","$","?","E","R","M","T","M","M","$","R","?","R","BOSS","M","?","M"],"build_version":"2018-11-15","purchased_purges":1,"victory":false,"max_hp_per_floor":[75,75,75,75,75,75,75,75,75,75,75,75,75,75,75,75,75,75,75,75],"card_choices":[{"not_picked":["Rebound","Hologram"],"picked":"Barrage","floor":1},{"not_picked":["Rip and Tear","Gash"],"picked":"Cold Snap","floor":3},{"not_picked":["Beam Cell","Double Energy"],"picked":"Barrage","floor":6},{"not_picked":["Chill","Melter"],"picked":"Conserve Battery","floor":8},{"not_picked":["Rebound","Coolheaded"],"picked":"Loop","floor":10},{"not_picked":["Sweeping Beam","Turbo"],"picked":"Biased Cognition","floor":11},{"not_picked":["Redo","Stack"],"picked":"Conserve Battery","floor":14},{"not_picked":["Creative AI","Seek"],"picked":"Machine Learning","floor":16},{"not_picked":["Steam","Reprogram","Stack"],"picked":"SKIP","floor":18}],"player_experience":1040484,"relics_obtained":[{"floor":6,"key":"Juzu Bracelet"},{"floor":14,"key":"Odd Mushroom"}],"event_choices":[{"damage_healed":0,"gold_gain":0,"player_choice":"Grow","damage_taken":0,"max_hp_gain":0,"max_hp_loss":0,"event_name":"Living Wall","floor":2,"gold_loss":0,"cards_upgraded":["Zap"]},{"damage_healed":0,"gold_gain":0,"player_choice":"Leave","damage_taken":0,"max_hp_gain":0,"max_hp_loss":0,"event_name":"The Cleric","floor":5,"gold_loss":0},{"damage_healed":0,"gold_gain":0,"player_choice":"Fought Mushrooms","damage_taken":0,"max_hp_gain":0,"max_hp_loss":0,"event_name":"Mushrooms","floor":14,"gold_loss":0},{"cards_removed":["Defend_B"],"damage_healed":0,"gold_gain":0,"player_choice":"Gave Gold","damage_taken":0,"max_hp_gain":0,"max_hp_loss":0,"event_name":"Beggar","floor":19,"gold_loss":75}],"is_beta":false,"boss_relics":[{"not_picked":["Calling Bell","Velvet Choker"],"picked":"Empty Cage"}],"items_purged_floors":[12],"is_endless":false,"potions_floor_spawned":[3,10,11,14],"killed_by":"2 Thieves","ascension_level":0}