{"gold_per_floor":[14,27,102,115,115,115,133,149,149,149,6,6,6,30,30,151,151,176,176,126,110,110],"floor_reached":22,"playtime":1718,"items_purged":["Strike_R"],"score":227,"play_id":"4c7904eb-7ecf-4e37-ab91-c586701a00cc","local_time":"20180905182207","is_ascension_mode":true,"campfire_choices":[{"floor":6,"key":"REST"},{"floor":10,"key":"REST"},{"floor":13,"key":"REST"},{"data":"Pommel Strike","floor":15,"key":"SMITH"}],"neow_cost":"NO_GOLD","seed_source_timestamp":548132194536065,"circlet_count":0,"master_deck":["Defend_R","Defend_R","Defend_R","Bash","Pommel Strike+1","Heavy Blade","Pummel","Thunderclap","Iron Wave","Battle Trance","Twin Strike","Fiend Fire","Flame Barrier","Bite","Bite","Bite","Bite","Bite"],"relics":["Burning Blood","Golden Idol","Boot","Black Star"],"potions_floor_usage":[14,16,16],"damage_taken":[{"damage":2,"enemies":"2 Louse","floor":1,"turns":4},{"damage":4,"enemies":"Small Slimes","floor":2,"turns":3},{"damage":9,"enemies":"Jaw Worm","floor":4,"turns":4},{"damage":37,"enemies":"Gremlin Gang","floor":7,"turns":8},{"damage":9,"enemies":"Exordium Wildlife","floor":8,"turns":4},{"damage":0,"enemies":"2 Fungi Beasts","floor":14,"turns":1},{"damage":78,"enemies":"The Guardian","floor":16,"turns":16},{"damage":30,"enemies":"Spheric Guardian","floor":18,"turns":4},{"damage":31,"enemies":"2 Thieves","floor":21,"turns":4},{"damage":54,"enemies":"Colosseum Slavers","floor":22,"turns":3}],"seed_played":"-390719958448538889","potions_obtained":[{"floor":7,"key":"SpeedPotion"},{"floor":8,"key":"AttackPotion"},{"floor":14,"key":"Regen Potion"}],"is_trial":false,"path_per_floor":["M","M","?","M","?","R","M","M","T","R","$","$","R","M","R","B",null,"M","?","?","M"],"character_chosen":"IRONCLAD","items_purchased":["Battle Trance"],"campfire_rested":3,"item_purchase_floors":[11],"current_hp_per_floor":[80,80,69,66,46,70,39,36,36,60,60,60,80,83,83,26,83,59,58,58,41,0],"gold":110,"neow_bonus":"REMOVE_TWO","is_prod":false,"is_daily":false,"chose_seed":false,"campfire_upgraded":1,"win_rate":0,"timestamp":1536196927,"path_taken":["M","M","?","?","?","R","M","M","T","R","?","$","R","?","R","BOSS","M","?","?","M","?"],"build_version":"2018-08-30","purchased_purges":1,"victory":false,"max_hp_per_floor":[80,80,80,80,80,80,80,80,80,80,80,80,80,83,83,83,83,83,58,58,58,58],"card_choices":[{"not_picked":["Anger","Searing Blow"],"picked":"Pommel Strike","floor":1},{"not_picked":["Second Wind","Havoc"],"picked":"Heavy Blade","floor":2},{"not_picked":["Armaments","Rupture"],"picked":"Pummel","floor":4},{"not_picked":["Clash","Clothesline"],"picked":"Thunderclap","floor":7},{"not_picked":["Twin Strike","Carnage"],"picked":"Iron Wave","floor":8},{"not_picked":["Iron Wave","Combust"],"picked":"Twin Strike","floor":14},{"not_picked":["Exhume","Barricade"],"picked":"Fiend Fire","floor":16},{"not_picked":["Pummel+1","Warcry+1"],"picked":"Flame Barrier","floor":18},{"not_picked":["Seeing Red","Entrench+1","Rage+1"],"picked":"SKIP","floor":21}],"player_experience":341663,"relics_obtained":[{"floor":9,"key":"Boot"}],"event_choices":[{"event_name":"World of Goop","player_choice":"Gather Gold","floor":3,"damage_taken":0},{"event_name":"Golden Idol","player_choice":"Take Damage","floor":5,"damage_taken":0},{"event_name":"Vampires","player_choice":"Became a vampire","floor":19,"damage_taken":0},{"event_name":"The Joust","player_choice":"Bet on Owner","floor":20,"damage_taken":0},{"event_name":"Colosseum","player_choice":"Fight","floor":22,"damage_taken":0}],"is_beta":false,"boss_relics":[{"not_picked":["Tiny House","Mark of Pain"],"picked":"Black Star"}],"items_purged_floors":[11],"is_endless":false,"potions_floor_spawned":[7,8,14],"killed_by":"Colosseum Slavers","ascension_level":3}