{"gold_per_floor":[15,25,35,45,0,28,38,55,55,55,68,83,83,117,117,219,219,230,230],"floor_reached":19,"playtime":2626,"items_purged":[],"score":183,"play_id":"4ea2f53e-187c-4af9-8149-c6702ea87a68","local_time":"20181126110926","is_ascension_mode":false,"campfire_choices":[{"floor":10,"key":"RECALL"},{"floor":13,"key":"REST"},{"data":"Hyperbeam","floor":15,"key":"SMITH"}],"neow_cost":"NO_GOLD","seed_source_timestamp":526006319103366,"circlet_count":0,"master_deck":["Strike_B","Strike_B","Strike_B","Defend_B","Defend_B","Defend_B","Zap","Dualcast","Consume","Ball Lightning","Melter","Conserve Battery","Leap","Chill","Conserve Battery","Go for the Eyes","Ball Lightning","Hyperbeam+1"],"relics":["Cracked Core","Bag of Preparation","Singing Bowl","Girya","Eternal Feather"],"potions_floor_usage":[16,18],"damage_taken":[{"damage":0,"enemies":"Cultist","floor":1,"turns":3},{"damage":0,"enemies":"Small Slimes","floor":2,"turns":2},{"damage":11,"enemies":"Jaw Worm","floor":3,"turns":2},{"damage":6,"enemies":"2 Fungi Beasts","floor":4,"turns":4},{"damage":14,"enemies":"Lagavulin","floor":6,"turns":6},{"damage":0,"enemies":"Red Slaver","floor":7,"turns":3},{"damage":0,"enemies":"Gremlin Gang","floor":8,"turns":4},{"damage":0,"enemies":"Lots of Slimes","floor":11,"turns":4},{"damage":3,"enemies":"Large Slime","floor":12,"turns":5},{"damage":2,"enemies":"3 Sentries","floor":14,"turns":6},{"damage":30,"enemies":"Hexaghost","floor":16,"turns":8},{"damage":4,"enemies":"3 Byrds","floor":18,"turns":4},{"damage":0,"enemies":"Chosen","floor":19,"turns":2}],"seed_played":"2399641755696989812","potions_obtained":[{"floor":3,"key":"Ancient Potion"},{"floor":6,"key":"Dexterity Potion"},{"floor":7,"key":"Poison Potion"},{"floor":12,"key":"FocusPotion"},{"floor":16,"key":"GamblersBrew"}],"is_trial":false,"path_per_floor":["M","M","M","M","$","E","M","M","T","R","M","M","R","E","R","B",null,"M","M"],"character_chosen":"DEFECT","items_purchased":["Leap"],"campfire_rested":1,"item_purchase_floors":[5],"current_hp_per_floor":[75,75,64,58,58,44,44,44,44,44,46,43,66,64,64,36,79,77,77],"gold":230,"neow_bonus":"REMOVE_TWO","is_prod":false,"is_daily":false,"chose_seed":false,"campfire_upgraded":1,"win_rate":0,"timestamp":1543252166,"path_taken":["M","M","M","?","?","E","M","?","T","R","M","M","R","E","R","BOSS","M","M"],"build_version":"2018-11-15","purchased_purges":0,"victory":false,"max_hp_per_floor":[75,75,75,75,75,75,75,75,75,75,77,77,77,77,77,79,79,81,81],"card_choices":[{"not_picked":["Stack","Leap"],"picked":"Consume","floor":1},{"not_picked":["Reprogram","Static Discharge"],"picked":"Ball Lightning","floor":2},{"not_picked":["White Noise","Barrage"],"picked":"Melter","floor":3},{"not_picked":["Genetic Algorithm","Melter"],"picked":"Conserve Battery","floor":4},{"not_picked":["White Noise","Undo"],"picked":"Chill","floor":6},{"not_picked":["Sweeping Beam","Redo"],"picked":"Conserve Battery","floor":7},{"not_picked":["Aggregate","Lockon"],"picked":"Go for the Eyes","floor":8},{"not_picked":["Steam","Gash","Barrage"],"picked":"Singing Bowl","floor":11},{"not_picked":["Beam Cell","Barrage"],"picked":"Ball Lightning","floor":12},{"not_picked":["Barrage","Sweeping Beam"],"picked":"Hyperbeam","floor":14},{"not_picked":["All For One","Amplify","Hyperbeam"],"picked":"Singing Bowl","floor":16},{"not_picked":["Coolheaded","Turbo+1","Aggregate"],"picked":"Singing Bowl","floor":18}],"player_experience":1055294,"relics_obtained":[{"floor":6,"key":"Bag of Preparation"},{"floor":9,"key":"Singing Bowl"},{"floor":14,"key":"Girya"}],"event_choices":[],"is_beta":false,"boss_relics":[{"not_picked":["Ectoplasm","Nuclear Battery"],"picked":"Eternal Feather"}],"items_purged_floors":[],"is_endless":false,"potions_floor_spawned":[3,6,7,12,16],"killed_by":"Chosen","ascension_level":0}