{"gold_per_floor":[114,189,206,221,233,262,277,306,306,306,317,317,317,374,374,476,476,493,290,290,290,301,336,355,355,355,355,373,373,222,239,239,338,338,365,50,61,0,15,15,48,48,73,73,73,173,22,33,33,33],"floor_reached":50,"playtime":4316,"items_purged":["Distraction","Eviscerate+1","Shame"],"score":575,"play_id":"4f19677e-b0dc-42e5-8c87-573d6683a81c","local_time":"20190308222206","is_ascension_mode":false,"campfire_choices":[{"floor":10.0,"key":"REST"},{"data":"Noxious Fumes","floor":13.0,"key":"SMITH"},{"floor":15.0,"key":"REST"},{"data":"Catalyst","floor":25.0,"key":"SMITH"},{"data":"Envenom","floor":27.0,"key":"SMITH"},{"floor":32.0,"key":"REST"},{"data":"Noxious Fumes","floor":40.0,"key":"SMITH"},{"data":"Leg Sweep","floor":42.0,"key":"SMITH"},{"floor":49.0,"key":"RECALL"}],"neow_cost":"NONE","seed_source_timestamp":0,"circlet_count":0,"master_deck":["Survivor","Neutralize","Poisoned Stab+1","Noxious Fumes+1","Leg Sweep+1","Noxious Fumes+1","Crippling Poison+1","Heel Hook","Sucker Punch+1","Bane+1","Flying Knee+1","Burst","Envenom+1","Catalyst+1","Poisoned Stab+1","Burst","Flechettes+1","Quick Slash+1","Poisoned Stab+1","Footwork","Deflect","Bouncing Flask+1","Glass Knife+1","Clumsy","Doubt","Heel Hook+1","Backflip","Backstab+1","Writhe","Escape Plan","Noxious Fumes","Footwork+1"],"special_seed":0,"relics":["Ring of the Snake","Ginger","Darkstone Periapt","Molten Egg 2","Snake Skull","Pandora\u0027s Box","Singing Bowl","Calling Bell","MawBank","Pear","Tingsha","Whetstone","Red Mask","Juzu Bracelet","Lantern","Mango"],"potions_floor_usage":[],"damage_taken":[{"damage":5.0,"enemies":"Small Slimes","floor":1.0,"turns":4.0},{"damage":0.0,"enemies":"2 Louse","floor":3.0,"turns":4.0},{"damage":1.0,"enemies":"Cultist","floor":4.0,"turns":4.0},{"damage":3.0,"enemies":"Gremlin Gang","floor":5.0,"turns":6.0},{"damage":13.0,"enemies":"Lagavulin","floor":6.0,"turns":7.0},{"damage":6.0,"enemies":"Blue Slaver","floor":7.0,"turns":4.0},{"damage":14.0,"enemies":"3 Sentries","floor":8.0,"turns":7.0},{"damage":3.0,"enemies":"Exordium Wildlife","floor":11.0,"turns":4.0},{"damage":9.0,"enemies":"3 Sentries","floor":14.0,"turns":5.0},{"damage":27.0,"enemies":"The Guardian","floor":16.0,"turns":8.0},{"damage":4.0,"enemies":"Spheric Guardian","floor":18.0,"turns":3.0},{"damage":2.0,"enemies":"Chosen","floor":22.0,"turns":3.0},{"damage":21.0,"enemies":"Book of Stabbing","floor":23.0,"turns":4.0},{"damage":15.0,"enemies":"3 Cultists","floor":24.0,"turns":4.0},{"damage":12.0,"enemies":"Cultist and Chosen","floor":28.0,"turns":5.0},{"damage":7.0,"enemies":"Sentry and Sphere","floor":31.0,"turns":3.0},{"damage":11.0,"enemies":"Champ","floor":33.0,"turns":5.0},{"damage":5.0,"enemies":"Orb Walker","floor":35.0,"turns":2.0},{"damage":6.0,"enemies":"3 Shapes","floor":37.0,"turns":4.0},{"damage":6.0,"enemies":"Transient","floor":39.0,"turns":5.0},{"damage":51.0,"enemies":"Reptomancer","floor":41.0,"turns":5.0},{"damage":6.0,"enemies":"Mind Bloom Boss Battle","floor":46.0,"turns":3.0},{"damage":34.0,"enemies":"Jaw Worm Horde","floor":48.0,"turns":4.0},{"damage":0,"enemies":"Time Eater","floor":50,"turns":1}],"seed_played":"-3726666871606870802","potions_obtained":[{"floor":4.0,"key":"Block Potion"},{"floor":6.0,"key":"Ancient Potion"},{"floor":8.0,"key":"Weak Potion"},{"floor":16.0,"key":"Weak Potion"},{"floor":22.0,"key":"AttackPotion"},{"floor":28.0,"key":"SkillPotion"},{"floor":31.0,"key":"SkillPotion"},{"floor":33.0,"key":"FairyPotion"},{"floor":37.0,"key":"SkillPotion"}],"is_trial":false,"path_per_floor":["M","?","M","M","M","E","M","E","T","R","M","?","R","?","R","B",null,"M","$","?","?","M","E","M","R","T","R","M","?","$","M","R","B",null,"M","$","M","?","M","R","E","R","T","?","$","?","$","M","R","B"],"character_chosen":"THE_SILENT","items_purchased":["Footwork","Deflect","Poison Potion","Backflip","Whetstone","Escape Plan","Noxious Fumes"],"campfire_rested":3,"item_purchase_floors":[19,19,30,36,36,47,47],"current_hp_per_floor":[72,61,61,60,57,44,38,24,24,47,44,44,44,35,58,31,77,73,73,73,77,75,56,43,43,43,43,33,17,17,12,39,28,118,113,113,107,107,103,103,54,54,54,91,91,101,101,67,67,67],"gold":33,"neow_bonus":"TEN_PERCENT_HP_BONUS","is_prod":false,"is_daily":false,"chose_seed":false,"campfire_upgraded":5,"win_rate":0,"timestamp":1552105326,"path_taken":["M","?","M","M","M","E","M","E","T","R","M","?","R","?","R","BOSS","M","$","?","?","?","E","?","R","T","R","M","?","?","M","R","BOSS","M","$","M","?","M","R","E","R","T","?","?","?","?","M","R","BOSS"],"build_version":"2019-01-23","purchased_purges":3,"victory":false,"max_hp_per_floor":[77,77,77,77,77,77,77,77,77,77,77,77,77,77,77,77,77,77,77,77,77,77,79,81,81,81,81,83,88,88,90,90,90,118,118,118,118,118,120,120,122,122,122,128,128,144,144,144,144,144],"card_choices":[{"not_picked":["Sucker Punch","Bouncing Flask"],"picked":"Poisoned Stab","floor":1.0},{"not_picked":["Predator","Flying Knee"],"picked":"Noxious Fumes","floor":3.0},{"not_picked":["Acrobatics","Choke"],"picked":"Leg Sweep","floor":4.0},{"not_picked":["Masterful Stab","Dodge and Roll"],"picked":"Noxious Fumes","floor":5.0},{"not_picked":["Sucker Punch","Poisoned Stab"],"picked":"Crippling Poison","floor":6.0},{"not_picked":["Grand Finale","Expertise"],"picked":"Heel Hook","floor":7.0},{"not_picked":["Underhanded Strike","Dodge and Roll"],"picked":"Sucker Punch","floor":8.0},{"not_picked":["Well Laid Plans","Dodge and Roll"],"picked":"Bane+1","floor":11.0},{"not_picked":["Crippling Poison","Outmaneuver"],"picked":"Flying Knee+1","floor":14.0},{"not_picked":["Phantasmal Killer","Tools of the Trade"],"picked":"Burst","floor":16.0},{"not_picked":["Dagger Throw+1","PiercingWail"],"picked":"Poisoned Stab+1","floor":18.0},{"not_picked":["Sucker Punch+1","Flying Knee+1"],"picked":"Bouncing Flask+1","floor":22.0},{"not_picked":["Predator+1","Dagger Spray+1","Well Laid Plans"],"picked":"Singing Bowl","floor":23.0},{"not_picked":["Blur","Deadly Poison","Masterful Stab+1"],"picked":"Singing Bowl","floor":24.0},{"not_picked":["Setup","Quick Slash+1","Endless Agony+1"],"picked":"Singing Bowl","floor":28.0},{"not_picked":["Underhanded Strike+1","Finisher+1","Dagger Spray+1"],"picked":"Singing Bowl","floor":31.0},{"not_picked":["Storm of Steel","Malaise"],"picked":"Glass Knife+1","floor":33.0},{"not_picked":["PiercingWail","Choke+1"],"picked":"Heel Hook+1","floor":35.0},{"not_picked":["Caltrops","PiercingWail"],"picked":"Backstab+1","floor":37.0},{"not_picked":["PiercingWail+1","Prepared+1","Sucker Punch+1"],"picked":"Singing Bowl","floor":39.0},{"not_picked":["Poisoned Stab+1","Deadly Poison","Sucker Punch+1"],"picked":"Singing Bowl","floor":41.0},{"not_picked":["Blade Dance+1","Bane+1","Wraith Form v2"],"picked":"Singing Bowl","floor":46.0},{"not_picked":["Deadly Poison","Blade Dance"],"picked":"Footwork+1","floor":48.0}],"player_experience":1144085,"relics_obtained":[{"floor":6.0,"key":"Ginger"},{"floor":8.0,"key":"Darkstone Periapt"},{"floor":9.0,"key":"Molten Egg 2"},{"floor":23.0,"key":"Singing Bowl"},{"floor":34.0,"key":"MawBank"},{"floor":34.0,"key":"Pear"},{"floor":34.0,"key":"Tingsha"},{"floor":41.0,"key":"Juzu Bracelet"},{"floor":43.0,"key":"Lantern"},{"floor":46.0,"key":"Mango"}],"event_choices":[{"damage_healed":0.0,"max_hp_gain":0.0,"max_hp_loss":0.0,"gold_gain":75.0,"event_name":"World of Goop","player_choice":"Gather Gold","floor":2.0,"gold_loss":0.0,"damage_taken":11.0},{"damage_healed":0.0,"max_hp_gain":0.0,"max_hp_loss":0.0,"gold_gain":0.0,"event_name":"Living Wall","player_choice":"Grow","floor":12.0,"gold_loss":0.0,"damage_taken":0.0,"cards_upgraded":["Crippling Poison"]},{"damage_healed":0.0,"max_hp_gain":0.0,"max_hp_loss":0.0,"gold_gain":0.0,"event_name":"Dead Adventurer","player_choice":"Searched \u00273\u0027 times","floor":14.0,"gold_loss":0.0,"damage_taken":0.0,"relics_obtained":["Snake Skull"]},{"cards_removed":["PiercingWail"],"damage_healed":0.0,"max_hp_gain":0.0,"max_hp_loss":0.0,"gold_gain":0.0,"event_name":"Back to Basics","player_choice":"Elegance","floor":20.0,"gold_loss":0.0,"damage_taken":0.0},{"cards_removed":["Blade Dance"],"damage_healed":5.0,"max_hp_gain":0.0,"max_hp_loss":0.0,"gold_gain":0.0,"event_name":"Bonfire Elementals","player_choice":"Offered Common","floor":21.0,"gold_loss":0.0,"damage_taken":0.0},{"cards_removed":["Blade Dance"],"damage_healed":5.0,"max_hp_gain":0.0,"max_hp_loss":0.0,"gold_gain":0.0,"event_name":"Bonfire Elementals","player_choice":"Offered Special","floor":21.0,"gold_loss":0.0,"damage_taken":0.0},{"damage_healed":0.0,"max_hp_gain":5.0,"max_hp_loss":0.0,"gold_gain":0.0,"event_name":"Forgotten Altar","player_choice":"Shed Blood","floor":29.0,"gold_loss":0.0,"damage_taken":21.0},{"damage_healed":0.0,"max_hp_gain":0.0,"max_hp_loss":0.0,"gold_gain":0.0,"event_name":"Tomb of Lord Red Mask","player_choice":"Paid","floor":38.0,"gold_loss":61.0,"damage_taken":0.0,"relics_obtained":["Red Mask"]},{"damage_healed":31.0,"max_hp_gain":0.0,"max_hp_loss":0.0,"gold_gain":0.0,"event_name":"Winding Halls","player_choice":"Writhe","floor":44.0,"gold_loss":0.0,"damage_taken":0.0,"cards_obtained":["Writhe"]},{"damage_healed":0.0,"max_hp_gain":0.0,"max_hp_loss":0.0,"gold_gain":0.0,"event_name":"MindBloom","player_choice":"Fight","floor":46.0,"gold_loss":0.0,"damage_taken":0.0}],"is_beta":false,"boss_relics":[{"not_picked":["Philosopher\u0027s Stone","WristBlade"],"picked":"Pandora\u0027s Box"},{"not_picked":["White Beast Statue","Astrolabe"],"picked":"Calling Bell"}],"items_purged_floors":[19,30,36],"is_endless":false,"potions_floor_spawned":[4,6,8,16,22,28,31,33,37],"killed_by":"Time Eater","ascension_level":0}