{"gold_per_floor":[113,124,224,239,314,314,346,365,665,665,665,665,699,722,722,722],"floor_reached":16,"playtime":788,"items_purged":[],"score":110,"play_id":"7d9b17e2-cb08-45bd-aadd-1b0460110221","local_time":"20181210130413","is_ascension_mode":false,"campfire_choices":[{"data":"Armaments","floor":6,"key":"SMITH"},{"data":"Thunderclap","floor":11,"key":"SMITH"},{"floor":15,"key":"REST"}],"neow_cost":"NONE","seed_source_timestamp":1744464470440488,"circlet_count":0,"master_deck":["Strike_R","Strike_R","Strike_R","Strike_R","Strike_R","Defend_R","Defend_R","Defend_R","Defend_R","Bash","Thunderclap+1","Armaments+1","Uppercut","Clothesline","Injury","Impervious"],"relics":["Burning Blood","Bronze Scales","Blue Candle","Old Coin","Golden Idol","Turnip"],"potions_floor_usage":[],"damage_taken":[{"damage":2,"enemies":"Small Slimes","floor":1,"turns":3},{"damage":6,"enemies":"Cultist","floor":2,"turns":3},{"damage":3,"enemies":"Jaw Worm","floor":4,"turns":4},{"damage":27,"enemies":"Gremlin Nob","floor":7,"turns":5},{"damage":7,"enemies":"Blue Slaver","floor":8,"turns":4},{"damage":33,"enemies":"3 Sentries","floor":13,"turns":9},{"damage":7,"enemies":"3 Louse","floor":14,"turns":2},{"damage":0,"enemies":"Slime Boss","floor":16,"turns":1}],"seed_played":"8745737324215844731","potions_obtained":[{"floor":7,"key":"Swift Potion"},{"floor":13,"key":"GamblersBrew"}],"is_trial":false,"path_per_floor":["M","M","?","M","?","R","E","M","T","?","R","?","E","M","R","B"],"character_chosen":"IRONCLAD","items_purchased":[],"campfire_rested":1,"item_purchase_floors":[],"current_hp_per_floor":[80,80,80,80,69,69,48,47,47,47,47,73,46,45,69,69],"gold":722,"neow_bonus":"RANDOM_COMMON_RELIC","is_prod":false,"is_daily":false,"chose_seed":false,"campfire_upgraded":2,"win_rate":0,"timestamp":1544468653,"path_taken":["M","M","?","?","?","R","E","M","T","?","R","?","E","M","R","BOSS"],"build_version":"2018-12-06","purchased_purges":0,"victory":false,"max_hp_per_floor":[80,80,80,80,80,80,80,80,80,80,80,80,80,80,80,80],"card_choices":[{"not_picked":["True Grit","Sever Soul"],"picked":"Thunderclap","floor":1},{"not_picked":["Hemokinesis","Clothesline","Infernal Blade"],"picked":"SKIP","floor":2},{"not_picked":["Cleave","Dual Wield"],"picked":"Armaments","floor":4},{"not_picked":["Corruption","Twin Strike"],"picked":"Uppercut","floor":7},{"not_picked":["Heavy Blade","Warcry"],"picked":"Clothesline","floor":8},{"not_picked":["Armaments","Infernal Blade"],"picked":"Impervious","floor":13},{"not_picked":["Anger","Second Wind","Clash"],"picked":"SKIP","floor":14}],"player_experience":1089036,"relics_obtained":[{"floor":7,"key":"Blue Candle"},{"floor":9,"key":"Old Coin"},{"floor":13,"key":"Turnip"}],"event_choices":[{"damage_healed":0,"gold_gain":100,"player_choice":"Pray","damage_taken":0,"max_hp_gain":0,"max_hp_loss":0,"event_name":"Golden Shrine","floor":3,"gold_loss":0},{"damage_healed":0,"gold_gain":75,"player_choice":"Gather Gold","damage_taken":11,"max_hp_gain":0,"max_hp_loss":0,"event_name":"World of Goop","floor":5,"gold_loss":0},{"damage_healed":0,"gold_gain":0,"player_choice":"Take Wound","damage_taken":0,"relics_obtained":["Golden Idol"],"max_hp_gain":0,"max_hp_loss":0,"event_name":"Golden Idol","floor":10,"gold_loss":0,"cards_obtained":["Injury"]},{"damage_healed":26,"gold_gain":0,"player_choice":"Banana","damage_taken":0,"max_hp_gain":0,"max_hp_loss":0,"event_name":"Big Fish","floor":12,"gold_loss":0}],"is_beta":false,"boss_relics":[],"items_purged_floors":[],"is_endless":false,"potions_floor_spawned":[7,13],"killed_by":"Slime Boss","ascension_level":0}