{"gold_per_floor":[115,290,305,305,155,188,188,243,243,243,256,256,100,127,127,229,229,245,245,245,245,257,285,285,301,327,327,227,227,227,258,258,354,354,366,183,198,198,198,198,214,224,224,16,29,29,41,41,41,41],"floor_reached":50,"playtime":4876,"items_purged":[],"score":679,"play_id":"56adafb5-c368-43ac-b99f-39e19a908444","local_time":"20180824151530","is_ascension_mode":true,"campfire_choices":[{"floor":7.0,"key":"REST"},{"floor":10.0,"key":"REST"},{"data":"Blade Dance","floor":15.0,"key":"SMITH"},{"data":"Blade Dance","floor":24.0,"key":"SMITH"},{"data":"Terror","floor":27.0,"key":"SMITH"},{"data":"Finisher","floor":30.0,"key":"SMITH"},{"floor":32.0,"key":"REST"},{"floor":40.0,"key":"DIG"},{"data":"Accuracy","floor":46.0,"key":"SMITH"},{"floor":49.0,"key":"REST"}],"neow_cost":"NONE","seed_source_timestamp":0,"circlet_count":0,"master_deck":["Defend_G+1","Defend_G+1","Defend_G+1","Defend_G+1","Defend_G+1","Strike_G+1","Strike_G+1","Strike_G+1","Strike_G+1","Survivor","Neutralize","Blade Dance+1","Blade Dance+1","Dagger Throw","Terror+1","Infinite Blades","Finisher+1","Corpse Explosion+1","Deadly Poison+1","Underhanded Strike+1","Blade Dance+1","Sucker Punch+1","Catalyst+1","Backflip+1","Finisher","Dagger Throw+1","Phantasmal Killer+1","Infinite Blades","Master of Strategy+1","Slice","Blade Dance+1","Cloak And Dagger+1","Choke+1","Accuracy+1","Slice","Neutralize","Dodge and Roll+1"],"special_seed":0,"relics":["Ring of the Snake","Juzu Bracelet","Vajra","Potion Belt","Strawberry","The Courier","TwistedFunnel","Toxic Egg 2","Sozu","Snake Skull","Whetstone","Nunchaku","Shovel","WristBlade","Calipers","Omamori","Incense Burner","Ninja Scroll"],"potions_floor_usage":[],"damage_taken":[{"damage":3.0,"enemies":"Cultist","floor":1.0,"turns":6.0},{"damage":2.0,"enemies":"Jaw Worm","floor":3.0,"turns":4.0},{"damage":38.0,"enemies":"Lagavulin","floor":6.0,"turns":9.0},{"damage":42.0,"enemies":"Lagavulin Event","floor":8.0,"turns":8.0},{"damage":0.0,"enemies":"Small Slimes","floor":11.0,"turns":2.0},{"damage":6.0,"enemies":"Gremlin Nob","floor":14.0,"turns":3.0},{"damage":40.0,"enemies":"Hexaghost","floor":16.0,"turns":8.0},{"damage":6.0,"enemies":"Spheric Guardian","floor":18.0,"turns":3.0},{"damage":0.0,"enemies":"Chosen","floor":22.0,"turns":3.0},{"damage":7.0,"enemies":"Gremlin Leader","floor":23.0,"turns":6.0},{"damage":0.0,"enemies":"Sentry and Sphere","floor":25.0,"turns":3.0},{"damage":19.0,"enemies":"Book of Stabbing","floor":31.0,"turns":4.0},{"damage":34.0,"enemies":"Collector","floor":33.0,"turns":5.0},{"damage":0.0,"enemies":"Flame Bruiser 1 Orb","floor":35.0,"turns":2.0},{"damage":8.0,"enemies":"Orb Walker","floor":37.0,"turns":2.0},{"damage":0.0,"enemies":"Mind Bloom Boss Battle","floor":39.0,"turns":3.0},{"damage":0.0,"enemies":"Sphere and 2 Shapes","floor":41.0,"turns":3.0},{"damage":0.0,"enemies":"Flame Bruiser 2 Orb","floor":42.0,"turns":3.0},{"damage":0.0,"enemies":"3 Darklings","floor":45.0,"turns":3.0},{"damage":4.0,"enemies":"4 Shapes","floor":47.0,"turns":1.0},{"damage":85,"enemies":"Time Eater","floor":50,"turns":4}],"seed_played":"-4988748933852127714","potions_obtained":[{"floor":1.0,"key":"SneckoOil"},{"floor":3.0,"key":"Regen Potion"},{"floor":8.0,"key":"Strength Potion"}],"is_trial":false,"path_per_floor":["M","?","M","?","$","E","R","?","T","R","M","?","$","E","R","B",null,"M","?","?","?","M","E","R","M","T","R","$","?","R","E","R","B",null,"M","$","M","?","?","R","M","M","T","$","M","R","M","?","R"],"character_chosen":"THE_SILENT","items_purchased":["Vajra","TwistedFunnel","Backflip+1","Finisher","Master of Strategy+1","Slice","Ninja Scroll"],"campfire_rested":4,"item_purchase_floors":[5,13,28,28,36,36,44],"current_hp_per_floor":[60,60,58,58,58,35,56,21,21,44,44,69,69,63,63,23,64,58,58,58,58,58,51,51,51,51,51,51,51,51,32,55,21,63,63,63,55,55,55,55,55,55,55,55,55,55,51,51,74,0],"gold":41,"neow_bonus":"RANDOM_COMMON_RELIC","is_prod":false,"is_daily":false,"chose_seed":false,"campfire_upgraded":5,"win_rate":0,"timestamp":1535141730,"path_taken":["M","?","M","?","?","E","R","?","T","R","M","?","?","E","R","BOSS","M","?","?","?","M","E","R","M","T","R","$","?","R","E","R","BOSS","M","$","M","?","?","R","M","M","T","$","M","R","M","?","R","BOSS"],"build_version":"2018-08-23v2","purchased_purges":0,"victory":false,"max_hp_per_floor":[70,70,70,70,70,70,70,77,77,77,77,77,77,77,77,77,77,77,77,77,77,77,77,77,77,77,77,77,77,77,77,77,77,77,77,77,77,77,77,77,77,77,77,77,77,77,77,77,77,77],"card_choices":[{"not_picked":["Masterful Stab","Acrobatics"],"picked":"Blade Dance","floor":1.0},{"not_picked":["Acrobatics","Escape Plan"],"picked":"Blade Dance","floor":3.0},{"not_picked":["Blade Dance","Die Die Die"],"picked":"Dagger Throw","floor":6.0},{"not_picked":["Bouncing Flask","Outmaneuver"],"picked":"Terror","floor":8.0},{"not_picked":["Dagger Throw","Quick Slash"],"picked":"Infinite Blades","floor":11.0},{"not_picked":["Bouncing Flask","Deadly Poison"],"picked":"Finisher","floor":14.0},{"not_picked":["Unload","Grand Finale"],"picked":"Corpse Explosion+1","floor":16.0},{"not_picked":["Underhanded Strike+1","Dagger Spray"],"picked":"Deadly Poison+1","floor":18.0},{"not_picked":["Bane+1","Heel Hook"],"picked":"Blade Dance+1","floor":22.0},{"not_picked":["Bullet Time+1","Quick Slash+1"],"picked":"Sucker Punch","floor":23.0},{"not_picked":["Flying Knee","Dodge and Roll+1"],"picked":"Catalyst+1","floor":25.0},{"not_picked":["Underhanded Strike","Flying Knee"],"picked":"Dagger Throw+1","floor":31.0},{"not_picked":["Doppelganger+1","Night Terror+1"],"picked":"Phantasmal Killer+1","floor":33.0},{"not_picked":["Sucker Punch","Outmaneuver+1"],"picked":"Infinite Blades","floor":35.0},{"not_picked":["Deadly Poison+1","Noxious Fumes"],"picked":"Blade Dance+1","floor":37.0},{"not_picked":["Bane+1","Quick Slash+1"],"picked":"Cloak And Dagger+1","floor":39.0},{"not_picked":["Quick Slash","Tools of the Trade"],"picked":"Choke+1","floor":41.0},{"not_picked":["Deflect+1","Finisher+1"],"picked":"Accuracy","floor":42.0},{"not_picked":["Expertise+1","Prepared+1","PiercingWail+1"],"picked":"SKIP","floor":45.0},{"not_picked":["Dodge and Roll+1","Riddle With Holes+1"],"picked":"Slice","floor":47.0}],"player_experience":541977,"relics_obtained":[{"floor":6.0,"key":"Potion Belt"},{"floor":9.0,"key":"The Courier"},{"floor":14.0,"key":"Toxic Egg 2"},{"floor":23.0,"key":"Snake Skull"},{"floor":26.0,"key":"Whetstone"},{"floor":31.0,"key":"Shovel"},{"floor":39.0,"key":"Calipers"},{"floor":40.0,"key":"Omamori"},{"floor":43.0,"key":"Incense Burner"}],"event_choices":[{"event_name":"Liars Game","player_choice":"agreed","floor":2.0,"damage_taken":0.0},{"event_name":"Fountain of Cleansing","player_choice":"Removed Curse","floor":4.0,"damage_taken":0.0},{"event_name":"Dead Adventurer","player_choice":"Searched \u00272\u0027 times","floor":8.0,"damage_taken":0.0},{"event_name":"Big Fish","player_choice":"Banana","floor":12.0,"damage_taken":0.0},{"event_name":"Transmorgrifier","player_choice":"Transform","floor":19.0,"damage_taken":0.0},{"event_name":"Back to Basics","player_choice":"Simplicity","floor":20.0,"damage_taken":0.0},{"event_name":"The Lab","player_choice":"Got Potions","floor":21.0,"damage_taken":0.0},{"event_name":"The Mausoleum","player_choice":"Yes","floor":29.0,"damage_taken":0.0},{"event_name":"Tomb of Lord Red Mask","player_choice":"Ignored","floor":38.0,"damage_taken":0.0},{"event_name":"MindBloom","player_choice":"Fight","floor":39.0,"damage_taken":0.0},{"event_name":"Match and Keep!","player_choice":"2 cards matched","floor":48.0,"damage_taken":0.0}],"is_beta":false,"boss_relics":[{"not_picked":["Calling Bell","Philosopher\u0027s Stone"],"picked":"Sozu"},{"not_picked":["Tiny House","Black Star"],"picked":"WristBlade"}],"items_purged_floors":[],"is_endless":false,"potions_floor_spawned":[1,3,8,18,23,33,37,39,42,45,47],"killed_by":"Time Eater","ascension_level":6}