{"gold_per_floor":[15,27,27,44,44,44,71,47,47,47,67,67,79,97,97,197,197,212,230,116,116,116,116,116,141,141,158,9,9,9,25,25,125,125,143,160,3,3,3,3,16,48,95,145,165,179,27,39,39,39],"floor_reached":51,"playtime":8008,"items_purged":["Strike_G","Strike_G"],"score":902,"play_id":"48e8e7ec-7abf-4070-a716-2b2a19f649b3","local_time":"20180724140509","is_ascension_mode":false,"campfire_choices":[{"data":"Terror","floor":6,"key":"SMITH"},{"floor":10,"key":"REST"},{"data":"Footwork","floor":12,"key":"SMITH"},{"data":"Dagger Spray","floor":15,"key":"SMITH"},{"data":"Blade Dance","floor":23,"key":"SMITH"},{"floor":30,"key":"REST"},{"data":"Envenom","floor":32,"key":"SMITH"},{"data":"Envenom","floor":40,"key":"SMITH"},{"floor":49,"key":"REST"}],"neow_cost":"NO_GOLD","seed_source_timestamp":2405422952207045,"circlet_count":0,"master_deck":["Defend_G","Defend_G","Defend_G+1","Defend_G","Defend_G","Survivor","Neutralize","After Image+1","Slice","Terror+1","Footwork+1","Slice","Sucker Punch","Dagger Spray+1","Escape Plan","Blur","Envenom+1","Sucker Punch","Slice","Infinite Blades","Blade Dance+1","Adrenaline","Dagger Spray","Poisoned Stab","Blur","Envenom+1","Blade Dance+1","Backflip","Outmaneuver+1","Accuracy+1","Outmaneuver+1","Tools of the Trade","Footwork+1","Calculated Gamble+1","Accuracy+1","Acrobatics+1","Backflip+1","Escape Plan+1"],"relics":["Ring of the Snake","Sundial","Bottled Lightning","Paper Crane","Nloth\u0027s Gift","Red Mask","Question Card","Sozu","Pen Nib","Prayer Wheel","Bronze Scales","Oddly Smooth Stone","Torii","Bag of Marbles"],"potions_floor_usage":[16,25,31,41,48],"damage_taken":[{"damage":2,"enemies":"Jaw Worm","floor":1,"turns":7},{"damage":0,"enemies":"Small Slimes","floor":2,"turns":3},{"damage":0,"enemies":"Cultist","floor":4,"turns":3},{"damage":12,"enemies":"3 Sentries","floor":7,"turns":16},{"damage":0,"enemies":"Blue Slaver","floor":11,"turns":4},{"damage":0,"enemies":"Exordium Wildlife","floor":13,"turns":4},{"damage":16,"enemies":"Lots of Slimes","floor":14,"turns":4},{"damage":5,"enemies":"Slime Boss","floor":16,"turns":13},{"damage":3,"enemies":"Chosen","floor":18,"turns":7},{"damage":2,"enemies":"Spheric Guardian","floor":19,"turns":11},{"damage":20,"floor":25,"turns":4},{"damage":0,"enemies":"Centurion and Healer","floor":27,"turns":6},{"damage":1,"enemies":"Snake Plant","floor":31,"turns":5},{"damage":10,"enemies":"Collector","floor":33,"turns":13},{"damage":12,"enemies":"3 Shapes","floor":35,"turns":5},{"damage":0,"enemies":"Orb Walker","floor":36,"turns":3},{"damage":0,"floor":38,"turns":6},{"damage":5,"enemies":"Maw","floor":41,"turns":7},{"damage":10,"enemies":"Nemesis","floor":42,"turns":7},{"damage":16,"floor":44,"turns":5},{"damage":0,"enemies":"4 Shapes","floor":45,"turns":4},{"damage":6,"enemies":"Transient","floor":46,"turns":5},{"damage":0,"enemies":"Maw","floor":48,"turns":7},{"damage":20,"enemies":"Time Eater","floor":50,"turns":14}],"seed_played":"-1562213673209369620","potions_obtained":[{"floor":2,"key":"LiquidBronze"},{"floor":7,"key":"PowerPotion"},{"floor":11,"key":"FearPotion"},{"floor":16,"key":"GhostInAJar"},{"floor":25,"key":"SneckoOil"},{"floor":29,"key":"Swift Potion"},{"floor":29,"key":"Block Potion"},{"floor":33,"key":"Strength Potion"}],"is_trial":false,"path_per_floor":["M","M","?","M","?","R","E","$","T","R","M","R","M","M","R","B",null,"M","M","$","?","?","R","?","?","T","M","$","?","R","M","R","B",null,"M","M","$","?","?","R","M","E","T","?","M","M","$","M","R","B"],"character_chosen":"THE_SILENT","items_purchased":["Sucker Punch","Infinite Blades","Poisoned Stab","Pen Nib","Bag of Marbles"],"campfire_rested":3,"item_purchase_floors":[8,20,28,37,47],"current_hp_per_floor":[68,68,61,61,47,47,35,35,35,56,56,56,56,40,40,35,70,67,65,65,65,65,65,65,45,45,45,45,45,66,65,65,55,70,58,58,58,58,58,58,53,43,43,27,27,21,21,21,42,22],"gold":39,"neow_bonus":"THREE_RARE_CARDS","is_prod":false,"is_daily":false,"chose_seed":false,"campfire_upgraded":6,"win_rate":0,"timestamp":1532459109,"path_taken":["M","M","?","M","?","R","E","$","T","R","M","R","M","?","R","BOSS","M","M","$","?","?","R","?","?","T","M","$","?","R","M","R","BOSS","M","M","$","?","?","R","M","E","T","?","?","M","?","M","R","BOSS"],"build_version":"2018-07-19v2","purchased_purges":2,"victory":true,"max_hp_per_floor":[70,70,70,70,70,70,70,70,70,70,70,70,70,70,70,70,70,70,70,70,70,70,70,70,70,70,70,70,70,70,70,70,70,70,70,70,70,70,70,70,70,70,70,70,70,70,70,70,70,70],"card_choices":[{"not_picked":["Unload","Night Terror"],"picked":"After Image","floor":0},{"not_picked":["Dagger Spray","Backflip"],"picked":"Slice","floor":1},{"not_picked":["Reflex","Eviscerate"],"picked":"Terror","floor":2},{"not_picked":["Slice","Poisoned Stab"],"picked":"Footwork","floor":4},{"not_picked":["Skewer","Setup"],"picked":"Slice","floor":7},{"not_picked":["Cloak And Dagger","Well Laid Plans"],"picked":"Dagger Spray","floor":11},{"not_picked":["Dodge and Roll","Cloak And Dagger"],"picked":"Escape Plan","floor":13},{"not_picked":["Distraction","Quick Slash"],"picked":"Blur","floor":14},{"not_picked":["Bullet Time","Night Terror"],"picked":"Envenom","floor":16},{"not_picked":["Deadly Poison+1","Cloak And Dagger"],"picked":"Sucker Punch","floor":18},{"not_picked":["Dagger Throw","Terror"],"picked":"Slice","floor":19},{"not_picked":["Corpse Explosion","Underhanded Strike+1"],"picked":"Dagger Spray","floor":25},{"not_picked":["PiercingWail+1","Flechettes","Bane","Tactician"],"picked":"SKIP","floor":27},{"not_picked":["Venomology","Backflip","Dodge and Roll+1"],"picked":"Blur","floor":31},{"not_picked":["Die Die Die","Unload","Adrenaline"],"picked":"Envenom","floor":33},{"not_picked":["Blur","Noxious Fumes+1","Dagger Throw+1"],"picked":"Blade Dance+1","floor":35},{"not_picked":["All Out Attack","Catalyst","Predator+1"],"picked":"Backflip","floor":36},{"not_picked":["Grand Finale","Reflex","Concentrate+1"],"picked":"Outmaneuver+1","floor":38},{"not_picked":["Quick Slash+1","Corpse Explosion","Dagger Spray"],"picked":"Accuracy+1","floor":41},{"not_picked":["Deflect+1","Deadly Poison+1","Calculated Gamble"],"picked":"Outmaneuver+1","floor":41},{"not_picked":["Grand Finale","Prepared+1","Dodge and Roll+1","PiercingWail+1"],"picked":"SKIP","floor":42},{"not_picked":["Prepared","Bane+1","Deadly Poison+1"],"picked":"Tools of the Trade","floor":44},{"not_picked":["Endless Agony+1","Backflip+1","Bane+1"],"picked":"Footwork+1","floor":45},{"not_picked":["Acrobatics+1","Eviscerate+1","Sucker Punch+1"],"picked":"Calculated Gamble+1","floor":45},{"not_picked":["Poisoned Stab+1","Backstab","Cloak And Dagger"],"picked":"Accuracy+1","floor":46},{"not_picked":["Bane","Expertise","Masterful Stab"],"picked":"Acrobatics+1","floor":46},{"not_picked":["Prepared","Quick Slash+1","Calculated Gamble"],"picked":"Backflip+1","floor":48},{"not_picked":["Blade Dance","Deflect","Corpse Explosion"],"picked":"Escape Plan+1","floor":48}],"player_experience":308391,"relics_obtained":[{"floor":7,"key":"Bottled Lightning"},{"floor":9,"key":"Paper Crane"},{"floor":25,"key":"Red Mask"},{"floor":26,"key":"Question Card"},{"floor":38,"key":"Prayer Wheel"},{"floor":42,"key":"Bronze Scales"},{"floor":43,"key":"Oddly Smooth Stone"},{"floor":44,"key":"Torii"}],"event_choices":[{"event_name":"Scrap Ooze","player_choice":"success","floor":3,"damage_taken":7},{"event_name":"Shining Light","player_choice":"Entered Light","floor":5,"damage_taken":0},{"event_name":"The Library","player_choice":"Read","floor":21,"damage_taken":0},{"event_name":"N\u0027loth","player_choice":"Traded a Empty Cage","floor":22,"damage_taken":0},{"event_name":"Match and Keep!","player_choice":"1 cards matched","floor":24,"damage_taken":0},{"event_name":"Masked Bandits","player_choice":"Fought over 116 gold","floor":25,"damage_taken":0},{"event_name":"The Lab","player_choice":"Got Potions","floor":29,"damage_taken":0},{"event_name":"MindBloom","player_choice":"Fight","floor":38,"damage_taken":0},{"event_name":"Purifier","player_choice":"One Purge","floor":39,"damage_taken":0},{"event_name":"Mysterious Sphere","player_choice":"Fight","floor":44,"damage_taken":0}],"is_beta":false,"boss_relics":[{"not_picked":["Snecko Eye","Runic Dome"],"picked":"Empty Cage"},{"not_picked":["White Beast Statue","Pandora\u0027s Box"],"picked":"Sozu"}],"items_purged_floors":[20,28],"is_endless":false,"potions_floor_spawned":[2,7,11,16,25,27,33,35,42,44,45,48],"ascension_level":0}