{"gold_per_floor":[365,440,455,183,198,224,224,239,239,252,177,177,177,192,192,266,266,277,277,1,12,12,37,37,37,37,68,78,78,88,88,88,165,165,181,231,173,190,17,17,44,44,44,0,0,50,149,168,168,168],"floor_reached":50,"playtime":4128,"items_purged":["Doubt"],"score":936,"play_id":"a3290d87-314a-4e05-acbf-1f9c1eb3c54f","local_time":"20181012102743","is_ascension_mode":true,"campfire_choices":[{"floor":7.0,"key":"REST"},{"data":"Perfected Strike","floor":13.0,"key":"SMITH"},{"data":"Flash of Steel","floor":15.0,"key":"SMITH"},{"data":"Wild Strike","floor":24.0,"key":"SMITH"},{"data":"Clothesline","floor":29.0,"key":"SMITH"},{"floor":32.0,"key":"REST"},{"data":"Bash","floor":40.0,"key":"SMITH"},{"floor":42.0,"key":"REST"},{"data":"Double Tap","floor":45.0,"key":"SMITH"},{"data":"The Bomb","floor":49.0,"key":"SMITH"}],"neow_cost":"CURSE","seed_source_timestamp":0,"circlet_count":0,"master_deck":["Strike_R","Strike_R","Strike_R","Strike_R","Strike_R","Defend_R","Defend_R","Defend_R","Defend_R","Bash+1","AscendersBane","Perfected Strike+1","Flash of Steel+1","Shrug It Off","Wild Strike+1","Ghostly Armor","Battle Trance","Headbutt+1","Wild Strike","Sentinel","Clothesline+1","Twin Strike","Double Tap+1","True Grit+1","Pommel Strike","Body Slam","Thunderclap+1","The Bomb+1","Ghostly Armor+1"],"special_seed":0,"relics":["Burning Blood","Bronze Scales","Ornamental Fan","Calipers","Snecko Eye","Pantograph","MutagenicStrength","Pocketwatch","Meat on the Bone","Ancient Tea Set","SsserpentHead","White Beast Statue","Incense Burner","Lantern","Happy Flower","Turnip","Red Mask","Peace Pipe"],"potions_floor_usage":[50,50],"damage_taken":[{"damage":18.0,"enemies":"Jaw Worm","floor":1.0,"turns":6.0},{"damage":0.0,"enemies":"Cultist","floor":3.0,"turns":4.0},{"damage":3.0,"enemies":"Small Slimes","floor":5.0,"turns":3.0},{"damage":32.0,"enemies":"Gremlin Nob","floor":6.0,"turns":5.0},{"damage":4.0,"enemies":"Looter","floor":8.0,"turns":4.0},{"damage":9.0,"enemies":"Blue Slaver","floor":10.0,"turns":2.0},{"damage":5.0,"enemies":"Gremlin Gang","floor":14.0,"turns":7.0},{"damage":63.0,"enemies":"Hexaghost","floor":16.0,"turns":11.0},{"damage":2.0,"enemies":"Chosen","floor":18.0,"turns":3.0},{"damage":0.0,"enemies":"3 Byrds","floor":21.0,"turns":3.0},{"damage":15.0,"enemies":"Book of Stabbing","floor":23.0,"turns":3.0},{"damage":32.0,"enemies":"Slavers","floor":27.0,"turns":6.0},{"damage":25.0,"enemies":"Cultist and Chosen","floor":28.0,"turns":5.0},{"damage":19.0,"enemies":"Sentry and Sphere","floor":30.0,"turns":5.0},{"damage":74.0,"enemies":"Collector","floor":33.0,"turns":6.0},{"damage":15.0,"enemies":"3 Darklings","floor":35.0,"turns":5.0},{"damage":4.0,"enemies":"Mind Bloom Boss Battle","floor":36.0,"turns":6.0},{"damage":24.0,"enemies":"3 Shapes","floor":38.0,"turns":5.0},{"damage":35.0,"enemies":"Nemesis","floor":41.0,"turns":7.0},{"damage":18.0,"enemies":"Mysterious Sphere","floor":47.0,"turns":5.0},{"damage":17.0,"enemies":"Maw","floor":48.0,"turns":6.0},{"damage":72,"enemies":"Time Eater","floor":50,"turns":9}],"seed_played":"-7988620103162858579","potions_obtained":[{"floor":1.0,"key":"Ancient Potion"},{"floor":10.0,"key":"EssenceOfSteel"},{"floor":16.0,"key":"AttackPotion"},{"floor":21.0,"key":"AttackPotion"},{"floor":30.0,"key":"Strength Potion"},{"floor":35.0,"key":"SneckoOil"},{"floor":36.0,"key":"EntropicBrew"},{"floor":38.0,"key":"AttackPotion"},{"floor":41.0,"key":"Dexterity Potion"},{"floor":48.0,"key":"SpeedPotion"}],"is_trial":false,"path_per_floor":["M","?","M","$","M","E","R","M","T","M","$","?","R","M","R","B",null,"M","?","$","M","?","E","R","?","T","E","M","R","M","?","R","B",null,"M","?","$","M","$","R","E","R","T","?","R","?","?","M","R"],"character_chosen":"IRONCLAD","items_purchased":["Bronze Scales","Flash of Steel","Pantograph","Pommel Strike","Lantern"],"campfire_rested":3,"item_purchase_floors":[4,4,20,37,39],"current_hp_per_floor":[56,45,51,51,54,28,50,52,52,49,49,74,74,75,75,18,61,69,69,69,75,75,66,66,66,66,52,45,45,44,44,66,19,61,52,75,75,57,57,57,40,62,62,62,62,62,50,51,51,3],"gold":168,"neow_bonus":"TWO_FIFTY_GOLD","is_prod":false,"is_daily":false,"chose_seed":false,"campfire_upgraded":7,"win_rate":0,"timestamp":1539358063,"path_taken":["M","?","?","$","?","E","R","M","T","?","$","?","R","M","R","BOSS","M","?","$","M","?","E","R","?","T","E","M","R","M","?","R","BOSS","M","?","$","M","$","R","E","R","T","?","R","?","?","M","R","BOSS"],"build_version":"2018-10-11","purchased_purges":1,"victory":false,"max_hp_per_floor":[75,75,75,75,75,75,75,75,75,75,75,75,75,75,75,75,75,75,75,75,75,75,75,75,75,75,75,75,75,75,75,75,75,75,75,75,75,75,75,75,75,75,75,75,75,75,75,75,75,75],"card_choices":[{"not_picked":["Corruption","Pommel Strike"],"picked":"Perfected Strike","floor":1.0},{"not_picked":["Seeing Red","Sword Boomerang","Bloodletting"],"picked":"SKIP","floor":3.0},{"not_picked":["Shockwave","Cleave"],"picked":"Shrug It Off","floor":5.0},{"not_picked":["Sword Boomerang","Brutality","Carnage"],"picked":"SKIP","floor":6.0},{"not_picked":["Clash","Reckless Charge"],"picked":"Wild Strike","floor":8.0},{"not_picked":["Infernal Blade","Inflame"],"picked":"Ghostly Armor","floor":10.0},{"not_picked":["Reckless Charge","Pummel"],"picked":"Battle Trance","floor":14.0},{"not_picked":["Exhume","Juggernaut"],"picked":"Reaper","floor":16.0},{"not_picked":["Havoc","Infernal Blade","Fire Breathing"],"picked":"SKIP","floor":18.0},{"not_picked":["Anger","Rage"],"picked":"Headbutt+1","floor":21.0},{"not_picked":["Shockwave","Warcry"],"picked":"Wild Strike","floor":23.0},{"not_picked":["Cleave","Dark Embrace","Whirlwind"],"picked":"SKIP","floor":27.0},{"not_picked":["Power Through","Iron Wave"],"picked":"Clothesline","floor":28.0},{"not_picked":["Cleave","Pummel+1"],"picked":"Twin Strike","floor":30.0},{"not_picked":["Reaper","Immolate"],"picked":"Double Tap","floor":33.0},{"not_picked":["Clothesline+1","Clash"],"picked":"True Grit+1","floor":35.0},{"not_picked":["Dropkick","Metallicize+1"],"picked":"Body Slam","floor":38.0},{"not_picked":["Offering","Havoc"],"picked":"Thunderclap+1","floor":41.0},{"not_picked":["Panacea","Mayhem"],"picked":"The Bomb","floor":46.0},{"not_picked":["Carnage+1","Second Wind+1"],"picked":"Ghostly Armor+1","floor":48.0}],"player_experience":757404,"relics_obtained":[{"floor":6.0,"key":"Ornamental Fan"},{"floor":9.0,"key":"Calipers"},{"floor":23.0,"key":"Pocketwatch"},{"floor":26.0,"key":"Meat on the Bone"},{"floor":27.0,"key":"Ancient Tea Set"},{"floor":36.0,"key":"Incense Burner"},{"floor":41.0,"key":"Happy Flower"},{"floor":43.0,"key":"Turnip"},{"floor":47.0,"key":"Peace Pipe"}],"event_choices":[{"event_name":"World of Goop","player_choice":"Gather Gold","floor":2.0,"damage_taken":0.0},{"event_name":"Big Fish","player_choice":"Banana","floor":12.0,"damage_taken":0.0},{"event_name":"N\u0027loth","player_choice":"Ignored","floor":19.0,"damage_taken":0.0},{"event_name":"Drug Dealer","player_choice":"Inject Mutagens","floor":22.0,"damage_taken":0.0},{"event_name":"Transmorgrifier","player_choice":"Transform","floor":25.0,"damage_taken":0.0},{"event_name":"FaceTrader","player_choice":"Trade","floor":31.0,"damage_taken":0.0},{"event_name":"MindBloom","player_choice":"Fight","floor":36.0,"damage_taken":0.0},{"event_name":"Tomb of Lord Red Mask","player_choice":"Paid","floor":44.0,"damage_taken":0.0},{"event_name":"SensoryStone","player_choice":"Memory 1","floor":46.0,"damage_taken":0.0},{"event_name":"Mysterious Sphere","player_choice":"Fight","floor":47.0,"damage_taken":0.0}],"is_beta":false,"boss_relics":[{"not_picked":["Runic Cube","Fusion Hammer"],"picked":"Snecko Eye"},{"not_picked":["Runic Dome","Pandora\u0027s Box"],"picked":"White Beast Statue"}],"items_purged_floors":[11],"is_endless":false,"potions_floor_spawned":[1,10,14,16,21,30,35,36,38,41,47,48],"killed_by":"Time Eater","ascension_level":16}