{"gold_per_floor":[111,126,201,217,231,262,262,287,287,299,37,52,84,11,11,115,115,105,105,115,115,115,115,135,135],"floor_reached":25,"playtime":1848,"items_purged":["Strike_G"],"score":256,"play_id":"48cb65ee-8cf0-4cd6-b829-a096e6a47192","local_time":"20180809103836","is_ascension_mode":true,"campfire_choices":[{"data":"Cloak And Dagger","floor":7,"key":"SMITH"},{"data":"Noxious Fumes","floor":15,"key":"SMITH"},{"data":"Caltrops","floor":23,"key":"SMITH"}],"neow_cost":"NONE","seed_source_timestamp":3781782518852825,"circlet_count":0,"master_deck":["Defend_G","Defend_G","Defend_G","Defend_G","Defend_G","Strike_G","Strike_G","Strike_G","Strike_G","Survivor","Neutralize+1","Cloak And Dagger","Noxious Fumes+1","Cloak And Dagger+1","Dash","Quick Slash","Poisoned Stab","Accuracy","Noxious Fumes","Noxious Fumes","Caltrops+1","A Thousand Cuts+1","Caltrops+1","Cloak And Dagger","Dagger Throw"],"relics":["Ring of the Snake","Bag of Marbles","Boot","Bottled Tornado","Bronze Scales","Bird Faced Urn","White Beast Statue","Tough Bandages"],"potions_floor_usage":[13,20,24],"damage_taken":[{"damage":0,"enemies":"Jaw Worm","floor":1,"turns":6},{"damage":0,"enemies":"Cultist","floor":2,"turns":4},{"damage":0,"enemies":"2 Louse","floor":4,"turns":3},{"damage":2,"enemies":"Red Slaver","floor":5,"turns":5},{"damage":2,"enemies":"3 Sentries","floor":6,"turns":8},{"damage":12,"enemies":"Lagavulin","floor":8,"turns":6},{"damage":0,"enemies":"Exordium Wildlife","floor":10,"turns":3},{"damage":3,"enemies":"Large Slime","floor":12,"turns":4},{"damage":4,"enemies":"3 Sentries","floor":13,"turns":4},{"damage":18,"enemies":"Slime Boss","floor":16,"turns":7},{"damage":30,"enemies":"2 Thieves","floor":18,"turns":4},{"damage":9,"enemies":"Shell Parasite","floor":20,"turns":4},{"damage":15,"enemies":"Snecko","floor":24,"turns":5},{"damage":33,"enemies":"Slavers","floor":25,"turns":3}],"seed_played":"4139943833079526248","potions_obtained":[{"floor":1,"key":"GhostInAJar"},{"floor":5,"key":"Dexterity Potion"},{"floor":8,"key":"FearPotion"},{"floor":12,"key":"Block Potion"},{"floor":16,"key":"SteroidPotion"},{"floor":18,"key":"Ancient Potion"},{"floor":20,"key":"Swift Potion"},{"floor":24,"key":"Regen Potion"}],"is_trial":false,"path_per_floor":["M","M","?","M","M","E","R","E","T","M","$","M","E","$","R","B",null,"M","?","M","?","?","R","M"],"character_chosen":"THE_SILENT","items_purchased":["Bronze Scales","Noxious Fumes","Caltrops"],"campfire_rested":0,"item_purchase_floors":[11,11,14],"current_hp_per_floor":[70,70,59,59,57,55,55,43,43,43,43,40,36,36,36,28,70,42,42,41,41,41,41,36,9],"gold":135,"neow_bonus":"UPGRADE_CARD","is_prod":false,"is_daily":false,"chose_seed":false,"campfire_upgraded":3,"win_rate":0,"timestamp":1533829116,"path_taken":["M","M","?","?","M","E","R","E","T","M","$","M","E","?","R","BOSS","M","?","M","?","?","R","?","E"],"build_version":"2018-08-02","purchased_purges":1,"victory":false,"max_hp_per_floor":[70,70,70,70,70,70,70,70,70,70,70,70,70,70,70,70,70,70,70,70,70,70,70,70,70],"card_choices":[{"not_picked":["Masterful Stab","Outmaneuver"],"picked":"Cloak And Dagger","floor":1},{"not_picked":["Skewer","Masterful Stab"],"picked":"Noxious Fumes","floor":2},{"not_picked":["Masterful Stab","Sucker Punch"],"picked":"Cloak And Dagger","floor":4},{"not_picked":["Tactician","Footwork"],"picked":"Dash","floor":5},{"not_picked":["Escape Plan","Flechettes"],"picked":"Quick Slash","floor":6},{"not_picked":["Eviscerate","Quick Slash"],"picked":"Poisoned Stab","floor":8},{"not_picked":["Well Laid Plans","Underhanded Strike"],"picked":"Accuracy","floor":10},{"not_picked":["Underhanded Strike","Dagger Spray","Setup"],"picked":"SKIP","floor":12},{"not_picked":["Underhanded Strike","Crippling Poison"],"picked":"Noxious Fumes","floor":13},{"not_picked":["Malaise","Storm of Steel"],"picked":"A Thousand Cuts","floor":16},{"not_picked":["Bouncing Flask","Quick Slash"],"picked":"Caltrops+1","floor":18},{"not_picked":["Flying Knee","Underhanded Strike+1"],"picked":"Cloak And Dagger","floor":20},{"not_picked":["Predator+1","Bane"],"picked":"Dagger Throw","floor":24}],"player_experience":464705,"relics_obtained":[{"floor":6,"key":"Bag of Marbles"},{"floor":8,"key":"Boot"},{"floor":9,"key":"Bottled Tornado"},{"floor":13,"key":"Bird Faced Urn"}],"event_choices":[{"event_name":"World of Goop","player_choice":"Gather Gold","floor":3,"damage_taken":0},{"event_name":"Wheel of Change","player_choice":"Relic","floor":19,"damage_taken":0},{"event_name":"Ghosts","player_choice":"Ignored","floor":21,"damage_taken":0},{"event_name":"Accursed Blacksmith","player_choice":"Forge","floor":22,"damage_taken":0}],"is_beta":false,"boss_relics":[{"not_picked":["Ectoplasm","Fusion Hammer"],"picked":"White Beast Statue"}],"items_purged_floors":[11],"is_endless":false,"potions_floor_spawned":[1,5,8,12,16,18,20,24],"killed_by":"Slavers","ascension_level":3}