{"gold_per_floor":[110,127,127,145,155,155,187,187,212,236,236,236,255,255,255,351,351,361,286,299,312,325,325,353,353,353,368,283,283],"floor_reached":29,"playtime":3126,"items_purged":["Strike_G"],"score":245,"play_id":"8bcbadc4-8ed1-4dcc-a363-77fcb5de050e","local_time":"20190310115948","is_ascension_mode":false,"campfire_choices":[{"data":"Endless Agony","floor":6,"key":"SMITH"},{"data":"Dash","floor":8,"key":"SMITH"},{"data":"Neutralize","floor":11,"key":"SMITH"},{"data":"Cloak And Dagger","floor":15,"key":"SMITH"},{"data":"Burst","floor":23,"key":"SMITH"},{"data":"Blade Dance","floor":25,"key":"SMITH"}],"neow_cost":"NONE","seed_source_timestamp":814165986885333,"circlet_count":0,"master_deck":["Defend_G","Defend_G+1","Defend_G","Defend_G","Defend_G","Strike_G","Strike_G","Strike_G+1","Strike_G","Survivor","Neutralize+1","Blade Dance+1","Prepared","Endless Agony+1","Dash+1","Acrobatics","Acrobatics+1","Cloak And Dagger+1","Burst+1","Blade Dance+1"],"relics":["Ring of the Snake","Happy Flower","Odd Mushroom","Letter Opener","Busted Crown","Smiling Mask","Bottled Flame","War Paint"],"potions_floor_usage":[5,21,22,24],"damage_taken":[{"damage":5,"enemies":"Jaw Worm","floor":1,"turns":5},{"damage":0,"enemies":"Small Slimes","floor":2,"turns":3},{"damage":0,"enemies":"2 Louse","floor":4,"turns":3},{"damage":0,"enemies":"Lots of Slimes","floor":5,"turns":1},{"damage":16,"enemies":"Gremlin Nob","floor":7,"turns":4},{"damage":3,"enemies":"The Mushroom Lair","floor":10,"turns":4},{"damage":0,"enemies":"Blue Slaver","floor":13,"turns":2},{"damage":11,"enemies":"The Guardian","floor":16,"turns":14},{"damage":0,"enemies":"Chosen","floor":18,"turns":3},{"damage":0,"enemies":"Spheric Guardian","floor":20,"turns":3},{"damage":5,"enemies":"Centurion and Healer","floor":21,"turns":4},{"damage":1,"enemies":"Shelled Parasite and Fungi","floor":22,"turns":4},{"damage":15,"enemies":"Book of Stabbing","floor":24,"turns":5},{"damage":17,"enemies":"Snake Plant","floor":27,"turns":6},{"damage":0,"enemies":"Slavers","floor":29,"turns":1}],"seed_played":"-7388822200545233218","potions_obtained":[{"floor":2,"key":"Explosive Potion"},{"floor":5,"key":"PowerPotion"},{"floor":7,"key":"LiquidBronze"},{"floor":10,"key":"SneckoOil"},{"floor":18,"key":"Explosive Potion"},{"floor":27,"key":"GamblersBrew"}],"is_trial":false,"path_per_floor":["M","M","?","M","M","R","E","R","T","?","R","?","M","T","R","B",null,"M","$","M","M","M","R","E","R","T","M","?","E"],"character_chosen":"THE_SILENT","items_purchased":[],"campfire_rested":0,"item_purchase_floors":[],"current_hp_per_floor":[72,72,57,57,57,57,41,41,41,38,38,63,63,63,63,52,77,77,77,77,72,71,71,56,56,56,39,39,39],"gold":283,"neow_bonus":"TEN_PERCENT_HP_BONUS","is_prod":false,"is_daily":false,"chose_seed":false,"campfire_upgraded":6,"win_rate":0,"timestamp":1552237188,"path_taken":["M","M","?","M","M","R","E","R","T","?","R","?","M","?","R","BOSS","M","$","?","M","M","R","E","R","T","M","?","E"],"build_version":"2019-01-23","purchased_purges":1,"victory":false,"max_hp_per_floor":[77,77,77,77,77,77,77,77,77,77,77,77,77,77,77,77,77,77,77,77,77,77,77,77,77,77,77,77,77],"card_choices":[{"not_picked":["Slice","Deflect"],"picked":"Blade Dance","floor":1},{"not_picked":["Dagger Throw","Tactician"],"picked":"Prepared","floor":2},{"not_picked":["Masterful Stab","Dodge and Roll"],"picked":"Endless Agony","floor":4},{"not_picked":["Quick Slash","Dagger Throw"],"picked":"Dash","floor":5},{"not_picked":["Poisoned Stab","Deflect"],"picked":"Acrobatics","floor":7},{"not_picked":["Deadly Poison","Catalyst"],"picked":"Acrobatics","floor":10},{"not_picked":["Noxious Fumes","Escape Plan"],"picked":"Cloak And Dagger","floor":13},{"not_picked":["Doppelganger","Night Terror"],"picked":"Burst","floor":16},{"not_picked":["Bane+1"],"picked":"SKIP","floor":18},{"not_picked":["Sucker Punch"],"picked":"SKIP","floor":20},{"not_picked":["Catalyst"],"picked":"SKIP","floor":21},{"not_picked":["Riddle With Holes+1"],"picked":"SKIP","floor":22},{"not_picked":[],"picked":"Blade Dance","floor":24},{"not_picked":["Crippling Poison+1"],"picked":"SKIP","floor":27}],"player_experience":1149044,"relics_obtained":[{"floor":7,"key":"Happy Flower"},{"floor":10,"key":"Odd Mushroom"},{"floor":14,"key":"Letter Opener"},{"floor":24,"key":"Smiling Mask"},{"floor":26,"key":"Bottled Flame"}],"event_choices":[{"damage_healed":0,"gold_gain":0,"player_choice":"Entered Light","damage_taken":15,"max_hp_gain":0,"max_hp_loss":0,"event_name":"Shining Light","floor":3,"gold_loss":0,"cards_upgraded":["Strike_G","Blade Dance"]},{"damage_healed":0,"gold_gain":0,"player_choice":"Fought Mushrooms","damage_taken":0,"max_hp_gain":0,"max_hp_loss":0,"event_name":"Mushrooms","floor":10,"gold_loss":0},{"damage_healed":25,"gold_gain":0,"player_choice":"Banana","damage_taken":0,"max_hp_gain":0,"max_hp_loss":0,"event_name":"Big Fish","floor":12,"gold_loss":0},{"damage_healed":0,"gold_gain":0,"player_choice":"Obtained Relic","damage_taken":0,"relics_obtained":["War Paint"],"max_hp_gain":0,"max_hp_loss":0,"event_name":"Addict","floor":28,"gold_loss":85}],"is_beta":false,"boss_relics":[{"not_picked":["Pandora\u0027s Box","Sozu"],"picked":"Busted Crown"}],"items_purged_floors":[19],"is_endless":false,"potions_floor_spawned":[2,5,7,10,18,27],"killed_by":"Slavers","ascension_level":0}