{"gold_per_floor":[214,214,214,67,86,86,98,173,198,230,230,264,189,206,206,303,303,320,320,320,70,86,86,110,110,110,138,151,165,190,205,205,205],"floor_reached":33,"playtime":4020,"items_purged":["Defend_R","Defend_R"],"score":320,"play_id":"dfb96893-c9a3-4d06-b1c3-ffd4beee30f8","local_time":"20180713085710","is_ascension_mode":false,"campfire_choices":[{"data":"Bash","floor":6,"key":"SMITH"},{"floor":15,"key":"REST"},{"data":"Flame Barrier","floor":23,"key":"SMITH"},{"data":"Ghostly Armor","floor":25,"key":"SMITH"},{"data":"Body Slam","floor":32,"key":"SMITH"}],"neow_cost":"NONE","seed_source_timestamp":1440463069118857,"circlet_count":0,"master_deck":["Defend_R","Bash+1","Ghostly Armor+1","Iron Wave","Flame Barrier+1","Heavy Blade","Iron Wave+1","Bite","Bite","Bite","Bite","Bite","Pommel Strike","Body Slam","Battle Trance+1","Power Through+1","Body Slam+1"],"relics":["Burning Blood","Pen Nib","Dream Catcher","Happy Flower","Meat on the Bone","Torii","Mark of Pain","Oddly Smooth Stone","Anchor","Singing Bowl","Ancient Tea Set","Strawberry"],"potions_floor_usage":[12,16,27,27,29],"damage_taken":[{"damage":7,"enemies":"2 Louse","floor":1,"turns":3},{"damage":0,"enemies":"Cultist","floor":3,"turns":4},{"damage":3,"enemies":"Jaw Worm","floor":5,"turns":5},{"damage":0,"enemies":"3 Louse","floor":7,"turns":3},{"damage":28,"enemies":"Gremlin Nob","floor":10,"turns":5},{"damage":9,"enemies":"3 Sentries","floor":12,"turns":12},{"damage":1,"enemies":"Blue Slaver","floor":14,"turns":3},{"damage":31,"enemies":"The Guardian","floor":16,"turns":18},{"damage":32,"enemies":"Spheric Guardian","floor":18,"turns":8},{"damage":12,"enemies":"2 Thieves","floor":22,"turns":4},{"damage":76,"enemies":"Gremlin Leader","floor":27,"turns":13},{"damage":0,"enemies":"Snecko","floor":28,"turns":5},{"damage":2,"enemies":"Centurion and Healer","floor":29,"turns":5},{"damage":7,"enemies":"Book of Stabbing","floor":30,"turns":4},{"damage":1,"enemies":"Slaver and Parasite","floor":31,"turns":6},{"damage":96,"enemies":"Collector","floor":33,"turns":6}],"seed_played":"-4444020701492581430","potions_obtained":[{"floor":5,"key":"Strength Potion"},{"floor":7,"key":"Dexterity Potion"},{"floor":14,"key":"Energy Potion"},{"floor":18,"key":"Weak Potion"},{"floor":28,"key":"Fire Potion"},{"floor":29,"key":"SneckoOil"}],"is_trial":false,"path_per_floor":["M","?","M","$","M","R","M","?","T","E","T","E","$","M","R","B",null,"M","?","?","$","M","R","T","R","T","E","M","M","E","M","R"],"character_chosen":"IRONCLAD","items_purchased":["Pen Nib","Oddly Smooth Stone"],"campfire_rested":1,"item_purchase_floors":[4,21],"current_hp_per_floor":[79,72,78,78,80,80,80,69,69,47,47,56,56,61,80,55,80,54,54,54,54,56,56,56,56,56,28,44,56,62,63,63,0],"gold":205,"neow_bonus":"HUNDRED_GOLD","is_prod":false,"is_daily":false,"chose_seed":false,"campfire_upgraded":4,"win_rate":0,"timestamp":1531490230,"path_taken":["M","?","M","$","M","R","M","?","T","E","?","E","$","M","R","BOSS","M","?","?","$","?","R","?","R","T","E","?","M","E","M","R","BOSS"],"build_version":"2018-07-12","purchased_purges":2,"victory":false,"max_hp_per_floor":[80,80,80,80,80,80,80,80,80,80,80,80,80,80,80,80,80,80,56,56,56,56,56,56,56,56,56,56,56,63,63,63,63],"card_choices":[{"not_picked":["Havoc","Fire Breathing"],"picked":"Ghostly Armor","floor":1},{"not_picked":["Shrug It Off","Cleave","Havoc"],"picked":"SKIP","floor":3},{"not_picked":["Armaments","Intimidate","Dropkick"],"picked":"SKIP","floor":5},{"not_picked":["Rage","Blood for Blood"],"picked":"Iron Wave","floor":7},{"not_picked":["Double Tap","Second Wind"],"picked":"Flame Barrier","floor":10},{"not_picked":["Reckless Charge","Exhume"],"picked":"Heavy Blade","floor":12},{"not_picked":["Carnage","Dual Wield","Havoc"],"picked":"SKIP","floor":14},{"not_picked":["Dropkick","Armaments"],"picked":"Iron Wave+1","floor":18},{"not_picked":["Body Slam","Cleave","Combust"],"picked":"SKIP","floor":22},{"not_picked":["Sever Soul","Disarm+1"],"picked":"Pommel Strike","floor":27},{"not_picked":["Havoc+1","Iron Wave+1"],"picked":"Body Slam","floor":28},{"not_picked":["Cleave+1","Hemokinesis"],"picked":"Battle Trance+1","floor":29},{"not_picked":["Demon Form","Feel No Pain+1"],"picked":"Power Through+1","floor":30},{"not_picked":["Anger+1","Cleave"],"picked":"Body Slam","floor":31}],"player_experience":169995,"relics_obtained":[{"floor":9,"key":"Dream Catcher"},{"floor":10,"key":"Happy Flower"},{"floor":11,"key":"Meat on the Bone"},{"floor":12,"key":"Torii"},{"floor":24,"key":"Anchor"},{"floor":26,"key":"Singing Bowl"},{"floor":27,"key":"Ancient Tea Set"},{"floor":30,"key":"Strawberry"}],"event_choices":[{"event_name":"Golden Wing","player_choice":"Card Removal","floor":2,"damage_taken":0},{"event_name":"World of Goop","player_choice":"Gather Gold","floor":8,"damage_taken":0},{"event_name":"Vampires","player_choice":"Became a vampire","floor":19,"damage_taken":0},{"event_name":"Ghosts","player_choice":"Ignored","floor":20,"damage_taken":0}],"boss_relics":[{"not_picked":["Eternal Feather","Runic Pyramid"],"picked":"Mark of Pain"}],"items_purged_floors":[13,21],"is_endless":false,"potions_floor_spawned":[5,7,14,18,28,29],"killed_by":"Collector","ascension_level":0}