{"gold_per_floor":[16,26,26,44,44,71,85,85,85,112,112,287,287,298,298,401,401,411,23,43,60,78,78,107,107,133,165,165,200,210,220,220,318,318,328,346,23,23,0,0,100,130,130,140,140,171,184,9,9,9],"floor_reached":51,"playtime":3375,"items_purged":["Strike_R","Strike_R","Defend_R"],"score":925,"play_id":"1292ef09-2e0a-475b-8c88-840e7b01e54a","local_time":"20181101181331","is_ascension_mode":true,"campfire_choices":[{"floor":8,"key":"REST"},{"data":"Shockwave","floor":11,"key":"SMITH"},{"data":"Limit Break","floor":13,"key":"SMITH"},{"data":"Inflame","floor":15,"key":"SMITH"},{"floor":23,"key":"REST"},{"floor":25,"key":"REST"},{"floor":28,"key":"REST"},{"data":"Flame Barrier","floor":32,"key":"SMITH"},{"data":"Inflame","floor":40,"key":"SMITH"},{"floor":49,"key":"REST"}],"neow_cost":"NO_GOLD","seed_source_timestamp":195420534010059,"circlet_count":0,"master_deck":["Strike_R","Strike_R","Defend_R","Bash","Shockwave+1","Battle Trance","Limit Break+1","Shrug It Off","Cleave","Inflame+1","Fiend Fire","Thunderclap","Heavy Blade","Flame Barrier+1","Ghostly Armor","Power Through","Flex+1","Pummel","Limit Break","Inflame+1","Thunderclap","Dropkick"],"relics":["Burning Blood","FossilizedHelix","Bag of Marbles","Bottled Lightning","Lantern","Ancient Tea Set","Empty Cage","Mummified Hand","Darkstone Periapt","Dream Catcher","Potion Belt","Red Skull","Cursed Key","Omamori","Red Mask","Turnip","Centennial Puzzle","Mercury Hourglass","Blue Candle"],"potions_floor_usage":[10,14,16,22,27,33,33,42,42,46,50,50],"damage_taken":[{"damage":0,"enemies":"2 Louse","floor":1,"turns":3},{"damage":0,"enemies":"Jaw Worm","floor":2,"turns":2},{"damage":0,"enemies":"Small Slimes","floor":4,"turns":3},{"damage":30,"enemies":"Lagavulin","floor":6,"turns":6},{"damage":0,"enemies":"Looter","floor":7,"turns":3},{"damage":17,"enemies":"3 Sentries","floor":10,"turns":7},{"damage":2,"enemies":"Exordium Wildlife","floor":14,"turns":4},{"damage":33,"enemies":"Hexaghost","floor":16,"turns":6},{"damage":0,"enemies":"Spheric Guardian","floor":18,"turns":3},{"damage":15,"enemies":"Shell Parasite","floor":20,"turns":3},{"damage":0,"enemies":"Snecko","floor":21,"turns":4},{"damage":17,"enemies":"3 Cultists","floor":22,"turns":4},{"damage":57,"enemies":"Slavers","floor":24,"turns":8},{"damage":21,"enemies":"Gremlin Leader","floor":27,"turns":6},{"damage":18,"enemies":"Book of Stabbing","floor":29,"turns":5},{"damage":0,"enemies":"Snake Plant","floor":30,"turns":4},{"damage":0,"enemies":"Snecko","floor":31,"turns":3},{"damage":46,"enemies":"Collector","floor":33,"turns":4},{"damage":3,"enemies":"3 Darklings","floor":35,"turns":4},{"damage":0,"enemies":"3 Shapes","floor":36,"turns":4},{"damage":10,"enemies":"Mind Bloom Boss Battle","floor":41,"turns":4},{"damage":25,"enemies":"Nemesis","floor":42,"turns":3},{"damage":0,"enemies":"Transient","floor":44,"turns":5},{"damage":25,"enemies":"Reptomancer","floor":46,"turns":5},{"damage":0,"enemies":"Spire Growth","floor":47,"turns":3},{"damage":39,"enemies":"Time Eater","floor":50,"turns":6}],"seed_played":"130713165772868805","potions_obtained":[{"floor":4,"key":"Explosive Potion"},{"floor":7,"key":"BloodPotion"},{"floor":10,"key":"Energy Potion"},{"floor":14,"key":"Dexterity Potion"},{"floor":16,"key":"SneckoOil"},{"floor":20,"key":"Explosive Potion"},{"floor":27,"key":"SpeedPotion"},{"floor":30,"key":"Block Potion"},{"floor":31,"key":"Strength Potion"},{"floor":33,"key":"BloodPotion"},{"floor":36,"key":"EssenceOfSteel"},{"floor":42,"key":"PowerPotion"},{"floor":46,"key":"SpeedPotion"}],"is_trial":false,"path_per_floor":["M","M","?","M","?","E","M","R","T","E","R","?","R","M","R","B",null,"M","$","M","M","M","R","E","R","T","E","R","E","M","M","R","B",null,"M","M","$","?","?","R","?","E","T","M","?","E","M","$","R","B"],"character_chosen":"IRONCLAD","items_purchased":["Mummified Hand","Regen Potion","Inflame","Omamori","SteroidPotion"],"campfire_rested":5,"item_purchase_floors":[19,19,37,37,48],"current_hp_per_floor":[80,80,77,80,80,56,62,80,80,69,69,69,69,73,73,46,80,80,80,71,77,66,80,29,53,53,53,77,65,71,77,77,37,80,80,80,80,80,80,80,76,65,65,71,71,52,58,58,80,55],"gold":9,"neow_bonus":"ONE_RARE_RELIC","is_prod":false,"is_daily":false,"chose_seed":false,"campfire_upgraded":5,"win_rate":0,"timestamp":1541121211,"path_taken":["M","M","?","M","?","E","M","R","T","E","R","?","R","M","R","BOSS","M","$","?","M","?","R","E","R","T","E","R","E","?","M","R","BOSS","M","M","$","?","?","R","?","E","T","M","?","E","M","$","R","BOSS"],"build_version":"2018-10-25v2","purchased_purges":3,"victory":true,"max_hp_per_floor":[80,80,80,80,80,80,80,80,80,80,80,80,80,80,80,80,80,80,80,80,80,80,80,80,80,80,80,80,80,80,80,80,80,80,80,80,80,80,80,80,80,80,80,80,80,80,80,80,80,80],"card_choices":[{"not_picked":["Sword Boomerang","Havoc"],"picked":"Shockwave","floor":1},{"not_picked":["Uppercut","Rage"],"picked":"Battle Trance","floor":2},{"not_picked":["Bloodletting","Perfected Strike","Wild Strike"],"picked":"SKIP","floor":4},{"not_picked":["Iron Wave","Body Slam"],"picked":"Limit Break","floor":6},{"not_picked":["Clash","Anger"],"picked":"Shrug It Off","floor":7},{"not_picked":["Dark Embrace","Rupture"],"picked":"Cleave","floor":10},{"not_picked":["Thunderclap","Hemokinesis"],"picked":"Inflame","floor":14},{"not_picked":["Barricade","Exhume"],"picked":"Fiend Fire","floor":16},{"not_picked":["Warcry","Body Slam+1"],"picked":"Thunderclap","floor":18},{"not_picked":["Twin Strike","Perfected Strike"],"picked":"Heavy Blade","floor":20},{"not_picked":["Feel No Pain","Anger"],"picked":"Flame Barrier","floor":21},{"not_picked":["Pommel Strike","True Grit"],"picked":"Ghostly Armor","floor":22},{"not_picked":["Dual Wield+1","Shockwave"],"picked":"Power Through","floor":24},{"not_picked":["Second Wind","Cleave","Barricade"],"picked":"SKIP","floor":27},{"not_picked":["Anger+1","Headbutt+1"],"picked":"Flex+1","floor":28},{"not_picked":["Blood for Blood","Dual Wield"],"picked":"Pummel","floor":29},{"not_picked":["Warcry","Disarm","Sword Boomerang"],"picked":"SKIP","floor":30},{"not_picked":["Iron Wave","Thunderclap"],"picked":"Offering","floor":31},{"not_picked":["Feed","Reaper"],"picked":"Limit Break","floor":33},{"not_picked":["Warcry","Body Slam+1","Cleave+1"],"picked":"SKIP","floor":35},{"not_picked":["Thunderclap","Uppercut+1","Rupture"],"picked":"SKIP","floor":36},{"not_picked":["Wild Strike","Shrug It Off","True Grit"],"picked":"SKIP","floor":42},{"not_picked":["Thunderclap","Armaments+1","True Grit+1"],"picked":"SKIP","floor":44},{"not_picked":["Anger+1","Juggernaut","Seeing Red+1"],"picked":"SKIP","floor":46},{"not_picked":["Heavy Blade+1","Body Slam","True Grit"],"picked":"SKIP","floor":47},{"not_picked":["Headbutt","Bloodletting"],"picked":"Dropkick","floor":49}],"player_experience":464462,"relics_obtained":[{"floor":6,"key":"Bottled Lightning"},{"floor":9,"key":"Lantern"},{"floor":10,"key":"Ancient Tea Set"},{"floor":24,"key":"Darkstone Periapt"},{"floor":26,"key":"Dream Catcher"},{"floor":27,"key":"Potion Belt"},{"floor":29,"key":"Red Skull"},{"floor":41,"key":"Turnip"},{"floor":42,"key":"Centennial Puzzle"},{"floor":43,"key":"Mercury Hourglass"},{"floor":46,"key":"Blue Candle"}],"event_choices":[{"damage_healed":0,"gold_gain":0,"player_choice":"Success","damage_taken":3,"relics_obtained":["Bag of Marbles"],"max_hp_gain":0,"max_hp_loss":0,"event_name":"Scrap Ooze","floor":3,"gold_loss":0},{"cards_removed":["Strike_R"],"damage_healed":0,"gold_gain":0,"player_choice":"Forget","damage_taken":0,"max_hp_gain":0,"max_hp_loss":0,"event_name":"Living Wall","floor":5,"gold_loss":0},{"damage_healed":0,"gold_gain":175,"player_choice":"AGREE","damage_taken":0,"max_hp_gain":0,"max_hp_loss":0,"event_name":"Liars Game","floor":12,"gold_loss":0,"cards_obtained":["Doubt"]},{"damage_healed":0,"gold_gain":0,"cards_transformed":["Defend_R"],"player_choice":"Transformed","damage_taken":0,"max_hp_gain":0,"max_hp_loss":0,"event_name":"Transmorgrifier","floor":38,"gold_loss":0,"cards_obtained":["Thunderclap"]},{"damage_healed":0,"gold_gain":0,"player_choice":"Paid","damage_taken":0,"relics_obtained":["Red Mask"],"max_hp_gain":0,"max_hp_loss":0,"event_name":"Tomb of Lord Red Mask","floor":39,"gold_loss":23},{"damage_healed":0,"gold_gain":0,"player_choice":"Fight","damage_taken":0,"max_hp_gain":0,"max_hp_loss":0,"event_name":"MindBloom","floor":41,"gold_loss":0},{"cards_removed":["Offering"],"damage_healed":0,"gold_gain":0,"player_choice":"Removed Skill","damage_taken":0,"max_hp_gain":0,"max_hp_loss":0,"event_name":"Falling","floor":45,"gold_loss":0}],"is_beta":false,"boss_relics":[{"not_picked":["White Beast Statue","Fusion Hammer"],"picked":"Empty Cage"},{"not_picked":["Philosopher\u0027s Stone","Calling Bell"],"picked":"Cursed Key"}],"items_purged_floors":[19,37,48],"is_endless":false,"potions_floor_spawned":[4,7,10,14,16,20,27,30,31,33,36,42,46],"ascension_level":4}