{"gold_per_floor":[115,290,303,303,21,80,91,106,133,133,165,184,184,184,184,184],"floor_reached":16,"playtime":1184,"items_purged":["Normality"],"score":127,"play_id":"e7cc3745-9af7-4da5-b22e-e17c6c88b32e","local_time":"20181006104856","is_ascension_mode":true,"campfire_choices":[{"floor":10,"key":"REST"},{"floor":13,"key":"REST"},{"floor":15,"key":"REST"}],"neow_cost":"CURSE","seed_source_timestamp":684198958675468,"circlet_count":0,"master_deck":["Defend_G","Defend_G","Defend_G","Defend_G","Defend_G","Strike_G","Strike_G","Strike_G","Strike_G","Strike_G","Survivor","Neutralize","Parasite","Prepared","PiercingWail","Poisoned Stab","Backflip","Venomology","Dagger Throw"],"relics":["Ring of the Snake","Girya","Boot","Tiny Chest","Omamori","Vajra"],"potions_floor_usage":[6,6,6,6,8,11,12,16],"damage_taken":[{"damage":3,"enemies":"Small Slimes","floor":1,"turns":5},{"damage":14,"enemies":"Jaw Worm","floor":3,"turns":7},{"damage":24,"enemies":"3 Sentries","floor":6,"turns":12},{"damage":0,"enemies":"Cultist","floor":7,"turns":4},{"damage":1,"enemies":"Looter","floor":8,"turns":4},{"damage":45,"enemies":"Lagavulin","floor":11,"turns":8},{"damage":0,"enemies":"2 Fungi Beasts","floor":12,"turns":3},{"damage":48,"enemies":"Hexaghost","floor":16,"turns":16}],"seed_played":"-1033539047785079206","potions_obtained":[{"floor":3,"key":"EntropicBrew"},{"floor":11,"key":"Poison Potion"},{"floor":12,"key":"SmokeBomb"}],"is_trial":false,"path_per_floor":["M","?","M","?","$","E","M","M","T","R","E","M","R","?","R"],"character_chosen":"THE_SILENT","items_purchased":["Poisoned Stab","Boot"],"campfire_rested":3,"item_purchase_floors":[5,5],"current_hp_per_floor":[67,67,53,53,53,29,29,28,28,49,4,4,25,25,46,0],"gold":184,"neow_bonus":"ONE_RARE_RELIC","is_prod":false,"is_daily":false,"chose_seed":false,"campfire_upgraded":0,"win_rate":0,"timestamp":1538848136,"path_taken":["M","?","M","?","$","E","M","M","T","R","E","M","R","?","R","BOSS"],"build_version":"2018-10-04v2","purchased_purges":1,"victory":false,"max_hp_per_floor":[70,70,70,70,70,70,70,70,70,70,70,70,70,70,70,70],"card_choices":[{"not_picked":["Catalyst","Blade Dance"],"picked":"Prepared","floor":1},{"not_picked":["Reflex","Masterful Stab"],"picked":"PiercingWail","floor":3},{"not_picked":["Footwork","Catalyst"],"picked":"Backflip","floor":6},{"not_picked":["PiercingWail","Outmaneuver"],"picked":"Venomology","floor":7},{"not_picked":["Finisher","Flying Knee","PiercingWail"],"picked":"SKIP","floor":8},{"not_picked":["Dodge and Roll","Bane","Acrobatics"],"picked":"SKIP","floor":11},{"not_picked":["Slice","Backflip"],"picked":"Dagger Throw","floor":12}],"player_experience":423982,"relics_obtained":[{"floor":6,"key":"Tiny Chest"},{"floor":9,"key":"Omamori"},{"floor":11,"key":"Vajra"}],"event_choices":[{"event_name":"Liars Game","player_choice":"agreed","floor":2,"damage_taken":0},{"event_name":"Transmorgrifier","player_choice":"Transform","floor":4,"damage_taken":0},{"event_name":"Dead Adventurer","player_choice":"Searched \u00270\u0027 times","floor":14,"damage_taken":0}],"is_beta":false,"boss_relics":[],"items_purged_floors":[5],"is_endless":false,"potions_floor_spawned":[3,11,12],"killed_by":"Hexaghost","ascension_level":3}