{"gold_per_floor":[113,113,113,38,52,87,100,100,100,100,114,129,164,339,339,463,463,487,189,189,205,224,224,244,244],"floor_reached":25,"playtime":1499,"items_purged":["Injury","Doubt"],"score":366,"play_id":"9c1494f7-7845-46b7-bafd-4d82c2fbd8bf","local_time":"20190325095315","is_ascension_mode":true,"campfire_choices":[{"data":"Zap","floor":8.0,"key":"SMITH"},{"data":"Dualcast","floor":10.0,"key":"SMITH"},{"floor":15.0,"key":"REST"},{"data":"Darkness","floor":23,"key":"SMITH"}],"neow_cost":"NONE","seed_source_timestamp":0,"circlet_count":0,"master_deck":["AscendersBane","Strike_B","Strike_B","Strike_B","Defend_B","Defend_B","Defend_B","Defend_B","Zap+1","Dualcast+1","Genetic Algorithm","Sweeping Beam","Lockon","Barrage","Leap","Darkness","Conserve Battery","Creative AI","Redo","Redo","Defragment","Skim","Redo","Darkness+1","Defragment","Cold Snap","Leap","Ball Lightning"],"special_seed":0,"relics":["Cracked Core","Golden Idol","Meat on the Bone","Mummified Hand","Boot","Orrery","Lee\u0027s Waffle"],"potions_floor_usage":[22,22,24],"damage_taken":[{"damage":0.0,"enemies":"2 Louse","floor":1.0,"turns":2.0},{"damage":9.0,"enemies":"Small Slimes","floor":5.0,"turns":4.0},{"damage":40.0,"enemies":"Lagavulin","floor":6.0,"turns":7.0},{"damage":2.0,"enemies":"Jaw Worm","floor":7.0,"turns":3.0},{"damage":2.0,"enemies":"2 Fungi Beasts","floor":11.0,"turns":3.0},{"damage":0.0,"enemies":"Large Slime","floor":12.0,"turns":4.0},{"damage":6.0,"enemies":"3 Sentries","floor":13.0,"turns":4.0},{"damage":65.0,"enemies":"Hexaghost","floor":16.0,"turns":11.0},{"damage":10.0,"enemies":"Chosen","floor":18.0,"turns":4.0},{"damage":44.0,"enemies":"3 Byrds","floor":21.0,"turns":5.0},{"damage":6,"enemies":"3 Cultists","floor":22,"turns":4},{"damage":24,"enemies":"Snake Plant","floor":24,"turns":5},{"damage":46,"enemies":"Gremlin Leader","floor":25,"turns":3}],"seed_played":"-2161651242012771329","potions_obtained":[{"floor":7.0,"key":"Explosive Potion"},{"floor":11.0,"key":"Explosive Potion"},{"floor":18.0,"key":"GamblersBrew"},{"floor":22,"key":"GamblersBrew"},{"floor":24,"key":"SteroidPotion"}],"is_trial":false,"path_per_floor":["M","?","?","$","M","E","M","R","T","R","M","M","E","?","R","B",null,"M","$","?","M","M","R","M","E"],"character_chosen":"DEFECT","items_purchased":["Lee\u0027s Waffle"],"campfire_rested":1,"item_purchase_floors":[19],"current_hp_per_floor":[75,80,80,80,71,31,41,41,41,41,51,51,45,45,71,18,70,60,94,94,50,56,56,44,0],"gold":244,"neow_bonus":"TEN_PERCENT_HP_BONUS","is_prod":false,"is_daily":false,"chose_seed":false,"campfire_upgraded":3,"win_rate":0,"timestamp":1553525595,"path_taken":["M","?","?","?","M","E","M","R","T","R","M","M","E","?","R","BOSS","M","$","?","M","M","R","?","E"],"build_version":"2019-01-23","purchased_purges":2,"victory":false,"max_hp_per_floor":[82,87,87,87,87,87,87,87,87,87,87,87,87,87,87,87,87,87,94,94,94,94,94,94,94],"card_choices":[{"not_picked":["Leap","Compile Driver"],"picked":"Genetic Algorithm","floor":1.0},{"not_picked":["Leap","Compile Driver"],"picked":"Sweeping Beam","floor":5.0},{"not_picked":["Consume","Rip and Tear"],"picked":"Lockon","floor":6.0},{"not_picked":["Turbo","Rebound"],"picked":"Barrage","floor":7.0},{"not_picked":["Skim","Beam Cell"],"picked":"Leap","floor":11.0},{"not_picked":["Hologram","Barrage"],"picked":"Darkness","floor":12.0},{"not_picked":["Fission","Compile Driver"],"picked":"Conserve Battery","floor":13.0},{"not_picked":["Meteor Strike","Buffer"],"picked":"Creative AI","floor":16.0},{"not_picked":["Sweeping Beam","Go for the Eyes"],"picked":"Redo","floor":17.0},{"not_picked":["Aggregate","Gash"],"picked":"Redo","floor":17.0},{"not_picked":["Steam","Leap"],"picked":"Defragment","floor":17.0},{"not_picked":["BootSequence","Genetic Algorithm"],"picked":"Skim","floor":17.0},{"not_picked":["Chaos","Ball Lightning"],"picked":"Redo","floor":17.0},{"not_picked":["Fusion","Genetic Algorithm"],"picked":"Darkness","floor":18.0},{"not_picked":["Steam Power","Gash+1"],"picked":"Cold Snap","floor":21.0},{"not_picked":["Beam Cell","Streamline"],"picked":"Leap","floor":22},{"not_picked":["Cold Snap","Conserve Battery"],"picked":"Ball Lightning","floor":24}],"player_experience":1261558,"relics_obtained":[{"floor":6.0,"key":"Meat on the Bone"},{"floor":9.0,"key":"Mummified Hand"},{"floor":13.0,"key":"Boot"}],"event_choices":[{"damage_healed":0.0,"max_hp_gain":5.0,"max_hp_loss":0.0,"gold_gain":0.0,"event_name":"Big Fish","player_choice":"Donut","floor":2.0,"gold_loss":0.0,"damage_taken":0.0},{"damage_healed":0.0,"max_hp_gain":0.0,"max_hp_loss":0.0,"gold_gain":0.0,"event_name":"Golden Idol","player_choice":"Take Wound","floor":3.0,"gold_loss":0.0,"damage_taken":0.0,"relics_obtained":["Golden Idol"],"cards_obtained":["Injury"]},{"damage_healed":0.0,"max_hp_gain":0.0,"max_hp_loss":0.0,"gold_gain":175.0,"event_name":"Liars Game","player_choice":"AGREE","floor":14.0,"gold_loss":0.0,"damage_taken":0.0,"cards_obtained":["Doubt"]},{"damage_healed":0.0,"max_hp_gain":0.0,"max_hp_loss":0.0,"gold_gain":0.0,"cards_transformed":["Strike_B"],"event_name":"Transmorgrifier","player_choice":"Transformed","floor":20.0,"gold_loss":0.0,"damage_taken":0.0,"cards_obtained":["Defragment"]}],"is_beta":false,"boss_relics":[{"not_picked":["White Beast Statue","Calling Bell"],"picked":"Orrery"}],"items_purged_floors":[4,19],"is_endless":false,"potions_floor_spawned":[7,11,12,18,22,24],"killed_by":"Gremlin Leader","ascension_level":12}