{"gold_per_floor":[111,127,127,140,155,155,174,174,174,174,185,185,185,199,199,304,304,321,321,336,215,215,215,115,115,115,130,146,160,176,210,210,310,340,351,226,240,90,106,106,106,0,53,53,63,131,142,159,159,159],"floor_reached":51,"playtime":5185,"items_purged":["Accuracy","Grand Finale","Normality","Decay"],"score":613,"play_id":"6d6d108f-726b-49d1-a74b-00ab30b4ce3f","local_time":"20190325184823","is_ascension_mode":false,"campfire_choices":[{"data":"All Out Attack","floor":6,"key":"SMITH"},{"data":"Prepared","floor":8,"key":"SMITH"},{"data":"Neutralize","floor":10,"key":"SMITH"},{"data":"Dagger Spray","floor":15,"key":"SMITH"},{"data":"RitualDagger","floor":23,"key":"SMITH"},{"data":"Adrenaline","floor":25,"key":"SMITH"},{"data":"Reflex","floor":32,"key":"SMITH"},{"data":"Wraith Form v2","floor":40,"key":"SMITH"},{"data":"Doppelganger","floor":44,"key":"SMITH"},{"floor":49,"key":"REST"}],"neow_cost":"NONE","seed_source_timestamp":796330163968359,"circlet_count":0,"master_deck":["Survivor","Neutralize+1","Backstab","Prepared+1","All Out Attack+1","Escape Plan","Dagger Spray+1","Dagger Spray","Adrenaline+1","Wraith Form v2+1","Phantasmal Killer","Reflex+1","Die Die Die","Choke","Infinite Blades","Bullet Time","Crippling Poison","Dagger Spray+1","Reflex","All Out Attack+1","Dagger Throw","RitualDagger+1","Underhanded Strike","Doppelganger+1","Decay","Noxious Fumes","Backflip","Envenom","Reflex+1"],"relics":["Ring of the Snake","Snake Skull","GremlinMask","Bottled Lightning","Mercury Hourglass","Pandora\u0027s Box","FossilizedHelix","Bronze Scales","Calling Bell","Ginger","Question Card","Tiny Chest","Red Mask","Bag of Preparation","The Courier"],"potions_floor_usage":[20,33,39,50,50],"damage_taken":[{"damage":8,"enemies":"Jaw Worm","floor":1,"turns":6},{"damage":0,"enemies":"Cultist","floor":2,"turns":4},{"damage":0,"enemies":"2 Louse","floor":4,"turns":2},{"damage":2,"enemies":"2 Fungi Beasts","floor":5,"turns":4},{"damage":5,"enemies":"Large Slime","floor":7,"turns":7},{"damage":1,"enemies":"Exordium Wildlife","floor":11,"turns":4},{"damage":0,"enemies":"Blue Slaver","floor":14,"turns":3},{"damage":11,"enemies":"Slime Boss","floor":16,"turns":7},{"damage":0,"enemies":"3 Byrds","floor":18,"turns":2},{"damage":7,"enemies":"Spheric Guardian","floor":20,"turns":3},{"damage":0,"enemies":"Centurion and Healer","floor":27,"turns":3},{"damage":2,"enemies":"Snake Plant","floor":28,"turns":2},{"damage":0,"enemies":"3 Cultists","floor":29,"turns":2},{"damage":2,"enemies":"Shelled Parasite and Fungi","floor":30,"turns":4},{"damage":12,"enemies":"Gremlin Leader","floor":31,"turns":4},{"damage":37,"enemies":"Collector","floor":33,"turns":7},{"damage":0,"enemies":"Orb Walker","floor":35,"turns":2},{"damage":10,"enemies":"3 Shapes","floor":37,"turns":2},{"damage":8,"enemies":"Spire Growth","floor":39,"turns":4},{"damage":0,"enemies":"Maw","floor":45,"turns":4},{"damage":0,"enemies":"Sphere and 2 Shapes","floor":47,"turns":2},{"damage":0,"enemies":"Jaw Worm Horde","floor":48,"turns":2},{"damage":32,"enemies":"Donu and Deca","floor":50,"turns":7}],"seed_played":"-2910552550216522815","potions_obtained":[{"floor":2,"key":"FairyPotion"},{"floor":4,"key":"Energy Potion"},{"floor":14,"key":"Swift Potion"},{"floor":16,"key":"SkillPotion"},{"floor":20,"key":"Energy Potion"},{"floor":35,"key":"Weak Potion"},{"floor":37,"key":"Ancient Potion"},{"floor":45,"key":"SteroidPotion"}],"is_trial":false,"path_per_floor":["M","M","?","M","M","R","M","R","T","R","M","?","?","M","R","B",null,"M","?","M","$","?","R","$","R","T","M","M","M","M","E","R","B",null,"M","$","M","$","M","R","?","?","T","R","M","T","M","M","R","B",null],"character_chosen":"THE_SILENT","items_purchased":["Dagger Throw"],"campfire_rested":1,"item_purchase_floors":[21],"current_hp_per_floor":[62,62,62,62,60,60,55,55,55,55,54,47,70,70,70,59,70,70,70,63,63,57,57,57,57,57,57,55,55,53,41,41,4,70,70,70,60,60,52,52,52,52,52,52,52,52,52,52,66,34],"gold":159,"neow_bonus":"RANDOM_COMMON_RELIC","is_prod":false,"is_daily":false,"chose_seed":false,"campfire_upgraded":9,"win_rate":0,"timestamp":1553536103,"path_taken":["M","M","?","?","M","R","M","R","T","R","M","?","?","M","R","BOSS","M","?","M","$","?","R","?","R","T","M","M","M","M","E","R","BOSS","M","$","M","$","M","R","?","?","T","R","M","?","M","M","R","BOSS"],"build_version":"2019-01-23","purchased_purges":4,"victory":true,"max_hp_per_floor":[70,70,70,70,70,70,70,70,70,70,70,70,70,70,70,70,70,70,70,70,70,70,70,70,70,70,70,70,70,70,70,70,70,70,70,70,70,70,70,70,66,66,66,66,66,66,66,66,66,66],"card_choices":[{"not_picked":["Blade Dance","Acrobatics","Flying Knee"],"picked":"SKIP","floor":1},{"not_picked":["Bane","Dodge and Roll"],"picked":"Backstab","floor":2},{"not_picked":["Accuracy","Dash"],"picked":"Prepared","floor":4},{"not_picked":["Blur","Crippling Poison"],"picked":"All Out Attack","floor":5},{"not_picked":["Dodge and Roll","Blade Dance"],"picked":"Escape Plan","floor":7},{"not_picked":["Blade Dance","Bane"],"picked":"Dagger Spray","floor":11},{"not_picked":["Backflip","Backstab"],"picked":"Dagger Spray","floor":14},{"not_picked":["Malaise","Die Die Die"],"picked":"Adrenaline","floor":16},{"not_picked":["Leg Sweep+1","Cloak And Dagger"],"picked":"Dagger Spray+1","floor":18},{"not_picked":["Finisher","PiercingWail"],"picked":"All Out Attack+1","floor":20},{"not_picked":["Dagger Throw","Outmaneuver","Expertise+1"],"picked":"SKIP","floor":27},{"not_picked":["Poisoned Stab","Backstab+1"],"picked":"Underhanded Strike","floor":28},{"not_picked":["Deadly Poison","Underhanded Strike","Acrobatics"],"picked":"SKIP","floor":29},{"not_picked":["Blade Dance+1","Predator","Outmaneuver+1"],"picked":"SKIP","floor":30},{"not_picked":["Backflip","Choke","Leg Sweep+1"],"picked":"SKIP","floor":31},{"not_picked":["Unload","A Thousand Cuts"],"picked":"Doppelganger","floor":33},{"not_picked":["Backstab","Cloak And Dagger","Flying Knee","Acrobatics"],"picked":"SKIP","floor":35},{"not_picked":["Slice+1","Dagger Spray+1","Expertise"],"picked":"Noxious Fumes","floor":37},{"not_picked":["Backstab+1","PiercingWail","All Out Attack+1","Heel Hook"],"picked":"SKIP","floor":39},{"not_picked":["Backstab+1","PiercingWail","All Out Attack+1","Heel Hook"],"picked":"SKIP","floor":39},{"not_picked":["Slice","Cloak And Dagger","Infinite Blades+1"],"picked":"Backflip","floor":45},{"not_picked":["Concentrate+1","Sucker Punch","Reflex+1"],"picked":"Envenom","floor":47},{"not_picked":["Eviscerate+1","Bane+1","Dagger Throw+1"],"picked":"Reflex+1","floor":48}],"player_experience":211645,"relics_obtained":[{"floor":9,"key":"Bottled Lightning"},{"floor":26,"key":"FossilizedHelix"},{"floor":31,"key":"Bronze Scales"},{"floor":34,"key":"Ginger"},{"floor":34,"key":"Question Card"},{"floor":34,"key":"Tiny Chest"},{"floor":43,"key":"Bag of Preparation"},{"floor":46,"key":"The Courier"}],"event_choices":[{"damage_healed":0,"gold_gain":0,"player_choice":"Trade","damage_taken":0,"relics_obtained":["GremlinMask"],"max_hp_gain":0,"max_hp_loss":0,"event_name":"FaceTrader","floor":3,"gold_loss":0},{"damage_healed":0,"gold_gain":0,"player_choice":"Success","damage_taken":7,"relics_obtained":["Mercury Hourglass"],"max_hp_gain":0,"max_hp_loss":0,"event_name":"Scrap Ooze","floor":12,"gold_loss":0},{"damage_healed":23,"gold_gain":0,"player_choice":"Banana","damage_taken":0,"max_hp_gain":0,"max_hp_loss":0,"event_name":"Big Fish","floor":13,"gold_loss":0},{"damage_healed":0,"gold_gain":0,"player_choice":"Read","damage_taken":0,"max_hp_gain":0,"max_hp_loss":0,"event_name":"The Library","floor":19,"gold_loss":0,"cards_obtained":["Reflex"]},{"damage_healed":0,"gold_gain":0,"player_choice":"Joined the Cult","damage_taken":6,"max_hp_gain":0,"max_hp_loss":0,"event_name":"Nest","floor":22,"gold_loss":0,"cards_obtained":["RitualDagger"]},{"damage_healed":0,"gold_gain":0,"player_choice":"Max HP","damage_taken":0,"max_hp_gain":0,"max_hp_loss":4,"event_name":"Winding Halls","floor":41,"gold_loss":0},{"damage_healed":0,"gold_gain":0,"player_choice":"Paid","damage_taken":0,"relics_obtained":["Red Mask"],"max_hp_gain":0,"max_hp_loss":0,"event_name":"Tomb of Lord Red Mask","floor":42,"gold_loss":106}],"is_beta":false,"boss_relics":[{"not_picked":["Astrolabe","Busted Crown"],"picked":"Pandora\u0027s Box"},{"not_picked":["Eternal Feather","WristBlade"],"picked":"Calling Bell"}],"items_purged_floors":[21,24,36,38],"is_endless":false,"potions_floor_spawned":[2,4,14,16,18,20,28,29,31,35,37,45],"ascension_level":0}