{"gold_per_floor":[111,111,111,111,126,126,159,159,159,178,190,207,207,207,207,305,305,323,339,339,354,365,365,365],"floor_reached":24,"playtime":4128,"items_purged":[],"score":273,"play_id":"0abf3fb7-6602-4de4-9fea-3e92760d779a","local_time":"20190315190018","is_ascension_mode":true,"campfire_choices":[{"data":"Dramatic Entrance","floor":6,"key":"SMITH"},{"floor":8,"key":"REST"},{"data":"Barricade","floor":13,"key":"SMITH"},{"data":"Shockwave","floor":15,"key":"SMITH"},{"floor":23,"key":"REST"}],"neow_cost":"NONE","seed_source_timestamp":19005745335077,"circlet_count":0,"master_deck":["Strike_R","Strike_R","Strike_R","Strike_R","Strike_R","Defend_R","Defend_R","Defend_R","Defend_R","Bash","Dramatic Entrance+1","Entrench","Rage","Shockwave+1","Barricade+1","Bloodletting","Dropkick","Impervious","Armaments+1","Battle Trance","Ghostly","Ghostly","Ghostly","Ghostly","Ghostly","Shrug It Off","Shockwave"],"relics":["Burning Blood","Ornamental Fan","Oddly Smooth Stone","Torii","The Courier","Dream Catcher","Black Star"],"potions_floor_usage":[7,16,16,19],"damage_taken":[{"damage":0,"enemies":"Cultist","floor":1,"turns":4},{"damage":0,"enemies":"Small Slimes","floor":5,"turns":3},{"damage":14,"enemies":"Gremlin Nob","floor":7,"turns":4},{"damage":1,"enemies":"2 Louse","floor":10,"turns":2},{"damage":0,"enemies":"2 Fungi Beasts","floor":11,"turns":3},{"damage":1,"enemies":"Blue Slaver","floor":12,"turns":4},{"damage":4,"enemies":"Hexaghost","floor":16,"turns":12},{"damage":7,"enemies":"Shell Parasite","floor":18,"turns":9},{"damage":25,"enemies":"Spheric Guardian","floor":19,"turns":10},{"damage":5,"enemies":"Centurion and Healer","floor":21,"turns":15},{"damage":24,"enemies":"Snecko","floor":22,"turns":11},{"damage":38,"enemies":"Gremlin Leader","floor":24,"turns":8}],"seed_played":"9127130896683306614","potions_obtained":[{"floor":1,"key":"AttackPotion"},{"floor":7,"key":"LiquidBronze"},{"floor":11,"key":"Energy Potion"},{"floor":16,"key":"Energy Potion"},{"floor":18,"key":"FearPotion"},{"floor":19,"key":"Dexterity Potion"}],"is_trial":false,"path_per_floor":["M","T","?","?","M","R","E","R","T","M","M","M","R","T","R","B",null,"M","M","?","M","M","R","E"],"character_chosen":"IRONCLAD","items_purchased":[],"campfire_rested":2,"item_purchase_floors":[],"current_hp_per_floor":[80,80,80,73,79,79,71,80,80,80,80,80,80,80,80,80,80,79,60,40,40,22,34,0],"gold":365,"neow_bonus":"RANDOM_COLORLESS","is_prod":false,"is_daily":false,"chose_seed":false,"campfire_upgraded":3,"win_rate":0,"timestamp":1552701618,"path_taken":["M","?","?","?","M","R","E","R","T","M","M","M","R","?","R","BOSS","M","M","?","M","M","R","E"],"build_version":"2019-01-23","purchased_purges":0,"victory":false,"max_hp_per_floor":[80,80,80,80,80,80,80,80,80,80,80,80,80,80,80,80,80,80,80,40,40,40,40,40],"card_choices":[{"not_picked":["Evolve","Metallicize"],"picked":"Entrench","floor":1},{"not_picked":["Clash","Perfected Strike"],"picked":"Rage","floor":5},{"not_picked":["Reckless Charge","Anger"],"picked":"Shockwave","floor":7},{"not_picked":["Cleave","Headbutt"],"picked":"Barricade","floor":10},{"not_picked":["Intimidate","Anger"],"picked":"Bloodletting","floor":11},{"not_picked":["Wild Strike","Carnage"],"picked":"Dropkick","floor":12},{"not_picked":["Limit Break","Double Tap"],"picked":"Impervious","floor":16},{"not_picked":["Anger+1","Warcry"],"picked":"Armaments+1","floor":18},{"not_picked":["Sword Boomerang","Combust"],"picked":"Battle Trance","floor":19},{"not_picked":["Armaments","Bloodletting+1"],"picked":"Shrug It Off","floor":21},{"not_picked":["Bloodletting","Disarm","Havoc"],"picked":"SKIP","floor":22},{"not_picked":["Brutality","Burning Pact"],"picked":"Shockwave","floor":23}],"player_experience":525919,"relics_obtained":[{"floor":2,"key":"Ornamental Fan"},{"floor":7,"key":"Torii"},{"floor":9,"key":"The Courier"},{"floor":14,"key":"Dream Catcher"}],"event_choices":[{"damage_healed":0,"gold_gain":0,"player_choice":"Ignored","damage_taken":0,"max_hp_gain":0,"max_hp_loss":0,"event_name":"Shining Light","floor":3,"gold_loss":0},{"damage_healed":0,"gold_gain":0,"player_choice":"Success","damage_taken":7,"relics_obtained":["Oddly Smooth Stone"],"max_hp_gain":0,"max_hp_loss":0,"event_name":"Scrap Ooze","floor":4,"gold_loss":0},{"damage_healed":0,"gold_gain":0,"player_choice":"Became a Ghost","damage_taken":0,"max_hp_gain":0,"max_hp_loss":40,"event_name":"Ghosts","floor":20,"gold_loss":0,"cards_obtained":["Ghostly","Ghostly","Ghostly","Ghostly","Ghostly"]}],"is_beta":false,"boss_relics":[{"not_picked":["Eternal Feather","Runic Dome"],"picked":"Black Star"}],"items_purged_floors":[],"is_endless":false,"potions_floor_spawned":[1,7,11,16,18,19],"killed_by":"Gremlin Leader","ascension_level":5}