{"gold_per_floor":[115,190,203,216,228,260,210,210,236,266,266,266,281,294,294,393,393,412,10,30,30,43,43,43,43],"floor_reached":25,"playtime":3111,"items_purged":[],"score":213,"play_id":"e723c820-958d-4fce-9973-374ad4657076","local_time":"20190614112140","is_ascension_mode":false,"campfire_choices":[{"data":"Dual Wield","floor":8,"key":"SMITH"},{"data":"Metallicize","floor":11,"key":"SMITH"},{"data":"Rage","floor":15,"key":"SMITH"},{"floor":23,"key":"REST"}],"neow_cost":"NONE","seed_source_timestamp":54071801800608,"circlet_count":0,"master_deck":["Strike_R","Strike_R","Strike_R","Strike_R","Defend_R","Defend_R+1","Defend_R","Defend_R","Bash","Metallicize+1","Reckless Charge+1","Feel No Pain","Spot Weakness+1","Dual Wield+1","Rage+1","Feel No Pain","Reaper","Iron Wave+1","Reckless Charge","Limit Break","Evolve","Warcry","Swift Strike","Forethought","Enlightenment","Warcry+1"],"relics":["Burning Blood","Smiling Mask","War Paint","Bag of Marbles","Runic Cube","Vajra"],"potions_floor_usage":[14],"damage_taken":[{"damage":4,"enemies":"Jaw Worm","floor":1,"turns":6},{"damage":2,"enemies":"2 Louse","floor":3,"turns":4},{"damage":0,"enemies":"Cultist","floor":4,"turns":4},{"damage":3,"enemies":"3 Louse","floor":5,"turns":4},{"damage":7,"enemies":"3 Sentries","floor":6,"turns":10},{"damage":37,"enemies":"Lagavulin","floor":10,"turns":9},{"damage":9,"enemies":"Red Slaver","floor":13,"turns":5},{"damage":2,"enemies":"Blue Slaver","floor":14,"turns":3},{"damage":40,"enemies":"Slime Boss","floor":16,"turns":15},{"damage":15,"enemies":"Chosen","floor":18,"turns":12},{"damage":6,"enemies":"Shell Parasite","floor":20,"turns":4},{"damage":37,"enemies":"3 Cultists","floor":22,"turns":8},{"damage":73,"enemies":"Book of Stabbing","floor":25,"turns":7}],"seed_played":"-112676026330810520","potions_obtained":[{"floor":1,"key":"Explosive Potion"},{"floor":5,"key":"Poison Potion"},{"floor":10,"key":"Dexterity Potion"},{"floor":14,"key":"Fruit Juice"},{"floor":20,"key":"FearPotion"}],"is_trial":false,"path_per_floor":["M","?","M","M","M","E","?","R","T","E","R","?","M","M","R","B",null,"M","$","M","?","M","R","$","E"],"character_chosen":"IRONCLAD","items_purchased":["Reckless Charge","Vajra","Limit Break","Evolve"],"campfire_rested":1,"item_purchase_floors":[19,19,19,19],"current_hp_per_floor":[88,77,81,87,88,87,87,87,87,56,56,56,53,62,62,28,93,88,88,88,52,35,62,62,0],"gold":43,"neow_bonus":"TEN_PERCENT_HP_BONUS","is_prod":false,"is_daily":false,"chose_seed":false,"campfire_upgraded":3,"win_rate":0.0,"timestamp":1560504100,"path_taken":["M","?","M","M","M","E","?","R","T","E","R","?","?","M","R","BOSS","M","$","M","?","?","R","?","E"],"build_version":"2019-01-23","purchased_purges":0,"victory":false,"max_hp_per_floor":[88,88,88,88,88,88,88,88,88,88,88,88,88,93,93,93,93,93,93,93,93,93,93,93,93],"card_choices":[{"not_picked":["Iron Wave","Shrug It Off"],"picked":"Metallicize","floor":1},{"not_picked":["Clothesline","Sword Boomerang"],"picked":"Reckless Charge","floor":3},{"not_picked":["Anger","Thunderclap"],"picked":"Feel No Pain","floor":4},{"not_picked":["Clash","Reaper"],"picked":"Spot Weakness","floor":5},{"not_picked":["Immolate","Iron Wave"],"picked":"Dual Wield","floor":6},{"not_picked":["Disarm","Uppercut"],"picked":"Rage","floor":10},{"not_picked":["Clothesline","Armaments","Flame Barrier"],"picked":"SKIP","floor":13},{"not_picked":["True Grit","Clothesline"],"picked":"Feel No Pain","floor":14},{"not_picked":["Impervious","Immolate"],"picked":"Reaper","floor":16},{"not_picked":["Entrench","Shrug It Off"],"picked":"Iron Wave+1","floor":18},{"not_picked":["Spot Weakness","Armaments"],"picked":"Warcry","floor":20},{"not_picked":["Dropkick","Carnage"],"picked":"Warcry+1","floor":22}],"player_experience":37477,"relics_obtained":[{"floor":6,"key":"Smiling Mask"},{"floor":9,"key":"War Paint"},{"floor":10,"key":"Bag of Marbles"}],"event_choices":[{"damage_healed":0,"gold_gain":75,"player_choice":"Gather Gold","damage_taken":11,"max_hp_gain":0,"max_hp_loss":0,"event_name":"World of Goop","floor":2,"gold_loss":0},{"cards_removed":["Strike_R"],"damage_healed":0,"gold_gain":0,"player_choice":"Card Removal","damage_taken":0,"max_hp_gain":0,"max_hp_loss":0,"event_name":"The Cleric","floor":7,"gold_loss":50},{"damage_healed":0,"gold_gain":0,"player_choice":"Forge","damage_taken":0,"max_hp_gain":0,"max_hp_loss":0,"event_name":"Accursed Blacksmith","floor":12,"gold_loss":0,"cards_upgraded":["Reckless Charge"]},{"damage_healed":0,"gold_gain":0,"player_choice":"CARD CARD CARD ","damage_taken":36,"max_hp_gain":0,"max_hp_loss":0,"event_name":"Knowing Skull","floor":21,"potions_obtained":[],"gold_loss":0,"cards_obtained":["Swift Strike","Forethought","Enlightenment"]}],"is_beta":false,"boss_relics":[{"not_picked":["Snecko Eye","White Beast Statue"],"picked":"Runic Cube"}],"items_purged_floors":[],"is_endless":false,"potions_floor_spawned":[1,5,10,14,20],"killed_by":"Book of Stabbing","ascension_level":0}