{"gold_per_floor":[119,119,138,138,152,152,169,197,197,197,214,239,239,249,249,322,322,339,339,14,64,74,102,120,120,147,147,69,69,80,137,137,137],"floor_reached":33,"playtime":1703,"items_purged":[],"score":590,"play_id":"e15e9cf1-d0c5-431f-829b-65cf0e82f314","local_time":"20190620180259","is_ascension_mode":true,"campfire_choices":[{"data":"Bash","floor":6,"key":"SMITH"},{"data":"Shrug It Off","floor":10,"key":"SMITH"},{"data":"Thunderclap","floor":13,"key":"SMITH"},{"data":"True Grit","floor":15,"key":"SMITH"},{"data":"Disarm","floor":25,"key":"SMITH"},{"data":"Metallicize","floor":27,"key":"SMITH"},{"data":"Feel No Pain","floor":29,"key":"SMITH"},{"data":"Shockwave","floor":32,"key":"SMITH"}],"neow_cost":"NONE","seed_source_timestamp":20186922682332,"circlet_count":0,"master_deck":["AscendersBane","Strike_R","Strike_R","Strike_R","Strike_R","Defend_R","Defend_R","Defend_R","Defend_R","Bash+1","Shrug It Off+1","Twin Strike+1","Twin Strike+1","Anger","Limit Break","Thunderclap+1","Feel No Pain+1","True Grit+1","Reaper","Disarm+1","Metallicize+1","Feel No Pain","Whirlwind+1","Shockwave+1"],"relics":["Burning Blood","Champion Belt","Question Card","Meat on the Bone","Sozu","Magic Flower","Whetstone","Centennial Puzzle","Tiny Chest"],"potions_floor_usage":[12,16,23],"damage_taken":[{"damage":6,"enemies":"Small Slimes","floor":1,"turns":6},{"damage":8,"enemies":"2 Louse","floor":3,"turns":4},{"damage":5,"enemies":"Cultist","floor":5,"turns":5},{"damage":12,"enemies":"Red Slaver","floor":7,"turns":5},{"damage":42,"enemies":"3 Sentries","floor":8,"turns":10},{"damage":2,"enemies":"Looter","floor":11,"turns":5},{"damage":24,"enemies":"Gremlin Nob","floor":12,"turns":4},{"damage":0,"enemies":"2 Fungi Beasts","floor":14,"turns":2},{"damage":19,"enemies":"The Guardian","floor":16,"turns":11},{"damage":35,"enemies":"Shell Parasite","floor":18,"turns":6},{"damage":3,"enemies":"Chosen","floor":22,"turns":7},{"damage":6,"enemies":"Gremlin Leader","floor":23,"turns":5},{"damage":27,"enemies":"Snake Plant","floor":24,"turns":5},{"damage":10,"enemies":"Snecko","floor":30,"turns":9},{"damage":35,"enemies":"Book of Stabbing","floor":31,"turns":7},{"damage":118,"enemies":"Collector","floor":33,"turns":16}],"seed_played":"6343672924099945965","potions_obtained":[{"floor":7,"key":"SpeedPotion"},{"floor":8,"key":"AttackPotion"},{"floor":12,"key":"Strength Potion"},{"floor":16,"key":"PowerPotion"}],"is_trial":false,"path_per_floor":["M","?","M","?","M","R","M","E","T","R","M","E","R","M","R","B",null,"M","?","$","?","M","E","M","R","T","R","$","R","M","E","R","B"],"character_chosen":"IRONCLAD","items_purchased":["Magic Flower","Feel No Pain"],"campfire_rested":0,"item_purchase_floors":[20,28],"current_hp_per_floor":[75,80,78,78,79,79,73,37,37,37,41,23,23,41,41,40,75,52,52,52,52,67,70,70,70,70,70,70,70,75,67,67,0],"gold":137,"neow_bonus":"TEN_PERCENT_HP_BONUS","is_prod":false,"is_daily":false,"chose_seed":false,"campfire_upgraded":8,"win_rate":0,"timestamp":1561046579,"path_taken":["M","?","M","?","M","R","M","E","T","R","M","E","R","?","R","BOSS","M","?","$","?","M","E","M","R","T","R","$","R","M","E","R","BOSS"],"build_version":"2019-01-23","purchased_purges":0,"victory":false,"max_hp_per_floor":[82,87,87,87,87,87,87,87,87,87,87,87,87,87,87,87,87,87,87,87,87,87,87,87,87,87,87,87,87,87,87,87,87],"card_choices":[{"not_picked":["True Grit","Heavy Blade"],"picked":"Shrug It Off","floor":1},{"not_picked":["Metallicize","Iron Wave"],"picked":"Twin Strike","floor":3},{"not_picked":["Whirlwind","Heavy Blade"],"picked":"Twin Strike","floor":5},{"not_picked":["Havoc","Shrug It Off"],"picked":"Anger","floor":7},{"not_picked":["Perfected Strike","Anger"],"picked":"Limit Break","floor":8},{"not_picked":["Clash","Body Slam","Cleave"],"picked":"Thunderclap","floor":11},{"not_picked":["Whirlwind","Intimidate","Shockwave"],"picked":"Feel No Pain","floor":12},{"not_picked":["Reckless Charge","Heavy Blade","Sever Soul"],"picked":"True Grit","floor":14},{"not_picked":["Dark Embrace","Demon Form","Berserk"],"picked":"Reaper","floor":16},{"not_picked":["Clash","Wild Strike","Entrench"],"picked":"Disarm","floor":18},{"not_picked":["Iron Wave","Hemokinesis","Headbutt"],"picked":"Metallicize","floor":22},{"not_picked":["Cleave","Heavy Blade","Bludgeon","Seeing Red+1"],"picked":"SKIP","floor":23},{"not_picked":["Sever Soul+1","Wild Strike","Twin Strike","Cleave"],"picked":"SKIP","floor":24},{"not_picked":["Reckless Charge","Thunderclap","Iron Wave"],"picked":"Whirlwind+1","floor":30},{"not_picked":["Sever Soul","Bloodletting","Pommel Strike"],"picked":"Shockwave","floor":31}],"player_experience":1415244,"relics_obtained":[{"floor":8,"key":"Champion Belt"},{"floor":9,"key":"Question Card"},{"floor":12,"key":"Meat on the Bone"},{"floor":23,"key":"Whetstone"},{"floor":26,"key":"Centennial Puzzle"},{"floor":31,"key":"Tiny Chest"}],"event_choices":[{"damage_healed":0,"gold_gain":0,"player_choice":"Donut","damage_taken":0,"max_hp_gain":5,"max_hp_loss":0,"event_name":"Big Fish","floor":2,"gold_loss":0},{"cards_removed":["Strike_R"],"damage_healed":0,"gold_gain":0,"player_choice":"Purged","damage_taken":0,"max_hp_gain":0,"max_hp_loss":0,"event_name":"Purifier","floor":4,"gold_loss":0},{"damage_healed":0,"gold_gain":0,"player_choice":"Ignored","damage_taken":0,"max_hp_gain":0,"max_hp_loss":0,"event_name":"Beggar","floor":19,"gold_loss":0},{"damage_healed":0,"gold_gain":50,"player_choice":"Stole From Cult","damage_taken":0,"max_hp_gain":0,"max_hp_loss":0,"event_name":"Nest","floor":21,"gold_loss":0}],"is_beta":false,"boss_relics":[{"not_picked":["Runic Dome","Orrery"],"picked":"Sozu"}],"items_purged_floors":[],"is_endless":false,"potions_floor_spawned":[7,8,12,16,23,24,31],"killed_by":"Collector","ascension_level":20}