{"gold_per_floor":[215,34,34,50,66,101,101,117,140,160,178,198,218,234,234,234],"floor_reached":16,"playtime":1208,"items_purged":[],"score":194,"play_id":"c2b1d927-494a-41e1-9bd7-284b03f83c47","local_time":"20181010221204","is_ascension_mode":true,"campfire_choices":[{"floor":7,"key":"REST"},{"data":"Body Slam","floor":15,"key":"SMITH"}],"neow_cost":"NONE","seed_source_timestamp":73979856483315,"circlet_count":0,"master_deck":["Strike_R","Strike_R+1","Strike_R+1","Strike_R","Defend_R","Defend_R","Defend_R","Defend_R","Bash","AscendersBane","Thunderclap","Iron Wave","Flame Barrier","Body Slam+1","Iron Wave","Pommel Strike","Pommel Strike","Whirlwind","Iron Wave"],"relics":["Burning Blood","Whetstone","Omamori","Regal Pillow"],"potions_floor_usage":[12,16,16],"damage_taken":[{"damage":7,"enemies":"2 Louse","floor":1,"turns":3},{"damage":1,"enemies":"Cultist","floor":4,"turns":3},{"damage":9,"enemies":"Jaw Worm","floor":5,"turns":5},{"damage":40,"enemies":"Lagavulin","floor":6,"turns":10},{"damage":11,"enemies":"Exordium Thugs","floor":8,"turns":6},{"damage":9,"enemies":"2 Fungi Beasts","floor":10,"turns":6},{"damage":13,"enemies":"3 Louse","floor":11,"turns":3},{"damage":2,"enemies":"Looter","floor":12,"turns":4},{"damage":2,"enemies":"2 Fungi Beasts","floor":13,"turns":3},{"damage":4,"enemies":"Blue Slaver","floor":14,"turns":4},{"damage":64,"enemies":"Slime Boss","floor":16,"turns":11}],"seed_played":"7831007899159729186","potions_obtained":[{"floor":6,"key":"Ancient Potion"},{"floor":10,"key":"EssenceOfSteel"},{"floor":13,"key":"Regen Potion"},{"floor":14,"key":"Fruit Juice"}],"is_trial":false,"path_per_floor":["M","$","?","M","M","E","R","M","T","M","M","M","M","M","R"],"character_chosen":"IRONCLAD","items_purchased":["Whetstone"],"campfire_rested":1,"item_purchase_floors":[2],"current_hp_per_floor":[67,67,60,65,62,28,50,45,45,42,35,39,43,45,45,1],"gold":234,"neow_bonus":"HUNDRED_GOLD","is_prod":false,"is_daily":false,"chose_seed":false,"campfire_upgraded":1,"win_rate":0,"timestamp":1539227524,"path_taken":["M","$","?","?","M","E","R","M","T","?","M","M","?","M","R","BOSS"],"build_version":"2018-10-04v2","purchased_purges":0,"victory":false,"max_hp_per_floor":[75,75,75,75,75,75,75,75,75,75,75,75,75,75,75,80],"card_choices":[{"not_picked":["Sword Boomerang","Spot Weakness"],"picked":"Thunderclap","floor":1},{"not_picked":["Anger","Havoc"],"picked":"Iron Wave","floor":4},{"not_picked":["Headbutt","True Grit"],"picked":"Flame Barrier","floor":5},{"not_picked":["Evolve","Bloodletting"],"picked":"Body Slam","floor":6},{"not_picked":["Combust","Rupture","Reckless Charge"],"picked":"SKIP","floor":8},{"not_picked":["Disarm","Anger"],"picked":"Iron Wave","floor":10},{"not_picked":["Dropkick","Limit Break"],"picked":"Pommel Strike","floor":11},{"not_picked":["Headbutt","Shrug It Off"],"picked":"Pommel Strike","floor":12},{"not_picked":["Anger","Havoc"],"picked":"Whirlwind","floor":13},{"not_picked":["Sword Boomerang","True Grit"],"picked":"Iron Wave","floor":14}],"player_experience":752757,"relics_obtained":[{"floor":6,"key":"Omamori"},{"floor":9,"key":"Regal Pillow"}],"event_choices":[{"event_name":"Golden Wing","player_choice":"Card Removal","floor":3,"damage_taken":0}],"is_beta":false,"boss_relics":[],"items_purged_floors":[],"is_endless":false,"potions_floor_spawned":[6,10,11,13,14],"killed_by":"Slime Boss","ascension_level":16}