{"gold_per_floor":[116,116,126,45,45,45,77,77,77,96,111,111,32,60,60,138,138,158,176,25,39,39,73,73,83,83,83,95,95,95,124,136,222,234,261,373,430,24,40,40,71,71,71,89,89,32,0,35,35,35],"floor_reached":51,"playtime":6438,"items_purged":["Strike_G","Decay"],"score":1393,"play_id":"30ac7d4f-a773-44aa-b203-136d9a3881a3","local_time":"20190629160107","is_ascension_mode":true,"campfire_choices":[{"data":"Neutralize","floor":6.0,"key":"SMITH"},{"data":"Noxious Fumes","floor":8.0,"key":"SMITH"},{"floor":12.0,"key":"REST"},{"floor":15.0,"key":"REST"},{"data":"Leg Sweep","floor":24.0,"key":"SMITH"},{"data":"Backflip","floor":27.0,"key":"SMITH"},{"data":"Backflip","floor":30.0,"key":"SMITH"},{"data":"Blur","floor":32.0,"key":"SMITH"},{"data":"Malaise","floor":40.0,"key":"SMITH"},{"data":"Night Terror","floor":42.0,"key":"SMITH"},{"data":"Survivor","floor":49,"key":"SMITH"}],"neow_cost":"NONE","seed_source_timestamp":0,"circlet_count":0,"master_deck":["AscendersBane","Defend_G","Defend_G","Defend_G","Defend_G","Survivor+1","Neutralize+1","Dagger Spray","Noxious Fumes+1","Blur+1","Backflip+1","Footwork+1","Skewer+1","Night Terror+1","Backflip+1","Noxious Fumes+1","Bullet Time","Leg Sweep+1","Footwork+1","Malaise+1","PiercingWail+1","Calculated Gamble+1","Backflip+1","Deadly Poison+1"],"special_seed":0,"relics":["Ring of the Snake","Art of War","Frozen Egg 2","Gremlin Horn","Whetstone","Cursed Key","Boot","Paper Crane","MawBank","Runic Pyramid","Nunchaku","Torii","Toxic Egg 2","Snake Skull","Red Mask","Kunai"],"potions_floor_usage":[],"damage_taken":[{"damage":0.0,"enemies":"Small Slimes","floor":1.0,"turns":8.0},{"damage":1.0,"enemies":"Jaw Worm","floor":3.0,"turns":5.0},{"damage":26.0,"enemies":"Gremlin Nob","floor":7.0,"turns":5.0},{"damage":0.0,"enemies":"Cultist","floor":10.0,"turns":5.0},{"damage":0.0,"enemies":"Blue Slaver","floor":11.0,"turns":5.0},{"damage":6.0,"enemies":"3 Sentries","floor":14.0,"turns":8.0},{"damage":1.0,"enemies":"Slime Boss","floor":16.0,"turns":15.0},{"damage":2.0,"enemies":"Chosen","floor":18.0,"turns":6.0},{"damage":0.0,"enemies":"Shell Parasite","floor":19.0,"turns":9.0},{"damage":5.0,"enemies":"Snecko","floor":21.0,"turns":8.0},{"damage":5.0,"enemies":"Slavers","floor":23.0,"turns":7.0},{"damage":0.0,"enemies":"Shelled Parasite and Fungi","floor":25.0,"turns":7.0},{"damage":6.0,"enemies":"Cultist and Chosen","floor":28.0,"turns":6.0},{"damage":0.0,"enemies":"Gremlin Leader","floor":31.0,"turns":10.0},{"damage":1.0,"enemies":"Champ","floor":33.0,"turns":15.0},{"damage":0.0,"enemies":"3 Darklings","floor":35.0,"turns":7.0},{"damage":0.0,"enemies":"Mind Bloom Boss Battle","floor":36.0,"turns":10.0},{"damage":0.0,"enemies":"2 Orb Walkers","floor":37.0,"turns":8.0},{"damage":0.0,"enemies":"Orb Walker","floor":39.0,"turns":5.0},{"damage":0.0,"enemies":"Reptomancer","floor":41.0,"turns":8.0},{"damage":0,"enemies":"4 Shapes","floor":44,"turns":5},{"damage":0,"enemies":"Nemesis","floor":48,"turns":9},{"damage":4,"enemies":"Time Eater","floor":50,"turns":20}],"seed_played":"-301788102298153243","potions_obtained":[{"floor":3.0,"key":"SteroidPotion"},{"floor":7.0,"key":"Block Potion"},{"floor":14.0,"key":"Swift Potion"},{"floor":19.0,"key":"AttackPotion"},{"floor":23.0,"key":"SkillPotion"},{"floor":25.0,"key":"SteroidPotion"},{"floor":31.0,"key":"SteroidPotion"},{"floor":36.0,"key":"AttackPotion"},{"floor":41.0,"key":"Explosive Potion"}],"is_trial":false,"path_per_floor":["M","?","M","$","?","R","E","R","T","M","M","R","$","E","R","B",null,"M","M","$","M","?","E","R","M","T","R","M","$","R","E","R","B",null,"M","?","?","$","M","R","E","R","T","M","?","$","?","E","R","B",null],"character_chosen":"THE_SILENT","items_purchased":["Noxious Fumes","Footwork+1","Noxious Fumes+1","Toxic Egg 2","Backflip+1","FearPotion"],"campfire_rested":2,"item_purchase_floors":[4,13,20,38,38,46],"current_hp_per_floor":[59,52,51,51,33,33,7,7,7,7,7,26,26,20,39,38,59,57,57,57,52,52,47,47,47,47,47,41,41,41,41,41,40,60,60,60,60,60,60,60,60,60,60,60,60,60,60,60,60,56],"gold":35,"neow_bonus":"REMOVE_CARD","is_prod":false,"is_daily":false,"chose_seed":false,"campfire_upgraded":9,"win_rate":0,"timestamp":1561838467,"path_taken":["M","?","M","$","?","R","E","R","T","M","M","R","?","E","R","BOSS","M","M","$","M","?","E","R","M","T","R","M","$","R","E","R","BOSS","M","?","?","$","M","R","E","R","T","M","?","$","?","E","R","BOSS"],"build_version":"2019-01-23","purchased_purges":2,"victory":true,"max_hp_per_floor":[66,66,66,66,66,66,66,66,66,66,66,66,66,66,66,66,66,66,66,66,66,66,66,66,66,66,66,66,66,66,66,66,66,66,66,66,66,66,66,66,66,66,66,66,66,66,66,66,66,66],"card_choices":[{"not_picked":["Dagger Throw","Caltrops"],"picked":"Dagger Spray","floor":1.0},{"not_picked":["Flechettes","Acrobatics","Predator"],"picked":"SKIP","floor":3.0},{"not_picked":["Prepared","Finisher"],"picked":"Blur","floor":7.0},{"not_picked":["Slice","Leg Sweep"],"picked":"Backflip","floor":10.0},{"not_picked":["Riddle With Holes","All Out Attack","Slice"],"picked":"SKIP","floor":11.0},{"not_picked":["Prepared","Dodge and Roll"],"picked":"Skewer","floor":14.0},{"not_picked":["A Thousand Cuts+1","Corpse Explosion"],"picked":"Night Terror","floor":16.0},{"not_picked":["Reflex","Deflect","Quick Slash"],"picked":"SKIP","floor":18.0},{"not_picked":["Bane","Dagger Spray"],"picked":"Backflip","floor":19.0},{"not_picked":["Slice","Quick Slash","Heel Hook"],"picked":"SKIP","floor":21.0},{"not_picked":["Dagger Throw+1","Glass Knife"],"picked":"Footwork+1","floor":23.0},{"not_picked":["Slice","Underhanded Strike","Expertise"],"picked":"SKIP","floor":25.0},{"not_picked":["Slice","Infinite Blades+1","Noxious Fumes+1"],"picked":"SKIP","floor":28.0},{"not_picked":["Finisher","Blade Dance","Doppelganger"],"picked":"SKIP","floor":31.0},{"not_picked":["Corpse Explosion","Unload"],"picked":"Malaise","floor":33.0},{"not_picked":["Outmaneuver","Acrobatics"],"picked":"PiercingWail+1","floor":35.0},{"not_picked":["Distraction+1","Flying Knee"],"picked":"Calculated Gamble+1","floor":36.0},{"not_picked":["Quick Slash","Doppelganger+1"],"picked":"Deadly Poison+1","floor":39.0},{"not_picked":["Sucker Punch","Bane","Storm of Steel+1"],"picked":"SKIP","floor":41.0},{"not_picked":["Flying Knee","Caltrops+1","Choke+1"],"picked":"SKIP","floor":44},{"not_picked":["Flying Knee","Poisoned Stab+1","Eviscerate"],"picked":"SKIP","floor":48}],"player_experience":166553,"relics_obtained":[{"floor":7.0,"key":"Frozen Egg 2"},{"floor":9.0,"key":"Gremlin Horn"},{"floor":14.0,"key":"Whetstone"},{"floor":23.0,"key":"Boot"},{"floor":26.0,"key":"Paper Crane"},{"floor":31.0,"key":"MawBank"},{"floor":36.0,"key":"Nunchaku"},{"floor":37.0,"key":"Torii"},{"floor":41.0,"key":"Snake Skull"},{"floor":48,"key":"Kunai"}],"event_choices":[{"cards_removed":["Strike_G"],"damage_healed":0.0,"max_hp_gain":0.0,"max_hp_loss":0.0,"gold_gain":0.0,"event_name":"Golden Wing","player_choice":"Card Removal","floor":2.0,"gold_loss":0.0,"damage_taken":7.0},{"damage_healed":0.0,"max_hp_gain":0.0,"max_hp_loss":0.0,"gold_gain":0.0,"event_name":"Scrap Ooze","player_choice":"Success","floor":5.0,"gold_loss":0.0,"damage_taken":18.0,"relics_obtained":["Art of War"]},{"damage_healed":0.0,"max_hp_gain":0.0,"max_hp_loss":0.0,"gold_gain":0.0,"cards_transformed":["Strike_G","Strike_G"],"event_name":"Drug Dealer","player_choice":"Became Test Subject","floor":22.0,"gold_loss":0.0,"damage_taken":0.0,"cards_obtained":["Bullet Time","Leg Sweep"]},{"damage_healed":0.0,"max_hp_gain":0.0,"max_hp_loss":0.0,"gold_gain":0.0,"event_name":"MindBloom","player_choice":"Fight","floor":36.0,"gold_loss":0.0,"damage_taken":0.0},{"damage_healed":0.0,"max_hp_gain":0.0,"max_hp_loss":0.0,"gold_gain":0.0,"event_name":"Mysterious Sphere","player_choice":"Fight","floor":37.0,"gold_loss":0.0,"damage_taken":0.0},{"cards_removed":["Defend_G"],"damage_healed":0,"gold_gain":0,"player_choice":"Removed Skill","damage_taken":0,"max_hp_gain":0,"max_hp_loss":0,"event_name":"Falling","floor":45,"gold_loss":0},{"damage_healed":0,"gold_gain":0,"player_choice":"Paid","damage_taken":0,"relics_obtained":["Red Mask"],"max_hp_gain":0,"max_hp_loss":0,"event_name":"Tomb of Lord Red Mask","floor":47,"gold_loss":32}],"is_beta":false,"boss_relics":[{"not_picked":["Ring of the Serpent","HoveringKite"],"picked":"Cursed Key"},{"not_picked":["White Beast Statue","Tiny House"],"picked":"Runic Pyramid"}],"items_purged_floors":[20,38],"is_endless":false,"potions_floor_spawned":[3,7,14,19,23,25,31,36,41,48],"ascension_level":16}