{"gold_per_floor":[119,137,150,150,150,150,182,200,200,200,214,47,74,92,92,189,189,204,214,214,246,246],"floor_reached":22,"playtime":1938,"items_purged":[],"score":274,"play_id":"de62f63b-7549-47d3-ab5f-e5668e137d8d","local_time":"20181019174843","is_ascension_mode":true,"campfire_choices":[{"data":"Slice","floor":6,"key":"SMITH"},{"floor":10,"key":"REST"},{"floor":15,"key":"REST"}],"neow_cost":"NONE","seed_source_timestamp":176330937669934,"circlet_count":0,"master_deck":["Defend_G","Defend_G","Defend_G","Defend_G","Defend_G","Strike_G","Strike_G","Strike_G","Strike_G","Survivor","Neutralize","Slice+1","Dagger Spray","Deflect","Dagger Throw","Cloak And Dagger","Dagger Spray+1","Apotheosis","Dash+1","Accuracy","A Thousand Cuts","Sucker Punch+1","Poisoned Stab+1","Terror+1"],"relics":["Ring of the Snake","Ninja Scroll","Molten Egg 2","The Courier","Black Star","Red Mask"],"potions_floor_usage":[7,8,13],"damage_taken":[{"damage":0,"enemies":"2 Louse","floor":1,"turns":4},{"damage":0,"enemies":"Jaw Worm","floor":2,"turns":5},{"damage":0,"enemies":"Cultist","floor":3,"turns":4},{"damage":46,"enemies":"Gremlin Nob","floor":7,"turns":6},{"damage":0,"enemies":"Looter","floor":8,"turns":3},{"damage":0,"enemies":"Red Slaver","floor":11,"turns":2},{"damage":6,"enemies":"3 Sentries","floor":13,"turns":7},{"damage":0,"enemies":"Blue Slaver","floor":14,"turns":2},{"damage":47,"enemies":"Hexaghost","floor":16,"turns":12},{"damage":10,"enemies":"Shell Parasite","floor":18,"turns":7},{"damage":6,"enemies":"3 Byrds","floor":19,"turns":4},{"damage":26,"enemies":"Masked Bandits","floor":21,"turns":5},{"damage":13,"enemies":"Colosseum Slavers","floor":22,"turns":2}],"seed_played":"-3596295945588981963","potions_obtained":[{"floor":2,"key":"Dexterity Potion"},{"floor":3,"key":"EssenceOfSteel"},{"floor":11,"key":"Swift Potion"}],"is_trial":false,"path_per_floor":["M","M","M","?","?","R","E","M","T","R","M","$","E","M","R","B",null,"M","M","?","?"],"character_chosen":"THE_SILENT","items_purchased":["Apotheosis"],"campfire_rested":2,"item_purchase_floors":[12],"current_hp_per_floor":[70,70,70,70,70,70,24,24,24,47,47,47,41,41,64,17,62,52,46,71,45,32],"gold":246,"neow_bonus":"TEN_PERCENT_HP_BONUS","is_prod":false,"is_daily":false,"chose_seed":false,"campfire_upgraded":1,"win_rate":0,"timestamp":1539989323,"path_taken":["M","M","M","?","?","R","E","?","T","R","M","?","E","M","R","BOSS","M","?","?","?","?"],"build_version":"2018-10-18","purchased_purges":0,"victory":false,"max_hp_per_floor":[77,77,77,77,77,77,77,77,77,77,77,77,77,77,77,77,77,77,77,77,77,77],"card_choices":[{"not_picked":["Quick Slash","Underhanded Strike"],"picked":"Slice","floor":1},{"not_picked":["Masterful Stab","Deflect"],"picked":"Dagger Spray","floor":2},{"not_picked":["Phantasmal Killer","Outmaneuver"],"picked":"Deflect","floor":3},{"not_picked":["Underhanded Strike","Dodge and Roll"],"picked":"Dagger Throw","floor":7},{"not_picked":["Dodge and Roll","Outmaneuver"],"picked":"Cloak And Dagger","floor":8},{"not_picked":["Backflip","Flying Knee+1"],"picked":"Dagger Spray+1","floor":11},{"not_picked":["Escape Plan","Blade Dance"],"picked":"Dash+1","floor":13},{"not_picked":["Dodge and Roll","Storm of Steel"],"picked":"Accuracy","floor":14},{"not_picked":["Malaise","Grand Finale+1"],"picked":"A Thousand Cuts","floor":16},{"not_picked":["Acrobatics","Underhanded Strike+1"],"picked":"Sucker Punch+1","floor":18},{"not_picked":["Quick Slash+1","PiercingWail+1"],"picked":"Poisoned Stab+1","floor":19},{"not_picked":["PiercingWail","Dodge and Roll"],"picked":"Terror+1","floor":21}],"player_experience":803838,"relics_obtained":[{"floor":7,"key":"Ninja Scroll"},{"floor":9,"key":"Molten Egg 2"},{"floor":13,"key":"The Courier"},{"floor":21,"key":"Red Mask"}],"event_choices":[{"damage_healed":0,"gold_gain":0,"player_choice":"Ignored","damage_taken":0,"max_hp_gain":0,"max_hp_loss":0,"event_name":"Liars Game","floor":4,"gold_loss":0},{"cards_removed":["Strike_G"],"damage_healed":0,"gold_gain":0,"player_choice":"Offered Basic","damage_taken":0,"max_hp_gain":0,"max_hp_loss":0,"event_name":"Bonfire Elementals","floor":5,"gold_loss":0},{"damage_healed":25,"gold_gain":0,"player_choice":"Heal","damage_taken":0,"max_hp_gain":0,"max_hp_loss":0,"event_name":"The Library","floor":20,"gold_loss":0},{"damage_healed":0,"gold_gain":0,"player_choice":"Fought Bandits","damage_taken":0,"max_hp_gain":0,"max_hp_loss":0,"event_name":"Masked Bandits","floor":21,"gold_loss":0},{"damage_healed":0,"gold_gain":0,"player_choice":"Fight","damage_taken":0,"max_hp_gain":0,"max_hp_loss":0,"event_name":"Colosseum","floor":22,"gold_loss":0}],"is_beta":false,"boss_relics":[{"not_picked":["Ectoplasm","White Beast Statue"],"picked":"Black Star"}],"items_purged_floors":[],"is_endless":false,"potions_floor_spawned":[2,3,11],"killed_by":"Colosseum Slavers","ascension_level":8}