{"gold_per_floor":[115,126,140,68,81,115,115,115,115,173,204,204,230,240,240,340,340,357,357,375,51,51,51,61,61,361,391,411,440,440,468,468,571,571,584,584,596,696,715,740,769,784,784,784,802,817,817,835,835,835],"floor_reached":50,"playtime":5417,"items_purged":["BootSequence"],"score":632,"play_id":"a5be033d-f3a5-4a32-9ad6-633eaa248d09","local_time":"20190703125509","is_ascension_mode":false,"campfire_choices":[{"floor":8.0,"key":"REST"},{"floor":12.0,"key":"REST"},{"floor":15.0,"key":"REST"},{"floor":23.0,"key":"RECALL"},{"floor":30.0,"key":"REST"},{"floor":32.0,"key":"REST"},{"floor":44.0,"key":"REST"},{"floor":49.0,"key":"REST"}],"neow_cost":"NONE","seed_source_timestamp":98599853425315,"circlet_count":0,"master_deck":["Strike_B+1","Strike_B+1","Strike_B+1","Strike_B+1","Defend_B+1","Defend_B+1","Defend_B+1","Zap","Dualcast","Gash","Leap","Cold Snap","Ball Lightning","Cold Snap+1","Sweeping Beam+1","Stack","Go for the Eyes","Cold Snap","Stack+1","Hologram+1","Ball Lightning+1","Ball Lightning+1","Coolheaded+1","Cold Snap+1"],"special_seed":0,"relics":["Fusion Hammer","Letter Opener","WingedGreaves","Ginger","Gremlin Horn","Mummified Hand","Runic Pyramid","Symbiotic Virus","Old Coin","Potion Belt","Ornamental Fan","PreservedInsect","Black Star","Gambling Chip","Bottled Lightning","Whetstone","Calipers","Turnip","Nunchaku","CultistMask"],"potions_floor_usage":[50],"damage_taken":[{"damage":1.0,"enemies":"Jaw Worm","floor":1.0,"turns":4.0},{"damage":2.0,"enemies":"2 Louse","floor":2.0,"turns":3.0},{"damage":0.0,"enemies":"Small Slimes","floor":3.0,"turns":3.0},{"damage":3.0,"enemies":"Exordium Wildlife","floor":5.0,"turns":4.0},{"damage":9.0,"enemies":"Lagavulin","floor":6.0,"turns":9.0},{"damage":29.0,"enemies":"Lagavulin Event","floor":10.0,"turns":6.0},{"damage":10.0,"enemies":"Gremlin Nob","floor":11.0,"turns":4.0},{"damage":2.0,"enemies":"Lagavulin","floor":13.0,"turns":6.0},{"damage":0.0,"enemies":"Large Slime","floor":14.0,"turns":4.0},{"damage":57.0,"enemies":"Hexaghost","floor":16.0,"turns":13.0},{"damage":0.0,"enemies":"Spheric Guardian","floor":18.0,"turns":4.0},{"damage":0.0,"enemies":"Chosen","floor":20.0,"turns":4.0},{"damage":1.0,"enemies":"Centurion and Healer","floor":24.0,"turns":5.0},{"damage":10.0,"enemies":"Slavers","floor":27.0,"turns":4.0},{"damage":2.0,"enemies":"Cultist and Chosen","floor":28.0,"turns":5.0},{"damage":12.0,"enemies":"Gremlin Leader","floor":29.0,"turns":7.0},{"damage":10.0,"enemies":"Book of Stabbing","floor":31.0,"turns":5.0},{"damage":13.0,"enemies":"Collector","floor":33.0,"turns":13.0},{"damage":0.0,"enemies":"Orb Walker","floor":35.0,"turns":4.0},{"damage":9.0,"enemies":"3 Darklings","floor":37.0,"turns":6.0},{"damage":0.0,"enemies":"Mind Bloom Boss Battle","floor":38.0,"turns":9.0},{"damage":1.0,"enemies":"Writhing Mass","floor":39.0,"turns":7.0},{"damage":16.0,"enemies":"Giant Head","floor":40.0,"turns":9.0},{"damage":6.0,"enemies":"Nemesis","floor":41.0,"turns":3.0},{"damage":3.0,"enemies":"Spire Growth","floor":42.0,"turns":6.0},{"damage":17.0,"enemies":"3 Darklings","floor":45.0,"turns":4.0},{"damage":2.0,"enemies":"Transient","floor":46.0,"turns":5.0},{"damage":0.0,"enemies":"Maw","floor":48.0,"turns":8.0},{"damage":78,"enemies":"Time Eater","floor":50,"turns":17}],"seed_played":"6714127776214002518","potions_obtained":[{"floor":6.0,"key":"FearPotion"},{"floor":10.0,"key":"AttackPotion"},{"floor":11.0,"key":"Explosive Potion"},{"floor":16.0,"key":"SkillPotion"},{"floor":27.0,"key":"Regen Potion"},{"floor":31.0,"key":"Dexterity Potion"},{"floor":33.0,"key":"Fire Potion"},{"floor":38.0,"key":"Strength Potion"},{"floor":40.0,"key":"Swift Potion"},{"floor":48.0,"key":"Weak Potion"}],"is_trial":false,"path_per_floor":["M","M","M","$","M","E","?","R","T","?","E","R","E","M","R","B",null,"M","?","M","$","?","R","M","?","T","E","M","E","R","E","R","B",null,"M","?","M","?","M","E","E","M","T","R","M","M","?","M","R","B"],"character_chosen":"DEFECT","items_purchased":["BootSequence","Symbiotic Virus"],"campfire_rested":7,"item_purchase_floors":[4,21],"current_hp_per_floor":[74,72,72,72,69,60,53,75,75,46,36,58,56,56,75,18,75,75,75,75,75,75,75,74,74,74,64,62,65,75,65,75,62,75,75,75,66,66,65,49,43,40,40,62,45,43,43,43,65,0],"gold":835,"neow_bonus":"BOSS_RELIC","is_prod":false,"is_daily":false,"chose_seed":false,"campfire_upgraded":0,"win_rate":0,"timestamp":1562151309,"path_taken":["M","M","M","$","M","E","?","R","T","?","E","R","E","M","R","BOSS","M","?","M","$","?","R","M","?","T","E","?","E","R","E","R","BOSS","M","?","M","?","M","E","E","M","T","R","M","M","?","M","R","BOSS"],"build_version":"2019-07-01","purchased_purges":1,"victory":false,"max_hp_per_floor":[75,75,75,75,75,75,75,75,75,75,75,75,75,75,75,75,75,75,75,75,75,75,75,75,75,75,75,75,75,75,75,75,75,75,75,75,75,75,75,75,75,75,75,75,75,75,75,75,75,75],"card_choices":[{"not_picked":["Go for the Eyes","Lockon"],"picked":"Gash","floor":1.0},{"not_picked":["Chaos","Steam"],"picked":"Leap","floor":2.0},{"not_picked":["Beam Cell","Leap","Redo"],"picked":"SKIP","floor":3.0},{"not_picked":["Creative AI","Recycle"],"picked":"Cold Snap","floor":5.0},{"not_picked":["Coolheaded","Rebound"],"picked":"Ball Lightning","floor":6.0},{"not_picked":["Hologram","Scrape"],"picked":"Cold Snap","floor":10.0},{"not_picked":["Skim","Redo","Storm"],"picked":"SKIP","floor":11.0},{"not_picked":["Heatsinks","Hologram"],"picked":"Sweeping Beam","floor":13.0},{"not_picked":["Reprogram","Steam"],"picked":"Stack","floor":14.0},{"not_picked":["Turbo+1","Redo"],"picked":"Go for the Eyes","floor":18.0},{"not_picked":["Conserve Battery","Chaos"],"picked":"Cold Snap","floor":20.0},{"not_picked":["Compile Driver","Streamline","Cold Snap"],"picked":"SKIP","floor":24.0},{"not_picked":["Ball Lightning","Reinforced Body+1","Machine Learning"],"picked":"SKIP","floor":27.0},{"not_picked":["Steam+1","Scrape"],"picked":"Stack+1","floor":28.0},{"not_picked":["Glacier","Consume+1","Buffer"],"picked":"SKIP","floor":29.0},{"not_picked":["Loop","Ball Lightning"],"picked":"Hologram+1","floor":31.0},{"not_picked":["Ball Lightning","Leap+1","Rebound"],"picked":"SKIP","floor":35.0},{"not_picked":["Recycle","Conserve Battery+1"],"picked":"Ball Lightning+1","floor":37.0},{"not_picked":["Gash","Compile Driver+1"],"picked":"Ball Lightning+1","floor":38.0},{"not_picked":["Force Field+1","Glacier+1"],"picked":"Coolheaded+1","floor":39.0},{"not_picked":["Streamline+1","Conserve Battery","Chill+1"],"picked":"SKIP","floor":40.0},{"not_picked":["Hologram","Electrodynamics","Streamline+1"],"picked":"SKIP","floor":41.0},{"not_picked":["Gash","Darkness","Double Energy+1"],"picked":"SKIP","floor":42.0},{"not_picked":["Lockon+1","Conserve Battery"],"picked":"Cold Snap+1","floor":45.0},{"not_picked":["Steam Power","Loop","Skim"],"picked":"SKIP","floor":46.0},{"not_picked":["Reprogram+1","Hologram+1","Streamline"],"picked":"SKIP","floor":48.0}],"player_experience":436757,"relics_obtained":[{"floor":6.0,"key":"Letter Opener"},{"floor":9.0,"key":"WingedGreaves"},{"floor":11.0,"key":"Gremlin Horn"},{"floor":13.0,"key":"Mummified Hand"},{"floor":26.0,"key":"Old Coin"},{"floor":27.0,"key":"Potion Belt"},{"floor":29.0,"key":"Ornamental Fan"},{"floor":31.0,"key":"PreservedInsect"},{"floor":38.0,"key":"Gambling Chip"},{"floor":40.0,"key":"Bottled Lightning"},{"floor":40.0,"key":"Whetstone"},{"floor":41.0,"key":"Calipers"},{"floor":41.0,"key":"Turnip"},{"floor":43.0,"key":"Nunchaku"}],"event_choices":[{"cards_removed":["Defend_B"],"damage_healed":0.0,"max_hp_gain":0.0,"max_hp_loss":0.0,"gold_gain":0.0,"event_name":"Golden Wing","player_choice":"Card Removal","floor":7.0,"gold_loss":0.0,"damage_taken":7.0},{"damage_healed":0.0,"max_hp_gain":0.0,"max_hp_loss":0.0,"gold_gain":0.0,"event_name":"Dead Adventurer","player_choice":"Searched \u00272\u0027 times","floor":10.0,"gold_loss":0.0,"damage_taken":0.0,"relics_obtained":["Ginger"]},{"damage_healed":0.0,"max_hp_gain":0.0,"max_hp_loss":0.0,"gold_gain":0.0,"event_name":"Back to Basics","player_choice":"Simplicity","floor":19.0,"gold_loss":0.0,"damage_taken":0.0,"cards_upgraded":["Strike_B","Strike_B","Strike_B","Strike_B","Defend_B","Defend_B","Defend_B"]},{"damage_healed":0.0,"max_hp_gain":0.0,"max_hp_loss":0.0,"gold_gain":0.0,"event_name":"The Mausoleum","player_choice":"Ignored","floor":22.0,"gold_loss":0.0,"damage_taken":0.0},{"damage_healed":0.0,"max_hp_gain":0.0,"max_hp_loss":0.0,"gold_gain":0.0,"event_name":"The Woman in Blue","player_choice":"Bought 0 Potions","floor":25.0,"gold_loss":0.0,"damage_taken":0.0},{"damage_healed":0.0,"max_hp_gain":0.0,"max_hp_loss":0.0,"gold_gain":0.0,"event_name":"SensoryStone","player_choice":"Memory 1","floor":36.0,"gold_loss":0.0,"damage_taken":0.0},{"damage_healed":0.0,"max_hp_gain":0.0,"max_hp_loss":0.0,"gold_gain":0.0,"event_name":"MindBloom","player_choice":"Fight","floor":38.0,"gold_loss":0.0,"damage_taken":0.0},{"damage_healed":0.0,"max_hp_gain":0.0,"max_hp_loss":0.0,"gold_gain":0.0,"event_name":"FaceTrader","player_choice":"Trade","floor":47.0,"gold_loss":0.0,"damage_taken":0.0,"relics_obtained":["CultistMask"]}],"is_beta":false,"boss_relics":[{"not_picked":["Velvet Choker","Lizard Tail"],"picked":"Runic Pyramid"},{"not_picked":["White Beast Statue","Tiny House"],"picked":"Black Star"}],"items_purged_floors":[21],"is_endless":false,"potions_floor_spawned":[6,10,11,16,20,27,31,33,38,40,48],"killed_by":"Time Eater","ascension_level":0}