{"gold_per_floor":[114,13,13,13,13,13,27,57,109,132,154,166,196,242,254,266],"floor_reached":16,"playtime":935,"items_purged":[],"score":110,"play_id":"d003ec7c-0d04-4363-a356-7d1f8cadda3f","local_time":"20180723132612","is_ascension_mode":false,"campfire_choices":[{"floor":6,"key":"DIG"},{"floor":12,"key":"REST"},{"floor":15,"key":"DIG"}],"neow_cost":"CURSE","seed_source_timestamp":2323773936491627,"circlet_count":0,"master_deck":["Strike_B","Strike_B","Strike_B","Strike_B+1","Defend_B","Defend_B","Defend_B","Defend_B","Zap","Dualcast","Go for the Eyes+1","Flash of Steel+1","Coolheaded","Blizzard","Sweeping Beam","BootSequence","Sweeping Beam","Barrage"],"relics":["Cracked Core","Shovel","Frozen Egg 2","Whetstone","MawBank","Bird Faced Urn","Art of War"],"potions_floor_usage":[16],"damage_taken":[{"damage":5,"enemies":"Small Slimes","floor":1,"turns":3},{"damage":0,"enemies":"2 Louse","floor":7,"turns":2},{"damage":38,"enemies":"Gremlin Nob","floor":8,"turns":5},{"damage":0,"enemies":"Cultist","floor":10,"turns":2},{"damage":0,"enemies":"Large Slime","floor":11,"turns":4},{"damage":2,"enemies":"Exordium Thugs","floor":13,"turns":4},{"damage":11,"enemies":"Lagavulin","floor":14,"turns":6},{"damage":0,"enemies":"Slime Boss","floor":16,"turns":4}],"seed_played":"-7122749065550583962","potions_obtained":[{"floor":8,"key":"SneckoOil"},{"floor":13,"key":"GamblersBrew"},{"floor":14,"key":"Weak Potion"}],"is_trial":false,"path_per_floor":["M","$","?","?","?","R","M","E","T","M","M","R","M","E","R"],"character_chosen":"DEFECT","items_purchased":["Flash of Steel"],"campfire_rested":1,"item_purchase_floors":[2],"current_hp_per_floor":[70,70,75,68,68,68,68,30,30,30,30,54,52,41,41,41],"gold":266,"neow_bonus":"ONE_RARE_RELIC","is_prod":false,"is_daily":false,"chose_seed":false,"campfire_upgraded":0,"win_rate":0.0,"timestamp":1532370372,"path_taken":["M","$","?","?","?","R","M","E","T","M","?","R","M","E","R","BOSS"],"build_version":"2018-07-19v2","purchased_purges":0,"victory":false,"max_hp_per_floor":[75,75,80,80,80,80,80,80,80,80,80,80,80,80,80,80],"card_choices":[{"not_picked":["Blizzard","Heatsinks"],"picked":"Go for the Eyes","floor":1},{"not_picked":["Go for the Eyes","Hologram"],"picked":"Coolheaded","floor":7},{"not_picked":["Auto Shields","Scrape"],"picked":"Blizzard","floor":8},{"not_picked":["Conserve Battery","Stack"],"picked":"Sweeping Beam","floor":10},{"not_picked":["Hologram","Streamline"],"picked":"BootSequence","floor":11},{"not_picked":["Melter","All For One"],"picked":"Sweeping Beam","floor":13},{"not_picked":["Steam","Auto Shields"],"picked":"Barrage","floor":14}],"player_experience":295118,"relics_obtained":[{"floor":6,"key":"Frozen Egg 2"},{"floor":8,"key":"Whetstone"},{"floor":9,"key":"MawBank"},{"floor":14,"key":"Bird Faced Urn"},{"floor":15,"key":"Art of War"}],"event_choices":[{"event_name":"Big Fish","player_choice":"Donut","floor":3,"damage_taken":0},{"event_name":"Golden Wing","player_choice":"Card Removal","floor":4,"damage_taken":0},{"event_name":"Upgrade Shrine","player_choice":"Upgraded","floor":5,"damage_taken":0}],"is_beta":false,"boss_relics":[],"items_purged_floors":[],"is_endless":false,"potions_floor_spawned":[8,13,14],"killed_by":"Slime Boss","ascension_level":0}