{"gold_per_floor":[117,117,137,150,165,165,183,183,183,183,202,213,213,224,224,324,324,337,42,42,42,55,55,21,21,21,49,49,68,88,98,98,98],"floor_reached":33,"playtime":3116,"items_purged":[],"score":261,"play_id":"8e4b4092-8afc-4ec2-b422-e20a5be04fdd","local_time":"20190627235557","is_ascension_mode":false,"campfire_choices":[{"data":"Darkness","floor":6,"key":"SMITH"},{"data":"Chaos","floor":13,"key":"SMITH"},{"floor":15,"key":"REST"},{"data":"Self Repair","floor":23,"key":"SMITH"},{"data":"FTL","floor":25,"key":"SMITH"},{"data":"Defragment","floor":28,"key":"SMITH"},{"floor":32,"key":"REST"}],"neow_cost":"NONE","seed_source_timestamp":1756389163271023,"circlet_count":0,"master_deck":["Strike_B","Strike_B","Strike_B","Strike_B","Defend_B","Defend_B","Defend_B","Defend_B","Zap","Dualcast","Cold Snap","Redo","Darkness+1","Streamline","Coolheaded+1","Chaos+1","Doom and Gloom","Hologram","Multi-Cast","Redo+1","Self Repair+1","Defragment+1","Redo+1","FTL+1","Machine Learning","Self Repair","Darkness","Loop+1"],"relics":["Cracked Core","Orichalcum","Dodecahedron","Nuclear Battery","Mercury Hourglass","Bag of Marbles","Bottled Lightning","Bottled Tornado"],"potions_floor_usage":[16,16],"damage_taken":[{"damage":5,"enemies":"2 Louse","floor":1,"turns":3},{"damage":0,"enemies":"Cultist","floor":3,"turns":3},{"damage":6,"enemies":"Jaw Worm","floor":4,"turns":4},{"damage":1,"enemies":"Exordium Wildlife","floor":5,"turns":5},{"damage":11,"enemies":"Lots of Slimes","floor":7,"turns":4},{"damage":6,"enemies":"2 Fungi Beasts","floor":11,"turns":4},{"damage":7,"enemies":"Exordium Thugs","floor":12,"turns":5},{"damage":7,"enemies":"Blue Slaver","floor":14,"turns":3},{"damage":26,"enemies":"Hexaghost","floor":16,"turns":6},{"damage":10,"enemies":"Shell Parasite","floor":18,"turns":3},{"damage":29,"enemies":"2 Thieves","floor":22,"turns":3},{"damage":12,"enemies":"Gremlin Leader","floor":27,"turns":6},{"damage":17,"enemies":"Centurion and Healer","floor":29,"turns":4},{"damage":8,"enemies":"Shelled Parasite and Fungi","floor":30,"turns":2},{"damage":24,"enemies":"Snake Plant","floor":31,"turns":3},{"damage":57,"enemies":"Automaton","floor":33,"turns":6}],"seed_played":"6411296818311699088","potions_obtained":[{"floor":1,"key":"FearPotion"},{"floor":4,"key":"EssenceOfSteel"},{"floor":5,"key":"Weak Potion"},{"floor":14,"key":"Fruit Juice"},{"floor":18,"key":"Regen Potion"},{"floor":27,"key":"Block Potion"}],"is_trial":false,"path_per_floor":["M","?","M","M","M","R","M","T","T","?","M","M","R","M","R","B",null,"M","$","?","?","M","R","$","R","T","E","R","M","M","M","R","B"],"character_chosen":"DEFECT","items_purchased":["Mercury Hourglass","Self Repair","FTL"],"campfire_rested":2,"item_purchase_floors":[19,19,24],"current_hp_per_floor":[77,77,77,71,70,70,59,59,59,59,53,46,46,39,63,42,87,77,77,77,77,55,55,55,55,55,53,53,46,45,31,57,0],"gold":98,"neow_bonus":"TEN_PERCENT_HP_BONUS","is_prod":false,"is_daily":false,"chose_seed":false,"campfire_upgraded":5,"win_rate":0.0,"timestamp":1561701357,"path_taken":["M","?","?","M","M","R","M","?","T","?","M","M","R","M","R","BOSS","M","$","?","?","?","R","?","R","T","E","R","M","M","M","R","BOSS"],"build_version":"2019-01-23","purchased_purges":0,"victory":false,"max_hp_per_floor":[82,82,82,82,82,82,82,82,82,82,82,82,82,82,82,87,87,87,87,87,87,87,87,87,87,87,87,87,87,87,87,87,87],"card_choices":[{"not_picked":["Stack","Hologram"],"picked":"Cold Snap","floor":1},{"not_picked":["Reinforced Body","Conserve Battery"],"picked":"Redo","floor":3},{"not_picked":["Storm","Gash"],"picked":"Darkness","floor":4},{"not_picked":["Stack","Sweeping Beam"],"picked":"Streamline","floor":5},{"not_picked":["Steam","Leap"],"picked":"Coolheaded","floor":7},{"not_picked":["Glacier","Aggregate"],"picked":"Chaos","floor":11},{"not_picked":["White Noise","Consume"],"picked":"Doom and Gloom","floor":12},{"not_picked":["Leap","Hello World"],"picked":"Hologram","floor":14},{"not_picked":["Thunder Strike","Reboot"],"picked":"Multi-Cast","floor":16},{"not_picked":["Ball Lightning","Rip and Tear"],"picked":"Redo+1","floor":18},{"not_picked":["Barrage","Sweeping Beam"],"picked":"Redo+1","floor":22},{"not_picked":["Cold Snap","Stack+1"],"picked":"Machine Learning","floor":27},{"not_picked":["Auto Shields","Hologram+1"],"picked":"Self Repair","floor":29},{"not_picked":["Coolheaded","Stack"],"picked":"Darkness","floor":30},{"not_picked":["Lockon+1","Blizzard+1"],"picked":"Loop+1","floor":31}],"player_experience":19779,"relics_obtained":[{"floor":8,"key":"Orichalcum"},{"floor":9,"key":"Dodecahedron"},{"floor":26,"key":"Bottled Lightning"},{"floor":27,"key":"Bottled Tornado"}],"event_choices":[{"damage_healed":0,"gold_gain":0,"player_choice":"Bought 0 Potions","damage_taken":0,"max_hp_gain":0,"max_hp_loss":0,"event_name":"The Woman in Blue","floor":2,"gold_loss":0},{"damage_healed":0,"gold_gain":0,"player_choice":"Grow","damage_taken":0,"max_hp_gain":0,"max_hp_loss":0,"event_name":"Living Wall","floor":10,"gold_loss":0,"cards_upgraded":["Coolheaded"]},{"damage_healed":0,"gold_gain":0,"player_choice":"Read","damage_taken":0,"max_hp_gain":0,"max_hp_loss":0,"event_name":"The Library","floor":20,"gold_loss":0,"cards_obtained":["Defragment"]},{"damage_healed":0,"gold_gain":0,"player_choice":"Gave Potion","damage_taken":0,"relics_obtained":["Bag of Marbles"],"max_hp_gain":0,"max_hp_loss":0,"event_name":"WeMeetAgain","floor":21,"gold_loss":0}],"is_beta":false,"boss_relics":[{"not_picked":["Philosopher\u0027s Stone","Coffee Dripper"],"picked":"Nuclear Battery"}],"items_purged_floors":[],"is_endless":false,"potions_floor_spawned":[1,4,5,14,18,27],"killed_by":"Automaton","ascension_level":0}