{"gold_per_floor":[16,32,32,32,97,127,193,118,186,186,197,197,274,338,338,437,437,452,464,514,578,663,695,695,765,765,777,787,806,831,881,881,983,983,993,636,388,451,514,564,564,628,628,503,518,518,546,191,191,191],"floor_reached":51,"playtime":3343,"items_purged":["Strike_R","Strike_R","Strike_R","Defend_R"],"score":821,"play_id":"11aa2742-b375-4bde-80a1-dfbb1aa3ef11","local_time":"20180712160731","is_ascension_mode":false,"campfire_choices":[{"floor":10,"key":"REST"},{"data":"Pommel Strike","floor":12,"key":"SMITH"},{"data":"Flex","floor":15,"key":"SMITH"},{"floor":24,"key":"REST"},{"floor":32,"key":"REST"},{"data":"1","floor":41,"key":"LIFT"},{"floor":46,"key":"REST"},{"data":"2","floor":49,"key":"LIFT"}],"neow_cost":"NO_GOLD","seed_source_timestamp":1380525001958432,"circlet_count":0,"master_deck":["Strike_R","Strike_R","Defend_R","Defend_R","Defend_R","Bash","Pommel Strike+1","Flex+1","Iron Wave","Spot Weakness","Body Slam+1","Flex","RitualDagger","Headbutt","Whirlwind","Pommel Strike+1","Flame Barrier","Battle Trance+1","Spot Weakness+1","Madness","Madness","Iron Wave+1"],"relics":["Burning Blood","SsserpentHead","Red Skull","Matryoshka","Potion Belt","Bag of Marbles","Mark of Pain","Red Mask","Omamori","Happy Flower","Gremlin Horn","Regal Pillow","Orichalcum","Runic Cube","Girya","Bottled Flame","Boot","Dead Branch","Kunai"],"potions_floor_usage":[7,14,21,22,22,23,33,33,33,33,42],"damage_taken":[{"damage":1,"enemies":"Cultist","floor":1,"turns":3},{"damage":5,"enemies":"Small Slimes","floor":2,"turns":3},{"damage":6,"enemies":"Jaw Worm","floor":5,"turns":3},{"damage":50,"enemies":"Gremlin Nob","floor":6,"turns":6},{"damage":8,"enemies":"3 Louse","floor":7,"turns":5},{"damage":13,"enemies":"Red Slaver","floor":11,"turns":3},{"damage":0,"enemies":"2 Fungi Beasts","floor":14,"turns":3},{"damage":95,"enemies":"Hexaghost","floor":16,"turns":11},{"damage":15,"enemies":"3 Byrds","floor":18,"turns":6},{"damage":7,"enemies":"Shell Parasite","floor":19,"turns":4},{"damage":17,"enemies":"Sentry and Sphere","floor":21,"turns":4},{"damage":9,"floor":22,"turns":3},{"damage":48,"enemies":"Gremlin Leader","floor":23,"turns":7},{"damage":33,"enemies":"3 Cultists","floor":25,"turns":5},{"damage":10,"enemies":"Snake Plant","floor":27,"turns":2},{"damage":0,"enemies":"Snecko","floor":28,"turns":1},{"damage":0,"enemies":"Centurion and Healer","floor":29,"turns":2},{"damage":20,"enemies":"Book of Stabbing","floor":30,"turns":4},{"damage":75,"enemies":"Champ","floor":33,"turns":8},{"damage":11,"enemies":"3 Darklings","floor":35,"turns":2},{"damage":10,"enemies":"3 Shapes","floor":38,"turns":3},{"damage":17,"enemies":"Sphere and 2 Shapes","floor":39,"turns":4},{"damage":11,"enemies":"3 Darklings","floor":42,"turns":3},{"damage":24,"enemies":"4 Shapes","floor":45,"turns":4},{"damage":21,"enemies":"Nemesis","floor":47,"turns":4},{"damage":56,"enemies":"Donu and Deca","floor":50,"turns":6}],"seed_played":"6080080756853621846","potions_obtained":[{"floor":2,"key":"Strength Potion"},{"floor":5,"key":"GamblersBrew"},{"floor":6,"key":"Regen Potion"},{"floor":16,"key":"Block Potion"},{"floor":18,"key":"Regen Potion"},{"floor":21,"key":"AttackPotion"},{"floor":25,"key":"Ancient Potion"},{"floor":28,"key":"Strength Potion"},{"floor":29,"key":"Poison Potion"},{"floor":30,"key":"LiquidBronze"},{"floor":38,"key":"SteroidPotion"},{"floor":39,"key":"PowerPotion"},{"floor":42,"key":"SpeedPotion"}],"is_trial":false,"path_per_floor":["M","M","?","?","M","E","M","$","T","R","M","R","T","M","R","B",null,"M","M","?","M","?","E","R","M","T","M","M","M","E","?","R","B",null,"M","$","$","M","M","?","R","M","T","$","M","R","E","$","R","B"],"character_chosen":"IRONCLAD","items_purchased":["Girya","Bottled Flame","Kunai"],"campfire_rested":4,"item_purchase_floors":[36,37,48],"current_hp_per_floor":[96,96,101,101,101,57,67,67,67,97,90,90,90,96,96,7,101,92,91,85,74,71,44,74,47,47,43,49,55,41,41,86,17,101,96,96,96,92,81,68,68,63,63,63,45,90,75,75,75,25],"gold":191,"neow_bonus":"TWENTY_PERCENT_HP_BONUS","is_prod":false,"is_daily":false,"chose_seed":false,"campfire_upgraded":2,"win_rate":0,"timestamp":1531429651,"path_taken":["M","M","?","?","?","E","?","$","T","R","M","R","?","?","R","BOSS","M","M","?","?","?","E","R","?","T","M","M","M","E","?","R","BOSS","M","?","$","?","?","?","R","?","T","$","M","R","E","?","R","BOSS"],"build_version":"2018-07-05","purchased_purges":4,"victory":true,"max_hp_per_floor":[96,96,101,101,101,101,101,101,101,101,101,101,101,101,101,101,101,101,101,101,101,101,101,101,101,101,101,101,101,101,101,101,101,101,101,101,101,101,101,101,101,101,101,101,101,101,101,101,101,101],"card_choices":[{"not_picked":["Perfected Strike","Hemokinesis","Feel No Pain"],"picked":"SKIP","floor":1},{"not_picked":["Rage","Anger"],"picked":"Pommel Strike","floor":2},{"not_picked":["Clash","Combust"],"picked":"Flex","floor":5},{"not_picked":["Evolve","Havoc","Perfected Strike"],"picked":"SKIP","floor":6},{"not_picked":["Impervious","Combust","Anger"],"picked":"SKIP","floor":7},{"not_picked":["Warcry","Body Slam"],"picked":"Iron Wave","floor":11},{"not_picked":["Uppercut","Cleave"],"picked":"Spot Weakness","floor":14},{"not_picked":["Infernal Blade","Anger"],"picked":"Body Slam+1","floor":18},{"not_picked":["Sentinel","Second Wind"],"picked":"Flex","floor":19},{"not_picked":["Clothesline+1","Intimidate+1"],"picked":"Headbutt","floor":21},{"not_picked":["Iron Wave+1","Flex"],"picked":"Whirlwind","floor":22},{"not_picked":["Rage+1","Twin Strike","Whirlwind"],"picked":"SKIP","floor":23},{"not_picked":["Perfected Strike","Combust"],"picked":"Pommel Strike+1","floor":25},{"not_picked":["Thunderclap","Intimidate","Shockwave"],"picked":"SKIP","floor":27},{"not_picked":["Evolve","Whirlwind","Sword Boomerang"],"picked":"SKIP","floor":28},{"not_picked":["Perfected Strike","Iron Wave"],"picked":"Flame Barrier","floor":29},{"not_picked":["Dual Wield","Searing Blow","Clash"],"picked":"SKIP","floor":30},{"not_picked":["Searing Blow","Entrench","Headbutt"],"picked":"SKIP","floor":35},{"not_picked":["Anger","Clash+1"],"picked":"Battle Trance+1","floor":38},{"not_picked":["Body Slam+1","Entrench+1"],"picked":"Spot Weakness+1","floor":39},{"not_picked":["Flex+1","Clothesline+1"],"picked":"Iron Wave+1","floor":42},{"not_picked":["Headbutt","Spot Weakness","Dropkick+1"],"picked":"SKIP","floor":45},{"not_picked":["Sword Boomerang","Shockwave+1","Rupture+1"],"picked":"SKIP","floor":47}],"player_experience":166652,"relics_obtained":[{"floor":6,"key":"Red Skull"},{"floor":9,"key":"Matryoshka"},{"floor":13,"key":"Potion Belt"},{"floor":13,"key":"Bag of Marbles"},{"floor":22,"key":"Red Mask"},{"floor":23,"key":"Omamori"},{"floor":26,"key":"Happy Flower"},{"floor":26,"key":"Gremlin Horn"},{"floor":30,"key":"Regal Pillow"},{"floor":43,"key":"Boot"},{"floor":47,"key":"Dead Branch"}],"event_choices":[{"event_name":"Big Fish","player_choice":"Donut","floor":3,"damage_taken":0},{"event_name":"FaceTrader","player_choice":"Trade","floor":4,"damage_taken":0},{"event_name":"Nest","player_choice":"Joined the Cult","floor":20,"damage_taken":0},{"event_name":"Masked Bandits","player_choice":"Fought over 628 gold","floor":22,"damage_taken":0},{"event_name":"The Mausoleum","player_choice":"Yes","floor":31,"damage_taken":0},{"event_name":"Winding Halls","player_choice":"Embrace Madness","floor":40,"damage_taken":0}],"boss_relics":[{"not_picked":["Empty Cage","Tiny House"],"picked":"Mark of Pain"},{"not_picked":["Black Blood","Coffee Dripper"],"picked":"Runic Cube"}],"items_purged_floors":[8,36,44,48],"is_endless":false,"potions_floor_spawned":[2,5,6,16,18,21,25,28,29,30,38,39,42],"ascension_level":0}