{"gold_per_floor":[213,61,136,151,151,151,183,183,230,264,275,286,306,321,321,321],"floor_reached":16,"playtime":1364,"items_purged":[],"score":140,"play_id":"a0066abf-2f2d-4bf3-a86e-26b6921260cb","local_time":"20190612221100","is_ascension_mode":true,"campfire_choices":[{"data":"Dagger Spray","floor":6.0,"key":"SMITH"},{"floor":15.0,"key":"REST"}],"neow_cost":"NONE","seed_source_timestamp":5487326518400,"circlet_count":0,"master_deck":["Strike_G","Strike_G","Strike_G","Strike_G","Strike_G","Defend_G","Defend_G","Defend_G","Defend_G","Defend_G","Survivor+1","Neutralize","Dagger Spray+1","Sucker Punch","Prepared","Well Laid Plans","Backstab+1","Cloak And Dagger","Malaise","Leg Sweep","Blur","Acrobatics"],"special_seed":0,"relics":["Ring of the Snake","Mercury Hourglass","Kunai","Bag of Preparation"],"potions_floor_usage":[16,16],"damage_taken":[{"damage":7.0,"enemies":"Cultist","floor":1.0,"turns":5.0},{"damage":3.0,"enemies":"2 Louse","floor":4.0,"turns":2.0},{"damage":12.0,"enemies":"3 Sentries","floor":7.0,"turns":7.0},{"damage":17.0,"enemies":"Lagavulin","floor":10.0,"turns":6.0},{"damage":0.0,"enemies":"Jaw Worm","floor":11.0,"turns":1.0},{"damage":0.0,"enemies":"Lots of Slimes","floor":12.0,"turns":3.0},{"damage":0.0,"enemies":"3 Louse","floor":13.0,"turns":3.0},{"damage":5.0,"enemies":"Exordium Wildlife","floor":14.0,"turns":4.0},{"damage":23,"enemies":"Slime Boss","floor":16,"turns":7}],"seed_played":"7410951087148053832","potions_obtained":[{"floor":7.0,"key":"Energy Potion"},{"floor":10.0,"key":"SteroidPotion"},{"floor":11.0,"key":"Poison Potion"},{"floor":14.0,"key":"Weak Potion"}],"is_trial":false,"path_per_floor":["M","$","?","M","?","R","E","T","T","E","M","M","M","M","R","B"],"character_chosen":"THE_SILENT","items_purchased":["Sucker Punch","Prepared","Well Laid Plans"],"campfire_rested":1,"item_purchase_floors":[2,2,2],"current_hp_per_floor":[63,63,52,49,35,35,23,23,23,6,6,6,6,1,22,0],"gold":321,"neow_bonus":"HUNDRED_GOLD","is_prod":false,"is_daily":false,"chose_seed":false,"campfire_upgraded":1,"win_rate":0,"timestamp":1560370260,"path_taken":["M","$","?","M","?","R","E","?","T","E","?","M","M","M","R","BOSS"],"build_version":"2019-06-11","purchased_purges":0,"victory":false,"max_hp_per_floor":[70,70,70,70,70,70,70,70,70,70,70,70,70,70,70,70],"card_choices":[{"not_picked":["Underhanded Strike","Bane"],"picked":"Dagger Spray","floor":1.0},{"not_picked":["Bane","Prepared"],"picked":"Backstab","floor":4.0},{"not_picked":["Slice","Poisoned Stab"],"picked":"Cloak And Dagger","floor":7.0},{"not_picked":["Prepared","Dash"],"picked":"Malaise","floor":10.0},{"not_picked":["Dodge and Roll","Acrobatics"],"picked":"Leg Sweep","floor":11.0},{"not_picked":["PiercingWail","Blade Dance"],"picked":"Blur","floor":12.0},{"not_picked":["Sucker Punch","Blade Dance","Doppelganger"],"picked":"SKIP","floor":13.0},{"not_picked":["Dagger Spray","Bane"],"picked":"Acrobatics","floor":14.0}],"player_experience":378260,"relics_obtained":[{"floor":7.0,"key":"Mercury Hourglass"},{"floor":8.0,"key":"Kunai"},{"floor":10.0,"key":"Bag of Preparation"}],"event_choices":[{"damage_healed":0.0,"max_hp_gain":0.0,"max_hp_loss":0.0,"gold_gain":75.0,"event_name":"World of Goop","player_choice":"Gather Gold","floor":3.0,"gold_loss":0.0,"damage_taken":11.0},{"damage_healed":0.0,"max_hp_gain":0.0,"max_hp_loss":0.0,"gold_gain":0.0,"event_name":"Shining Light","player_choice":"Entered Light","floor":5.0,"gold_loss":0.0,"damage_taken":14.0,"cards_upgraded":["Survivor","Backstab"]}],"is_beta":true,"boss_relics":[],"items_purged_floors":[],"is_endless":false,"potions_floor_spawned":[7,10,11,14],"killed_by":"Slime Boss","ascension_level":5}