{"gold_per_floor":[115,65,83,98,98,98,20,39,39,51,51,61,61,76,76,178,178,103,122,0,0,0,0,0,0,0,0,0,11,22,37,37,138,138,156,81,91,91,111,111,111,123,123,123,156,156,167,179,179,179],"floor_reached":51,"playtime":4816,"items_purged":["Decay"],"score":619,"play_id":"12d04928-3211-4025-9977-e3df4b5c1fbd","local_time":"20190529170249","is_ascension_mode":false,"campfire_choices":[{"data":"Loop","floor":6.0,"key":"SMITH"},{"data":"Defragment","floor":11.0,"key":"SMITH"},{"floor":13.0,"key":"REST"},{"data":"Coolheaded","floor":15.0,"key":"SMITH"},{"floor":23.0,"key":"REST"},{"floor":25.0,"key":"REST"},{"data":"Defragment","floor":28.0,"key":"SMITH"},{"floor":32.0,"key":"REST"},{"data":"Echo Form","floor":40.0,"key":"SMITH"},{"data":"Glacier","floor":44.0,"key":"SMITH"},{"data":"Reboot","floor":46.0,"key":"SMITH"},{"floor":49,"key":"REST"}],"neow_cost":"NONE","seed_source_timestamp":162920275012825,"circlet_count":0,"master_deck":["Strike_B","Strike_B","Strike_B","Strike_B","Defend_B","Defend_B","Defend_B","Defend_B","Zap","Coolheaded+1","Loop+1","Defragment+1","Reboot+1","Defragment+1","Echo Form+1","Glacier+1","Biased Cognition","Capacitor+1","Capacitor+1","Barrage+1"],"special_seed":0,"relics":["Nuclear Battery"],"potions_floor_usage":[47,48,50],"damage_taken":[{"damage":2.0,"enemies":"Small Slimes","floor":1.0,"turns":4.0},{"damage":5.0,"enemies":"2 Louse","floor":3.0,"turns":4.0},{"damage":0.0,"enemies":"Cultist","floor":4.0,"turns":4.0},{"damage":8.0,"enemies":"Blue Slaver","floor":8.0,"turns":4.0},{"damage":15.0,"enemies":"Large Slime","floor":10.0,"turns":8.0},{"damage":14.0,"enemies":"3 Louse","floor":12.0,"turns":4.0},{"damage":11.0,"enemies":"2 Fungi Beasts","floor":14.0,"turns":4.0},{"damage":6.0,"enemies":"Slime Boss","floor":16.0,"turns":8.0},{"damage":22.0,"enemies":"2 Thieves","floor":18.0,"turns":5.0},{"damage":32.0,"enemies":"3 Byrds","floor":19.0,"turns":6.0},{"damage":11.0,"enemies":"3 Cultists","floor":29.0,"turns":7.0},{"damage":3.0,"enemies":"Chosen and Byrds","floor":30.0,"turns":8.0},{"damage":14.0,"enemies":"Shelled Parasite and Fungi","floor":31.0,"turns":8.0},{"damage":29.0,"enemies":"Champ","floor":33.0,"turns":15.0},{"damage":9.0,"enemies":"3 Shapes","floor":35.0,"turns":8.0},{"damage":1.0,"enemies":"Orb Walker","floor":37.0,"turns":6.0},{"damage":19.0,"enemies":"4 Shapes","floor":39.0,"turns":12.0},{"damage":1.0,"enemies":"3 Darklings","floor":42.0,"turns":8.0},{"damage":6.0,"enemies":"Nemesis","floor":45.0,"turns":9.0},{"damage":0,"enemies":"Sphere and 2 Shapes","floor":47,"turns":10},{"damage":13,"enemies":"Maw","floor":48,"turns":8},{"damage":35,"enemies":"Donu and Deca","floor":50,"turns":13}],"seed_played":"-5483938601108202221","potions_obtained":[{"floor":1.0,"key":"Poison Potion"},{"floor":8.0,"key":"Ancient Potion"},{"floor":12.0,"key":"Weak Potion"},{"floor":19.0,"key":"Block Potion"},{"floor":30.0,"key":"Poison Potion"},{"floor":33.0,"key":"SteroidPotion"},{"floor":39.0,"key":"Fire Potion"},{"floor":45.0,"key":"Swift Potion"},{"floor":48,"key":"Energy Potion"}],"is_trial":false,"path_per_floor":["M","?","M","M","?","R","$","M","T","M","R","M","R","M","R","B",null,"M","M","?","?","?","R","$","R","T","$","R","M","M","M","R","B",null,"M","$","M","?","M","R","?","M","T","R","E","R","M","M","R","B",null],"character_chosen":"DEFECT","items_purchased":["Defragment"],"campfire_rested":5,"item_purchase_floors":[7],"current_hp_per_floor":[73,73,68,68,68,68,68,60,60,45,45,31,53,42,42,36,75,53,21,21,21,21,43,43,65,65,65,65,54,51,37,59,30,75,66,66,65,65,46,46,46,45,45,45,39,39,39,26,48,13],"gold":179,"neow_bonus":"BOSS_RELIC","is_prod":false,"is_daily":false,"chose_seed":false,"campfire_upgraded":7,"win_rate":0,"timestamp":1559142169,"path_taken":["M","?","M","M","?","R","$","?","T","M","R","M","R","M","R","BOSS","M","M","?","?","?","R","$","R","T","$","R","M","M","M","R","BOSS","M","$","M","?","M","R","?","M","T","R","E","R","M","M","R","BOSS"],"build_version":"2019-01-23","purchased_purges":1,"victory":true,"max_hp_per_floor":[75,75,75,75,75,75,75,75,75,75,75,75,75,75,75,75,75,75,75,75,75,75,75,75,75,75,75,75,75,75,75,75,75,75,75,75,75,75,75,75,75,75,75,75,75,75,75,75,75,75],"card_choices":[{"not_picked":["Undo","Beam Cell"],"picked":"Coolheaded","floor":1.0},{"not_picked":["Leap","Steam","Ball Lightning"],"picked":"SKIP","floor":3.0},{"not_picked":["Compile Driver","Redo"],"picked":"Loop","floor":4.0},{"not_picked":["Consume","Beam Cell"],"picked":"Reboot","floor":8.0},{"not_picked":["Beam Cell","Steam","Cold Snap"],"picked":"SKIP","floor":10.0},{"not_picked":["Auto Shields","Chaos"],"picked":"Defragment","floor":12.0},{"not_picked":["Turbo","Cold Snap","Hologram"],"picked":"SKIP","floor":14.0},{"not_picked":["Rainbow","Hyperbeam"],"picked":"Echo Form","floor":16.0},{"not_picked":["Barrage","Go for the Eyes","Streamline"],"picked":"SKIP","floor":18.0},{"not_picked":["Cold Snap","Auto Shields","Leap"],"picked":"SKIP","floor":19.0},{"not_picked":["Fusion+1","Chill+1"],"picked":"Glacier","floor":29.0},{"not_picked":["Tempest","Streamline","Gash+1"],"picked":"SKIP","floor":30.0},{"not_picked":["Aggregate+1","Sweeping Beam","Coolheaded"],"picked":"SKIP","floor":31.0},{"not_picked":["Machine Learning","Thunder Strike"],"picked":"Biased Cognition","floor":33.0},{"not_picked":["Static Discharge+1","Conserve Battery"],"picked":"Capacitor+1","floor":35.0},{"not_picked":["Coolheaded","Compile Driver+1","Redo+1"],"picked":"SKIP","floor":37.0},{"not_picked":["Consume","Beam Cell+1"],"picked":"Capacitor+1","floor":39.0},{"not_picked":["Doom and Gloom","Force Field","Hologram+1"],"picked":"SKIP","floor":42.0},{"not_picked":["Ball Lightning+1","Gash+1"],"picked":"Barrage+1","floor":45.0},{"not_picked":["Conserve Battery+1","Coolheaded","Undo"],"picked":"SKIP","floor":47},{"not_picked":["Steam+1","BootSequence","Redo+1"],"picked":"SKIP","floor":48}],"player_experience":357786,"relics_obtained":[],"event_choices":[{"cards_removed":["Dualcast"],"damage_healed":0.0,"max_hp_gain":0.0,"max_hp_loss":0.0,"gold_gain":0.0,"event_name":"The Cleric","player_choice":"Card Removal","floor":2.0,"gold_loss":50.0,"damage_taken":0.0},{"damage_healed":0.0,"max_hp_gain":0.0,"max_hp_loss":0.0,"gold_gain":0.0,"event_name":"Wheel of Change","player_choice":"Cursed","floor":5.0,"gold_loss":0.0,"damage_taken":0.0,"cards_obtained":["Decay"]},{"damage_healed":0.0,"max_hp_gain":0.0,"max_hp_loss":0.0,"gold_gain":0.0,"event_name":"Masked Bandits","player_choice":"Paid Fearfully","floor":20.0,"gold_loss":122.0,"damage_taken":0.0},{"damage_healed":0.0,"max_hp_gain":0.0,"max_hp_loss":0.0,"gold_gain":0.0,"event_name":"Beggar","player_choice":"Ignored","floor":21.0,"gold_loss":0.0,"damage_taken":0.0},{"damage_healed":0.0,"max_hp_gain":0.0,"max_hp_loss":0.0,"gold_gain":0.0,"event_name":"Tomb of Lord Red Mask","player_choice":"Ignored","floor":38.0,"gold_loss":0.0,"damage_taken":0.0},{"damage_healed":0.0,"max_hp_gain":0.0,"max_hp_loss":0.0,"gold_gain":0.0,"event_name":"Mysterious Sphere","player_choice":"Ignored","floor":41.0,"gold_loss":0.0,"damage_taken":0.0}],"is_beta":false,"boss_relics":[{"not_picked":["Runic Dome","Lizard Tail","White Beast Statue"]},{"not_picked":["Orrery","Pandora\u0027s Box","Velvet Choker"]}],"items_purged_floors":[36],"is_endless":false,"potions_floor_spawned":[1,8,12,19,30,33,39,45,48],"ascension_level":0}