{"gold_per_floor":[114,131,131,204,220,220,240,240,240,275,292,310,344,358,358,459,459,479,494,505,518,40,65,65,65,65,85,95,95,95,127,127,228,228,243,343,343,353,365,392,392,405,405,438,334,344,359,75,75,75,75,75,25,53,53],"floor_reached":55,"playtime":5677,"items_purged":["Writhe"],"score":833,"play_id":"e273f84f-5f3b-49b1-8acc-2767f532516d","local_time":"20190316144407","is_ascension_mode":false,"campfire_choices":[{"data":"Dualcast","floor":6.0,"key":"SMITH"},{"data":"Fusion","floor":8.0,"key":"SMITH"},{"data":"Barrage","floor":15.0,"key":"SMITH"},{"data":"Capacitor","floor":24.0,"key":"SMITH"},{"data":"Consume","floor":32.0,"key":"SMITH"},{"data":"Thunder Strike","floor":41.0,"key":"SMITH"},{"floor":49.0,"key":"RECALL"},{"data":"Chill","floor":52.0,"key":"SMITH"}],"neow_cost":"NONE","seed_source_timestamp":0,"circlet_count":0,"master_deck":["Strike_B","Strike_B","Strike_B","Strike_B","Defend_B","Defend_B","Defend_B","Defend_B","Zap+1","Dualcast+1","Reboot","Ball Lightning","Conserve Battery","Chill+1","Fusion+1","Leap","Redo","Sweeping Beam","Barrage+1","Capacitor+1","Electrodynamics","Go for the Eyes+1","Tempest+1","Darkness","Barrage+1","Conserve Battery","Consume+1","Glacier+1","Echo Form","Hologram","Creative AI","Sweeping Beam+1","Auto Shields","Ball Lightning+1","Thunder Strike+1","Chill","Parasite","Loop"],"special_seed":0,"relics":["Cracked Core","The Courier","DataDisk","Bag of Preparation","Bottled Lightning","Eternal Feather","FossilizedHelix","Turnip","Smiling Mask","Emotion Chip","Question Card","Busted Crown","Mango","Ginger","MawBank","Oddly Smooth Stone","Runic Capacitor","PreservedInsect","Letter Opener"],"potions_floor_usage":[55,55],"damage_taken":[{"damage":0.0,"enemies":"Small Slimes","floor":1.0,"turns":2.0},{"damage":1.0,"enemies":"Jaw Worm","floor":2.0,"turns":2.0},{"damage":0.0,"enemies":"Cultist","floor":5.0,"turns":2.0},{"damage":0.0,"enemies":"Exordium Wildlife","floor":7.0,"turns":3.0},{"damage":16.0,"enemies":"Gremlin Nob","floor":10.0,"turns":4.0},{"damage":0.0,"enemies":"Blue Slaver","floor":11.0,"turns":4.0},{"damage":0.0,"enemies":"2 Fungi Beasts","floor":12.0,"turns":2.0},{"damage":0.0,"enemies":"3 Sentries","floor":13.0,"turns":5.0},{"damage":0.0,"enemies":"Looter","floor":14.0,"turns":2.0},{"damage":35.0,"enemies":"The Guardian","floor":16.0,"turns":8.0},{"damage":1.0,"enemies":"2 Thieves","floor":18.0,"turns":3.0},{"damage":3.0,"enemies":"Spheric Guardian","floor":19.0,"turns":3.0},{"damage":10.0,"enemies":"Chosen and Byrds","floor":20.0,"turns":3.0},{"damage":7.0,"enemies":"Snecko","floor":21.0,"turns":3.0},{"damage":7.0,"enemies":"Slavers","floor":23.0,"turns":2.0},{"damage":7.0,"enemies":"Snake Plant","floor":27.0,"turns":4.0},{"damage":0.0,"enemies":"Centurion and Healer","floor":28.0,"turns":4.0},{"damage":0.0,"enemies":"Gremlin Leader","floor":31.0,"turns":3.0},{"damage":43.0,"enemies":"Collector","floor":33.0,"turns":11.0},{"damage":0.0,"enemies":"3 Shapes","floor":35.0,"turns":1.0},{"damage":35.0,"enemies":"Mind Bloom Boss Battle","floor":36.0,"turns":4.0},{"damage":0.0,"enemies":"Orb Walker","floor":38.0,"turns":3.0},{"damage":10.0,"enemies":"Sphere and 2 Shapes","floor":39.0,"turns":5.0},{"damage":28.0,"enemies":"Reptomancer","floor":40.0,"turns":5.0},{"damage":0.0,"enemies":"4 Shapes","floor":42.0,"turns":2.0},{"damage":11.0,"enemies":"Giant Head","floor":44.0,"turns":9.0},{"damage":0.0,"enemies":"Writhing Mass","floor":46.0,"turns":6.0},{"damage":0.0,"enemies":"Spire Growth","floor":47.0,"turns":5.0},{"damage":19.0,"enemies":"Donu and Deca","floor":50.0,"turns":7.0},{"damage":23.0,"enemies":"Shield and Spear","floor":54.0,"turns":3.0},{"damage":45,"enemies":"The Heart","floor":55,"turns":6}],"seed_played":"3739088515301998682","potions_obtained":[{"floor":1.0,"key":"SneckoOil"},{"floor":5.0,"key":"FearPotion"},{"floor":10.0,"key":"PowerPotion"},{"floor":12.0,"key":"SkillPotion"},{"floor":18.0,"key":"Poison Potion"},{"floor":21.0,"key":"Explosive Potion"},{"floor":28.0,"key":"Energy Potion"},{"floor":35.0,"key":"GamblersBrew"},{"floor":36.0,"key":"AttackPotion"},{"floor":38.0,"key":"Swift Potion"},{"floor":39.0,"key":"Poison Potion"},{"floor":46.0,"key":"Fruit Juice"}],"is_trial":false,"path_per_floor":["M","M","?","T","M","R","M","R","T","E","M","M","E","M","R","B",null,"M","M","M","M","$","E","R","?","T","M","M","?","?","E","R","B",null,"M","?","?","M","M","E","R","M","T","E","$","M","M","$","R","B",null,"R","$","E","B"],"character_chosen":"DEFECT","items_purchased":["FossilizedHelix","Turnip","Oddly Smooth Stone","Runic Capacitor","PreservedInsect"],"campfire_rested":0,"item_purchase_floors":[22,22,45,48,48],"current_hp_per_floor":[75,74,74,74,74,74,74,74,74,58,58,58,58,58,58,23,75,74,71,61,54,54,47,62,62,62,55,55,55,41,41,59,16,80,80,59,83,83,73,45,66,66,66,55,55,55,55,55,76,57,94,94,94,71,31],"gold":53,"neow_bonus":"ONE_RANDOM_RARE_CARD","is_prod":false,"is_daily":false,"chose_seed":false,"campfire_upgraded":7,"win_rate":0,"timestamp":1552765447,"path_taken":["M","M","?","?","M","R","M","R","T","E","M","?","E","M","R","BOSS","M","?","M","M","$","E","R","?","T","M","M","?","?","E","R","BOSS","M","?","?","M","M","E","R","M","T","E","$","M","M","$","R","BOSS","R","$","E","BOSS"],"build_version":"2019-01-23","purchased_purges":1,"victory":false,"max_hp_per_floor":[75,75,75,75,75,75,75,75,75,75,75,75,75,75,75,75,75,75,75,75,75,75,75,75,75,75,75,75,75,80,80,80,80,80,80,94,94,94,94,94,94,94,94,94,94,94,94,94,94,94,94,94,94,94,99],"card_choices":[{"not_picked":["Streamline","Cold Snap"],"picked":"Ball Lightning","floor":1.0},{"not_picked":["Leap","Fusion"],"picked":"Conserve Battery","floor":2.0},{"not_picked":["Turbo","Sweeping Beam"],"picked":"Chill","floor":5.0},{"not_picked":["Steam Power","Skim"],"picked":"Fusion","floor":7.0},{"not_picked":["Fusion","Rebound"],"picked":"Leap","floor":10.0},{"not_picked":["Storm","Barrage"],"picked":"Redo","floor":11.0},{"not_picked":["Fission","Auto Shields"],"picked":"Sweeping Beam","floor":12.0},{"not_picked":["Rebound","White Noise"],"picked":"Barrage","floor":13.0},{"not_picked":["Rebound","Redo"],"picked":"Capacitor","floor":14.0},{"not_picked":["All For One","Rainbow"],"picked":"Electrodynamics","floor":16.0},{"not_picked":["Steam","Reinforced Body"],"picked":"Go for the Eyes+1","floor":18.0},{"not_picked":["Genetic Algorithm","Turbo"],"picked":"Tempest+1","floor":19.0},{"not_picked":["Reinforced Body","Static Discharge"],"picked":"Darkness","floor":20.0},{"not_picked":["Storm","Ball Lightning"],"picked":"Barrage+1","floor":21.0},{"not_picked":["Turbo","Stack"],"picked":"Conserve Battery","floor":23.0},{"not_picked":["Go for the Eyes+1","Chaos"],"picked":"Consume","floor":27.0},{"not_picked":["Redo","Sweeping Beam+1"],"picked":"Glacier+1","floor":28.0},{"not_picked":["Beam Cell","Steam"],"picked":"Hologram","floor":31.0},{"not_picked":["Hyperbeam","Buffer","Core Surge"],"picked":"Creative AI","floor":33.0},{"not_picked":["Rip and Tear+1"],"picked":"Sweeping Beam+1","floor":35.0},{"not_picked":["Ball Lightning"],"picked":"Auto Shields","floor":36.0},{"not_picked":["Compile Driver+1"],"picked":"Ball Lightning+1","floor":38.0},{"not_picked":["Steam","Rebound"],"picked":"SKIP","floor":39.0},{"not_picked":["Genetic Algorithm+1"],"picked":"Thunder Strike","floor":40.0},{"not_picked":["Chaos+1"],"picked":"Chill","floor":42.0},{"not_picked":["Electrodynamics","White Noise"],"picked":"SKIP","floor":44.0},{"not_picked":["Turbo+1","Compile Driver"],"picked":"SKIP","floor":46.0},{"not_picked":["Heatsinks+1"],"picked":"Loop","floor":47.0},{"not_picked":["Hello World","Steam"],"picked":"SKIP","floor":54.0}],"player_experience":1187417,"relics_obtained":[{"floor":4.0,"key":"The Courier"},{"floor":9.0,"key":"DataDisk"},{"floor":10.0,"key":"Bag of Preparation"},{"floor":13.0,"key":"Bottled Lightning"},{"floor":23.0,"key":"Smiling Mask"},{"floor":26.0,"key":"Emotion Chip"},{"floor":31.0,"key":"Question Card"},{"floor":36.0,"key":"Mango"},{"floor":40.0,"key":"Ginger"},{"floor":44.0,"key":"MawBank"},{"floor":54.0,"key":"Letter Opener"}],"event_choices":[{"damage_healed":0.0,"max_hp_gain":0.0,"max_hp_loss":0.0,"gold_gain":0.0,"event_name":"Living Wall","player_choice":"Grow","floor":3.0,"gold_loss":0.0,"damage_taken":0.0,"cards_upgraded":["Zap"]},{"damage_healed":0.0,"max_hp_gain":0.0,"max_hp_loss":0.0,"gold_gain":0.0,"event_name":"The Mausoleum","player_choice":"Ignored","floor":25.0,"gold_loss":0.0,"damage_taken":0.0},{"damage_healed":0.0,"max_hp_gain":0.0,"max_hp_loss":0.0,"gold_gain":0.0,"event_name":"The Library","player_choice":"Read","floor":29.0,"gold_loss":0.0,"damage_taken":0.0,"cards_obtained":["Echo Form"]},{"damage_healed":0.0,"max_hp_gain":5.0,"max_hp_loss":0.0,"gold_gain":0.0,"event_name":"Forgotten Altar","player_choice":"Shed Blood","floor":30.0,"gold_loss":0.0,"damage_taken":19.0},{"damage_healed":0.0,"max_hp_gain":0.0,"max_hp_loss":0.0,"gold_gain":0.0,"event_name":"MindBloom","player_choice":"Fight","floor":36.0,"gold_loss":0.0,"damage_taken":0.0},{"damage_healed":24.0,"max_hp_gain":0.0,"max_hp_loss":0.0,"gold_gain":0.0,"event_name":"Winding Halls","player_choice":"Writhe","floor":37.0,"gold_loss":0.0,"damage_taken":0.0,"cards_obtained":["Writhe"]}],"is_beta":false,"boss_relics":[{"not_picked":["Coffee Dripper","Tiny House"],"picked":"Eternal Feather"},{"not_picked":["Runic Dome","Astrolabe"],"picked":"Busted Crown"}],"items_purged_floors":[53],"is_endless":false,"potions_floor_spawned":[1,5,10,12,18,21,28,35,36,38,39,46],"killed_by":"The Heart","ascension_level":0}