{"gold_per_floor":[116,191,203,26,41,66,66,96,123,123,142,107,123,143,143,143],"floor_reached":16,"playtime":1132,"items_purged":["Strike_R"],"score":138,"play_id":"47b07d9f-90ad-45ce-9088-eb060f63a7ba","local_time":"20190624193602","is_ascension_mode":true,"campfire_choices":[{"floor":7,"key":"REST"},{"floor":10,"key":"REST"},{"floor":15,"key":"REST"}],"neow_cost":"NONE","seed_source_timestamp":805137220114000,"circlet_count":0,"master_deck":["Strike_R","Strike_R","Strike_R","Strike_R","Defend_R","Defend_R","Defend_R","Defend_R","Bash","Cleave","Seeing Red","Warcry","Thunderclap","Flame Barrier"],"relics":["Burning Blood","Boot","Lantern","Art of War","Anchor","Odd Mushroom"],"potions_floor_usage":[5,6,8,11,14],"damage_taken":[{"damage":15,"enemies":"Small Slimes","floor":1,"turns":4},{"damage":0,"enemies":"2 Louse","floor":3,"turns":3},{"damage":1,"enemies":"Cultist","floor":5,"turns":4},{"damage":52,"enemies":"Lagavulin","floor":6,"turns":8},{"damage":31,"enemies":"Gremlin Nob","floor":8,"turns":4},{"damage":22,"enemies":"Exordium Thugs","floor":11,"turns":5},{"damage":1,"enemies":"3 Louse","floor":13,"turns":2},{"damage":24,"enemies":"The Mushroom Lair","floor":14,"turns":3},{"damage":86,"enemies":"Hexaghost","floor":16,"turns":14}],"seed_played":"4743190408196709971","potions_obtained":[{"floor":3,"key":"SkillPotion"},{"floor":6,"key":"Regen Potion"},{"floor":8,"key":"Regen Potion"},{"floor":11,"key":"Explosive Potion"}],"is_trial":false,"path_per_floor":["M","?","M","$","M","E","R","E","T","R","M","?","M","?","R","B"],"character_chosen":"IRONCLAD","items_purchased":["Fruit Juice"],"campfire_rested":3,"item_purchase_floors":[4],"current_hp_per_floor":[71,60,66,66,76,30,55,42,42,67,65,85,85,67,85,0],"gold":143,"neow_bonus":"RANDOM_COMMON_RELIC","is_prod":false,"is_daily":false,"chose_seed":false,"campfire_upgraded":0,"win_rate":0,"timestamp":1561430162,"path_taken":["M","?","M","$","M","E","R","E","T","R","M","?","M","?","R","BOSS"],"build_version":"2019-01-23","purchased_purges":1,"victory":false,"max_hp_per_floor":[80,80,80,80,85,85,85,85,85,85,85,85,85,85,85,85],"card_choices":[{"not_picked":["True Grit","Perfected Strike"],"picked":"Cleave","floor":1},{"not_picked":["Evolve","Second Wind","Body Slam"],"picked":"SKIP","floor":3},{"not_picked":["Infernal Blade","True Grit","Carnage"],"picked":"SKIP","floor":5},{"not_picked":["Body Slam","Whirlwind"],"picked":"Seeing Red","floor":6},{"not_picked":["Havoc","Sever Soul"],"picked":"Warcry","floor":8},{"not_picked":["Havoc","Intimidate"],"picked":"Thunderclap","floor":11},{"not_picked":["Twin Strike","Clothesline"],"picked":"Flame Barrier","floor":13}],"player_experience":532153,"relics_obtained":[{"floor":6,"key":"Lantern"},{"floor":8,"key":"Art of War"},{"floor":9,"key":"Anchor"},{"floor":14,"key":"Odd Mushroom"}],"event_choices":[{"damage_healed":0,"gold_gain":75,"player_choice":"Gather Gold","damage_taken":11,"max_hp_gain":0,"max_hp_loss":0,"event_name":"World of Goop","floor":2,"gold_loss":0},{"damage_healed":21,"gold_gain":0,"player_choice":"Healed","damage_taken":0,"max_hp_gain":0,"max_hp_loss":0,"event_name":"The Cleric","floor":12,"gold_loss":35},{"damage_healed":0,"gold_gain":0,"player_choice":"Fought Mushrooms","damage_taken":0,"max_hp_gain":0,"max_hp_loss":0,"event_name":"Mushrooms","floor":14,"gold_loss":0}],"is_beta":false,"boss_relics":[],"items_purged_floors":[4],"is_endless":false,"potions_floor_spawned":[3,6,8,11],"killed_by":"Hexaghost","ascension_level":5}