{"gold_per_floor":[16,26,26,37,51,51,65,65,65,65,84,84,10,37,37,37],"floor_reached":16,"playtime":1130,"items_purged":[],"score":117,"play_id":"a772eeac-b5ca-4966-967e-580a5b28b8b9","local_time":"20180814082053","is_ascension_mode":true,"campfire_choices":[{"data":"Dodge and Roll","floor":6,"key":"SMITH"},{"data":"Dodge and Roll","floor":8,"key":"SMITH"},{"floor":15,"key":"REST"}],"neow_cost":"NO_GOLD","seed_source_timestamp":62600953122355,"circlet_count":0,"master_deck":["Defend_G","Defend_G","Defend_G","Defend_G","Defend_G","Strike_G","Strike_G","Strike_G","Strike_G","Survivor","Neutralize","Bullet Time","Dodge and Roll+1","Footwork+1","Dodge and Roll+1","Quick Slash","Backflip","Sucker Punch","Leg Sweep","Escape Plan"],"relics":["Ring of the Snake","Incense Burner","Blue Candle"],"potions_floor_usage":[],"damage_taken":[{"damage":1,"enemies":"Cultist","floor":1,"turns":5},{"damage":10,"enemies":"Small Slimes","floor":2,"turns":5},{"damage":0,"enemies":"2 Louse","floor":4,"turns":4},{"damage":8,"enemies":"Red Slaver","floor":5,"turns":7},{"damage":0,"enemies":"Blue Slaver","floor":7,"turns":5},{"damage":0,"enemies":"Exordium Wildlife","floor":11,"turns":5},{"damage":24,"enemies":"Lagavulin","floor":14,"turns":20},{"damage":0,"enemies":"The Guardian","floor":16,"turns":1}],"seed_played":"694599934440777888","potions_obtained":[{"floor":4,"key":"Block Potion"},{"floor":11,"key":"EssenceOfSteel"}],"is_trial":false,"path_per_floor":["M","M","$","M","M","R","M","R","T","?","M","?","$","E","R"],"character_chosen":"THE_SILENT","items_purchased":["Leg Sweep"],"campfire_rested":1,"item_purchase_floors":[13],"current_hp_per_floor":[69,59,59,59,51,51,51,51,51,44,44,44,44,20,41,41],"gold":37,"neow_bonus":"THREE_RARE_CARDS","is_prod":false,"is_daily":false,"chose_seed":false,"campfire_upgraded":2,"win_rate":0,"timestamp":1534252853,"path_taken":["M","?","?","M","M","R","M","R","T","?","?","?","$","E","R","BOSS"],"build_version":"2018-08-09","purchased_purges":0,"victory":false,"max_hp_per_floor":[70,70,70,70,70,70,70,70,70,70,70,70,70,70,70,70],"card_choices":[{"not_picked":["Phantasmal Killer","Night Terror"],"picked":"Bullet Time","floor":0},{"not_picked":["Flechettes","Prepared"],"picked":"Dodge and Roll","floor":1},{"not_picked":["Bane","Setup"],"picked":"Footwork","floor":2},{"not_picked":["Catalyst","Slice"],"picked":"Dodge and Roll","floor":4},{"not_picked":["Underhanded Strike","Dagger Spray"],"picked":"Quick Slash","floor":5},{"not_picked":["Eviscerate","Concentrate"],"picked":"Backflip","floor":7},{"not_picked":["Flechettes","Distraction"],"picked":"Sucker Punch","floor":11},{"not_picked":["Glass Knife","Flying Knee"],"picked":"Escape Plan","floor":14}],"player_experience":498442,"relics_obtained":[{"floor":9,"key":"Incense Burner"},{"floor":14,"key":"Blue Candle"}],"event_choices":[{"event_name":"Golden Wing","player_choice":"Card Removal","floor":10,"damage_taken":0},{"event_name":"Accursed Blacksmith","player_choice":"Forge","floor":12,"damage_taken":0}],"is_beta":false,"boss_relics":[],"items_purged_floors":[],"is_endless":false,"potions_floor_spawned":[4,11],"killed_by":"The Guardian","ascension_level":3}