{"gold_per_floor":[110,127,140,154,154,189,201,213,298,310,322],"floor_reached":11,"playtime":579,"items_purged":[],"score":73,"play_id":"9cdaf44d-b685-41de-b380-edb882c37cda","local_time":"20190701214418","is_ascension_mode":false,"campfire_choices":[{"data":"Redo","floor":7,"key":"SMITH"},{"data":"Redo","floor":10,"key":"SMITH"}],"neow_cost":"NONE","seed_source_timestamp":2096629478909951,"circlet_count":0,"master_deck":["Strike_B","Strike_B","Strike_B","Strike_B","Defend_B","Defend_B","Defend_B","Defend_B","Zap+1","Dualcast","Redo+1","Sweeping Beam","Redo+1","Redo","Melter","Injury"],"relics":["Cracked Core","Calipers","MawBank","Golden Idol"],"potions_floor_usage":[4],"damage_taken":[{"damage":0,"enemies":"Small Slimes","floor":1,"turns":2},{"damage":1,"enemies":"2 Louse","floor":2,"turns":2},{"damage":4,"enemies":"Jaw Worm","floor":3,"turns":4},{"damage":12,"enemies":"Exordium Thugs","floor":4,"turns":4},{"damage":40,"enemies":"Gremlin Nob","floor":6,"turns":4},{"damage":13,"enemies":"3 Sentries","floor":11,"turns":2}],"seed_played":"5582124000926299427","potions_obtained":[{"floor":3,"key":"Weak Potion"},{"floor":6,"key":"Ancient Potion"}],"is_trial":false,"path_per_floor":["M","M","M","M","?","E","R","?","T","R","E"],"character_chosen":"DEFECT","items_purchased":[],"campfire_rested":0,"item_purchase_floors":[],"current_hp_per_floor":[75,74,70,58,51,11,11,11,11,11,0],"gold":322,"neow_bonus":"UPGRADE_CARD","is_prod":false,"is_daily":false,"chose_seed":false,"campfire_upgraded":2,"win_rate":0,"timestamp":1562039058,"path_taken":["M","M","M","M","?","E","R","?","T","R","E"],"build_version":"2019-07-01","purchased_purges":0,"victory":false,"max_hp_per_floor":[75,75,75,75,75,75,75,75,75,75,75],"card_choices":[{"not_picked":["Sweeping Beam","Compile Driver"],"picked":"Redo","floor":1},{"not_picked":["Hello World","Skim"],"picked":"Sweeping Beam","floor":2},{"not_picked":["Coolheaded","Consume"],"picked":"Redo","floor":3},{"not_picked":["Steam","Beam Cell"],"picked":"Redo","floor":4},{"not_picked":["Stack","Creative AI"],"picked":"Melter","floor":6}],"player_experience":76785,"relics_obtained":[{"floor":6,"key":"MawBank"}],"event_choices":[{"damage_healed":0,"gold_gain":0,"player_choice":"Success","damage_taken":7,"relics_obtained":["Calipers"],"max_hp_gain":0,"max_hp_loss":0,"event_name":"Scrap Ooze","floor":5,"gold_loss":0},{"damage_healed":0,"gold_gain":0,"player_choice":"Take Wound","damage_taken":0,"relics_obtained":["Golden Idol"],"max_hp_gain":0,"max_hp_loss":0,"event_name":"Golden Idol","floor":8,"gold_loss":0,"cards_obtained":["Injury"]}],"is_beta":false,"boss_relics":[],"items_purged_floors":[],"is_endless":false,"potions_floor_spawned":[3,6],"killed_by":"3 Sentries","ascension_level":0}