{"gold_per_floor":[15,31,31,31,50,50,78,78,78,78,91,91,116,131,131,230,230,247,346,271,271,196,196,230,230,255,255,269,282,282,295,295,394,394,412,121,121,121,121,121,121],"floor_reached":41,"playtime":4814,"items_purged":["Strike_B","Gash+1"],"score":405,"play_id":"8c0af65b-1e72-4a06-bb7b-aa6e3674a870","local_time":"20180717204703","is_ascension_mode":false,"campfire_choices":[{"floor":6,"key":"REST"},{"data":"Chill","floor":8,"key":"SMITH"},{"floor":10,"key":"REST"},{"data":"Seek","floor":12,"key":"SMITH"},{"data":"Coolheaded","floor":15,"key":"SMITH"},{"floor":23,"key":"REST"},{"floor":25,"key":"REST"},{"floor":30,"key":"REST"},{"data":"Dualcast","floor":32,"key":"SMITH"},{"data":"Self Repair","floor":40,"key":"SMITH"}],"neow_cost":"NO_GOLD","seed_source_timestamp":209218206139116,"circlet_count":0,"master_deck":["Defend_B","Defend_B","Zap","Dualcast+1","Leap","Coolheaded+1","Chill+1","Steam","Self Repair+1","Doom and Gloom+1","Seek+1","Coolheaded","Thunder Strike+1","Melter+1","Ball Lightning+1","Ball Lightning+1","FTL+1","All For One+1","Doom and Gloom+1","Skim+1","Tempest+1","Zap","FTL+1"],"relics":["Cracked Core","Prayer Wheel","Molten Egg 2","Ginger","Potion Belt","Lizard Tail","Art of War","Pen Nib","Enchiridion","Astrolabe","Lantern"],"potions_floor_usage":[7,7,16,22,28,31,41],"damage_taken":[{"damage":0,"enemies":"Small Slimes","floor":1,"turns":4},{"damage":0,"enemies":"2 Louse","floor":2,"turns":3},{"damage":0,"enemies":"Jaw Worm","floor":5,"turns":4},{"damage":6,"enemies":"Lagavulin","floor":7,"turns":8},{"damage":0,"enemies":"Exordium Wildlife","floor":11,"turns":6},{"damage":5,"enemies":"Blue Slaver","floor":14,"turns":4},{"damage":27,"enemies":"The Guardian","floor":16,"turns":13},{"damage":19,"enemies":"Spheric Guardian","floor":18,"turns":6},{"damage":13,"enemies":"2 Thieves","floor":22,"turns":5},{"damage":21,"enemies":"Slavers","floor":24,"turns":8},{"damage":18,"enemies":"Slaver and Parasite","floor":28,"turns":6},{"damage":20,"enemies":"Centurion and Healer","floor":29,"turns":6},{"damage":1,"enemies":"Snecko","floor":31,"turns":4},{"damage":118,"enemies":"Collector","floor":33,"turns":12},{"damage":4,"enemies":"Orb Walker","floor":35,"turns":3},{"damage":89,"enemies":"Giant Head","floor":41,"turns":8}],"seed_played":"1470996323901883320","potions_obtained":[{"floor":1,"key":"Weak Potion"},{"floor":2,"key":"Poison Potion"},{"floor":11,"key":"Explosive Potion"},{"floor":16,"key":"SkillPotion"},{"floor":24,"key":"Regen Potion"},{"floor":29,"key":"Swift Potion"},{"floor":33,"key":"Dexterity Potion"},{"floor":35,"key":"GamblersBrew"}],"is_trial":false,"path_per_floor":["M","M","?","?","M","R","E","R","T","R","M","R","T","M","R","B",null,"M","?","$","?","M","R","E","R","T","?","M","M","R","M","R","B",null,"M","$","?","?","$","R"],"character_chosen":"DEFECT","items_purchased":["Lantern","Swift Potion"],"campfire_rested":5,"item_purchase_floors":[36,36],"current_hp_per_floor":[75,75,50,50,50,72,66,66,66,75,75,75,75,75,75,48,75,63,63,63,49,43,67,53,77,77,61,65,59,80,80,80,19,80,80,80,80,80,80,80,0],"gold":121,"neow_bonus":"REMOVE_TWO","is_prod":false,"is_daily":false,"chose_seed":false,"campfire_upgraded":5,"win_rate":0.0,"timestamp":1531885623,"path_taken":["M","M","?","?","?","R","E","R","T","R","M","R","?","M","R","BOSS","M","?","$","?","?","R","E","R","T","?","?","M","R","M","R","BOSS","M","$","?","?","?","R","E"],"build_version":"2018-07-12","purchased_purges":2,"victory":false,"max_hp_per_floor":[75,75,75,75,75,75,75,75,75,75,75,75,75,75,75,75,75,75,75,75,80,80,80,80,80,80,80,80,80,80,80,80,80,80,80,80,80,80,80,80,80],"card_choices":[{"not_picked":["Double Energy","Beam Cell"],"picked":"Leap","floor":1},{"not_picked":["Scrape","Sunder"],"picked":"Coolheaded","floor":2},{"not_picked":["Skim","Stack"],"picked":"Chill","floor":5},{"not_picked":["Cold Snap","Hello World"],"picked":"Steam","floor":5},{"not_picked":["Steam","Gash"],"picked":"Self Repair","floor":7},{"not_picked":["Heatsinks","Capacitor"],"picked":"Doom and Gloom+1","floor":11},{"not_picked":["Redo","Cold Snap+1"],"picked":"Seek","floor":11},{"not_picked":["Steam","Blizzard+1"],"picked":"Coolheaded","floor":14},{"not_picked":["Turbo","Gash+1","Redo"],"picked":"SKIP","floor":14},{"not_picked":["Meteor Strike+1","Echo Form"],"picked":"Thunder Strike+1","floor":16},{"not_picked":["Scrape+1","Rebound+1"],"picked":"Melter+1","floor":18},{"not_picked":["Go for the Eyes+1","Hologram","Aggregate"],"picked":"SKIP","floor":18},{"not_picked":["Barrage+1","Gash+1"],"picked":"Ball Lightning+1","floor":22},{"not_picked":["Lockon+1","Steam","Consume"],"picked":"SKIP","floor":22},{"not_picked":["Self Repair","Reprogram"],"picked":"Ball Lightning+1","floor":24},{"not_picked":["Loop+1","Cold Snap+1","Lockon+1"],"picked":"SKIP","floor":28},{"not_picked":["Stack","Compile Driver+1","Redo"],"picked":"SKIP","floor":28},{"not_picked":["Beam Cell+1","Steam","Compile Driver+1"],"picked":"SKIP","floor":29},{"not_picked":["Self Repair","Gash+1","Rebound+1"],"picked":"SKIP","floor":29},{"not_picked":["Gash+1","Conserve Battery"],"picked":"FTL+1","floor":31},{"not_picked":["Stack","Go for the Eyes+1","Ball Lightning+1"],"picked":"SKIP","floor":31},{"not_picked":["Fission","Seek"],"picked":"All For One+1","floor":33},{"not_picked":["Cold Snap+1","Hologram"],"picked":"Tempest+1","floor":35},{"not_picked":["Leap","Cold Snap+1","Hologram"],"picked":"SKIP","floor":35}],"player_experience":77600,"relics_obtained":[{"floor":7,"key":"Molten Egg 2"},{"floor":9,"key":"Ginger"},{"floor":13,"key":"Potion Belt"},{"floor":24,"key":"Art of War"},{"floor":26,"key":"Pen Nib"},{"floor":27,"key":"Enchiridion"}],"event_choices":[{"event_name":"Scrap Ooze","player_choice":"success","floor":3,"damage_taken":25},{"event_name":"The Cleric","player_choice":"Leave","floor":4,"damage_taken":0},{"event_name":"Nest","player_choice":"Stole From Cult","floor":19,"damage_taken":0},{"event_name":"Forgotten Altar","player_choice":"Shed Blood","floor":21,"damage_taken":0},{"event_name":"Cursed Tome","player_choice":"Obtained Book","floor":27,"damage_taken":0},{"event_name":"Match and Keep!","player_choice":"2 cards matched","floor":37,"damage_taken":0},{"event_name":"Wheel of Change","player_choice":"Full Heal","floor":38,"damage_taken":0}],"boss_relics":[{"not_picked":["Ectoplasm","Orrery"],"picked":"Lizard Tail"},{"not_picked":["Pandora\u0027s Box","Inserter"],"picked":"Astrolabe"}],"items_purged_floors":[20,36],"is_endless":false,"potions_floor_spawned":[1,2,11,16,24,29,33,35],"killed_by":"Giant Head","ascension_level":0}