{"gold_per_floor":[110,121,121,121,139,149,177,177,201,228,246,258,60,75,75,148,148,167,167,23,39,51,51,65,79,102,102],"floor_reached":27,"playtime":2053,"items_purged":[],"score":426,"play_id":"cfe7fccf-bc6b-46c5-8a94-2c067c62930c","local_time":"20181009213712","is_ascension_mode":true,"campfire_choices":[{"data":"Whirlwind","floor":8.0,"key":"SMITH"},{"data":"Cleave","floor":15.0,"key":"SMITH"},{"floor":23.0,"key":"REST"}],"neow_cost":"NONE","seed_source_timestamp":0,"circlet_count":0,"master_deck":["Strike_R","Strike_R","Strike_R","Strike_R","Defend_R","Defend_R","Defend_R","Defend_R","Bash","AscendersBane","Thunderclap+1","Feed","Power Through+1","Battle Trance","Headbutt","Whirlwind+1","Cleave+1","Cleave","Metallicize","Iron Wave","Double Tap+1","Ghostly Armor","Iron Wave","Pommel Strike"],"special_seed":0,"relics":["Burning Blood","Strawberry","Bag of Preparation","Art of War","Sling","Black Star","Enchiridion","Omamori","War Paint"],"potions_floor_usage":[],"damage_taken":[{"damage":1.0,"enemies":"Small Slimes","floor":1.0,"turns":4.0},{"damage":1.0,"enemies":"Cultist","floor":2.0,"turns":4.0},{"damage":0.0,"enemies":"Jaw Worm","floor":5.0,"turns":3.0},{"damage":1.0,"enemies":"3 Louse","floor":6.0,"turns":3.0},{"damage":13.0,"enemies":"Gremlin Nob","floor":7.0,"turns":4.0},{"damage":10.0,"enemies":"3 Sentries","floor":10.0,"turns":3.0},{"damage":0.0,"enemies":"Exordium Wildlife","floor":11.0,"turns":1.0},{"damage":3.0,"enemies":"Blue Slaver","floor":12.0,"turns":4.0},{"damage":0.0,"enemies":"3 Louse","floor":14.0,"turns":1.0},{"damage":49.0,"enemies":"Slime Boss","floor":16.0,"turns":10.0},{"damage":0.0,"enemies":"3 Byrds","floor":18.0,"turns":3.0},{"damage":26.0,"enemies":"Shell Parasite","floor":21.0,"turns":7.0},{"damage":27.0,"enemies":"Cultist and Chosen","floor":22.0,"turns":5.0},{"damage":64.0,"enemies":"Shelled Parasite and Fungi","floor":24.0,"turns":8.0},{"damage":6.0,"enemies":"Chosen and Byrds","floor":25.0,"turns":7.0},{"damage":0,"enemies":"Centurion and Healer","floor":27,"turns":4}],"seed_played":"-1704309762788361335","potions_obtained":[{"floor":2.0,"key":"Weak Potion"},{"floor":6.0,"key":"Explosive Potion"},{"floor":7.0,"key":"LiquidBronze"},{"floor":14.0,"key":"FearPotion"},{"floor":22.0,"key":"Poison Potion"},{"floor":24.0,"key":"Ancient Potion"}],"is_trial":false,"path_per_floor":["M","M","?","?","M","M","E","R","T","E","M","M","$","M","R","B",null,"M","?","$","M","M","R","M","M","T"],"character_chosen":"IRONCLAD","items_purchased":["Sling","Omamori"],"campfire_rested":1,"item_purchase_floors":[13,20],"current_hp_per_floor":[80,82,82,82,85,88,88,88,88,84,90,96,96,98,98,58,90,99,78,78,58,37,68,13,13,13,13],"gold":102,"neow_bonus":"TEN_PERCENT_HP_BONUS","is_prod":false,"is_daily":false,"chose_seed":false,"campfire_upgraded":2,"win_rate":0,"timestamp":1539139032,"path_taken":["M","M","?","?","M","M","E","R","T","E","M","M","$","?","R","BOSS","M","?","$","?","M","R","?","M","T","M"],"build_version":"2018-10-04v2","purchased_purges":0,"victory":false,"max_hp_per_floor":[82,82,82,82,85,88,95,95,95,95,95,98,98,98,98,101,101,104,104,104,104,104,104,107,107,107,107],"card_choices":[{"not_picked":["Warcry","Clash"],"picked":"Thunderclap","floor":1.0},{"not_picked":["Heavy Blade","Clash"],"picked":"Feed","floor":2.0},{"not_picked":["Spot Weakness","Clothesline"],"picked":"Battle Trance","floor":5.0},{"not_picked":["Iron Wave","Clash"],"picked":"Headbutt","floor":6.0},{"not_picked":["Reaper","Wild Strike"],"picked":"Whirlwind","floor":7.0},{"not_picked":["Seeing Red","Pommel Strike"],"picked":"Cleave","floor":10.0},{"not_picked":["Clothesline","Warcry"],"picked":"Cleave","floor":11.0},{"not_picked":["True Grit","Heavy Blade"],"picked":"Metallicize","floor":12.0},{"not_picked":["Infernal Blade","Seeing Red"],"picked":"Iron Wave","floor":14.0},{"not_picked":["Impervious","Dark Embrace"],"picked":"Double Tap","floor":16.0},{"not_picked":["Armaments","Metallicize"],"picked":"Ghostly Armor","floor":18.0},{"not_picked":["Sentinel","Feel No Pain","Anger"],"picked":"SKIP","floor":21.0},{"not_picked":["Infernal Blade","Havoc"],"picked":"Iron Wave","floor":22.0},{"not_picked":["Rage","Twin Strike"],"picked":"Pommel Strike","floor":24.0},{"not_picked":["Entrench","Warcry","Body Slam"],"picked":"SKIP","floor":25.0}],"player_experience":740246,"relics_obtained":[{"floor":7.0,"key":"Strawberry"},{"floor":9.0,"key":"Bag of Preparation"},{"floor":10.0,"key":"Art of War"},{"floor":19.0,"key":"Enchiridion"},{"floor":26.0,"key":"War Paint"}],"event_choices":[{"event_name":"Transmorgrifier","player_choice":"Transform","floor":3.0,"damage_taken":0.0},{"event_name":"Living Wall","player_choice":"Grow","floor":4.0,"damage_taken":0.0},{"event_name":"Cursed Tome","player_choice":"Obtained Book","floor":19.0,"damage_taken":0.0}],"is_beta":false,"boss_relics":[{"not_picked":["Calling Bell","Cursed Key"],"picked":"Black Star"}],"items_purged_floors":[],"is_endless":false,"potions_floor_spawned":[2,6,7,14,22,24],"killed_by":"Centurion and Healer","ascension_level":15}