{"gold_per_floor":[113,288,238,258,12,39,51,80,116,142,154,194,206,229,241,349,361,390,373,7,18,34,34,34],"floor_reached":24,"playtime":1775,"items_purged":["Defend_G"],"score":279,"play_id":"f80bd6cd-00a6-4fbe-85c1-148c3017d512","local_time":"20190627203550","is_ascension_mode":true,"campfire_choices":[{"data":"Noxious Fumes","floor":7,"key":"SMITH"},{"floor":13,"key":"REST"},{"floor":15,"key":"REST"},{"floor":23,"key":"REST"}],"neow_cost":"NONE","seed_source_timestamp":1067285957534099,"circlet_count":0,"master_deck":["Defend_G","Defend_G","Defend_G","Defend_G","Strike_G","Strike_G","Strike_G","Strike_G","Survivor","Neutralize","Noxious Fumes+1","Slice","Crippling Poison","Prepared","Cloak And Dagger","Bane+1","Footwork","Doppelganger","Heel Hook+1","Expertise","Underhanded Strike+1"],"relics":["Ring of the Snake","NeowsBlessing","Molten Egg 2","MawBank","Odd Mushroom","Busted Crown","Snake Skull"],"potions_floor_usage":[10,14,16,19,24,24],"damage_taken":[{"damage":0,"enemies":"2 Louse","floor":1,"turns":1},{"damage":0,"enemies":"Small Slimes","floor":4,"turns":1},{"damage":0,"enemies":"3 Sentries","floor":6,"turns":1},{"damage":2,"enemies":"Jaw Worm","floor":8,"turns":4},{"damage":32,"enemies":"Exordium Thugs","floor":10,"turns":4},{"damage":8,"enemies":"The Mushroom Lair","floor":12,"turns":4},{"damage":16,"enemies":"Lots of Slimes","floor":14,"turns":3},{"damage":28,"enemies":"Hexaghost","floor":16,"turns":11},{"damage":9,"enemies":"Shell Parasite","floor":18,"turns":6},{"damage":8,"enemies":"2 Thieves","floor":19,"turns":5},{"damage":20,"enemies":"Centurion and Healer","floor":21,"turns":6},{"damage":15,"enemies":"Chosen and Byrds","floor":22,"turns":5},{"damage":41,"enemies":"Book of Stabbing","floor":24,"turns":5}],"seed_played":"1470440381788745203","potions_obtained":[{"floor":4,"key":"PowerPotion"},{"floor":12,"key":"PowerPotion"},{"floor":14,"key":"Weak Potion"},{"floor":16,"key":"Dexterity Potion"},{"floor":18,"key":"Block Potion"},{"floor":19,"key":"FearPotion"}],"is_trial":false,"path_per_floor":["M","?","?","M","$","E","R","M","T","M","?","?","R","M","R","B",null,"M","M","$","M","M","R","E"],"character_chosen":"THE_SILENT","items_purchased":["Molten Egg 2","Snake Skull","Heel Hook+1","Expertise"],"campfire_rested":3,"item_purchase_floors":[5,20,20,20],"current_hp_per_floor":[70,70,70,70,70,70,70,68,68,36,36,28,49,33,54,26,59,50,42,42,22,7,28,0],"gold":34,"neow_bonus":"THREE_ENEMY_KILL","is_prod":false,"is_daily":false,"chose_seed":false,"campfire_upgraded":1,"win_rate":0,"timestamp":1561692950,"path_taken":["M","?","?","M","$","E","R","M","T","M","?","?","R","M","R","BOSS","M","M","$","M","M","R","E"],"build_version":"2019-01-23","purchased_purges":1,"victory":false,"max_hp_per_floor":[70,70,70,70,70,70,70,70,70,70,70,70,70,70,70,70,70,70,70,70,70,70,70,70],"card_choices":[{"not_picked":["Slice","Blur"],"picked":"Noxious Fumes","floor":1},{"not_picked":["Blade Dance","Acrobatics"],"picked":"Slice","floor":4},{"not_picked":["Dagger Spray+1","Dodge and Roll"],"picked":"Crippling Poison","floor":6},{"not_picked":["Flying Knee+1","Dodge and Roll"],"picked":"Prepared","floor":8},{"not_picked":["Outmaneuver","Endless Agony+1"],"picked":"Cloak And Dagger","floor":10},{"not_picked":["Flechettes+1","Backflip"],"picked":"Bane+1","floor":12},{"not_picked":["Blade Dance","Sucker Punch+1"],"picked":"Footwork","floor":14},{"not_picked":["Tools of the Trade","Malaise"],"picked":"Doppelganger","floor":16},{"not_picked":["Choke+1"],"picked":"SKIP","floor":18},{"not_picked":["Flying Knee+1"],"picked":"SKIP","floor":19},{"not_picked":[],"picked":"Underhanded Strike+1","floor":21},{"not_picked":["Concentrate"],"picked":"SKIP","floor":22}],"player_experience":571581,"relics_obtained":[{"floor":6,"key":"MawBank"},{"floor":12,"key":"Odd Mushroom"}],"event_choices":[{"damage_healed":0,"gold_gain":175,"player_choice":"AGREE","damage_taken":0,"max_hp_gain":0,"max_hp_loss":0,"event_name":"Liars Game","floor":2,"gold_loss":0,"cards_obtained":["Doubt"]},{"cards_removed":["Doubt"],"damage_healed":0,"gold_gain":0,"player_choice":"Card Removal","damage_taken":0,"max_hp_gain":0,"max_hp_loss":0,"event_name":"The Cleric","floor":3,"gold_loss":50},{"cards_removed":["Strike_G"],"damage_healed":0,"gold_gain":0,"player_choice":"Forget","damage_taken":0,"max_hp_gain":0,"max_hp_loss":0,"event_name":"Living Wall","floor":11,"gold_loss":0},{"damage_healed":0,"gold_gain":0,"player_choice":"Fought Mushrooms","damage_taken":0,"max_hp_gain":0,"max_hp_loss":0,"event_name":"Mushrooms","floor":12,"gold_loss":0}],"is_beta":false,"boss_relics":[{"not_picked":["Runic Dome","Velvet Choker"],"picked":"Busted Crown"}],"items_purged_floors":[20],"is_endless":false,"potions_floor_spawned":[4,12,14,16,18,19],"killed_by":"Book of Stabbing","ascension_level":5}