{"gold_per_floor":[112,37,55,55,65,94,94,128,200,213,213,223,223,238,238,341,341,351,401,416,53,70,70,120,195,195,195,97,147,163,163],"floor_reached":31,"playtime":1973,"items_purged":["Regret"],"score":344,"play_id":"349c008f-b658-4a3d-b085-18341db83076","local_time":"20180909224830","is_ascension_mode":true,"campfire_choices":[{"data":"Searing Blow","floor":7.0,"key":"SMITH"},{"floor":11.0,"key":"REST"},{"data":"Searing Blow+1","floor":15.0,"key":"SMITH"},{"data":"Searing Blow+2","floor":23.0,"key":"SMITH"},{"data":"Searing Blow+3","floor":27.0,"key":"SMITH"}],"neow_cost":"CURSE","seed_source_timestamp":0,"circlet_count":0,"master_deck":["Strike_R","Strike_R","Strike_R","Defend_R","Defend_R","Defend_R","Defend_R","Bash","Immolate","Twin Strike","Iron Wave","Pommel Strike","Searing Blow+4","Anger","Headbutt","Demon Form","Infernal Blade+1","Infernal Blade+1","Carnage+1","Carnage","Pommel Strike","Demon Form"],"special_seed":0,"relics":["Burning Blood","Turnip","Regal Pillow","PreservedInsect","Pear","SsserpentHead","Empty Cage","Lee\u0027s Waffle","Juzu Bracelet","Art of War","Red Mask","Ginger","Happy Flower"],"potions_floor_usage":[31],"damage_taken":[{"damage":5.0,"enemies":"Cultist","floor":1.0,"turns":3.0},{"damage":0.0,"enemies":"2 Louse","floor":3.0,"turns":1.0},{"damage":0.0,"enemies":"Small Slimes","floor":5.0,"turns":1.0},{"damage":22.0,"enemies":"Lagavulin","floor":6.0,"turns":7.0},{"damage":21.0,"enemies":"Gremlin Nob","floor":8.0,"turns":4.0},{"damage":4.0,"enemies":"Red Slaver","floor":10.0,"turns":5.0},{"damage":8.0,"enemies":"Blue Slaver","floor":12.0,"turns":3.0},{"damage":0.0,"enemies":"Lots of Slimes","floor":14.0,"turns":1.0},{"damage":13.0,"enemies":"Slime Boss","floor":16.0,"turns":8.0},{"damage":41.0,"enemies":"Shell Parasite","floor":18.0,"turns":7.0},{"damage":20.0,"enemies":"3 Byrds","floor":20.0,"turns":5.0},{"damage":45.0,"enemies":"Shelled Parasite and Fungi","floor":22.0,"turns":4.0},{"damage":30.0,"enemies":"Masked Bandits","floor":25.0,"turns":4.0},{"damage":27.0,"enemies":"Snecko","floor":30.0,"turns":4.0},{"damage":0,"enemies":"Centurion and Healer","floor":31,"turns":2}],"seed_played":"-5041148196882605719","potions_obtained":[{"floor":5.0,"key":"LiquidBronze"},{"floor":8.0,"key":"Swift Potion"},{"floor":12.0,"key":"Strength Potion"},{"floor":14.0,"key":"LiquidBronze"},{"floor":18.0,"key":"Ancient Potion"},{"floor":20.0,"key":"Energy Potion"},{"floor":30.0,"key":"PowerPotion"}],"is_trial":false,"path_per_floor":["M","$","M","?","M","E","R","E","T","M","R","M","?","M","R","B",null,"M","?","M","$","M","R","?","?","T","R","$","?","M"],"character_chosen":"IRONCLAD","items_purchased":["Lee\u0027s Waffle","Juzu Bracelet","Happy Flower"],"campfire_rested":1,"item_purchase_floors":[21,21,28],"current_hp_per_floor":[73,73,79,67,73,57,57,42,52,54,90,88,88,90,90,83,88,53,53,39,97,58,58,58,34,34,34,34,34,13,13],"gold":163,"neow_bonus":"THREE_RARE_CARDS","is_prod":false,"is_daily":false,"chose_seed":false,"campfire_upgraded":4,"win_rate":0,"timestamp":1536551310,"path_taken":["M","?","M","?","M","E","R","E","T","M","R","M","?","M","R","BOSS","M","?","M","$","M","R","?","?","T","R","?","?","M","M"],"build_version":"2018-09-06","purchased_purges":1,"victory":false,"max_hp_per_floor":[80,80,80,80,80,80,80,80,90,90,90,90,90,90,90,90,90,90,90,90,97,97,97,97,97,97,97,97,97,97,97],"card_choices":[{"not_picked":["Bludgeon","Juggernaut"],"picked":"Immolate","floor":0.0},{"not_picked":["Wild Strike","Seeing Red"],"picked":"Twin Strike","floor":1.0},{"not_picked":["Combust","Thunderclap"],"picked":"Iron Wave","floor":3.0},{"not_picked":["Hemokinesis","Body Slam"],"picked":"Pommel Strike","floor":5.0},{"not_picked":["Dual Wield","Headbutt"],"picked":"Searing Blow","floor":6.0},{"not_picked":["Warcry","Wild Strike"],"picked":"Anger","floor":8.0},{"not_picked":["Fire Breathing","Wild Strike","Inflame"],"picked":"SKIP","floor":10.0},{"not_picked":["Limit Break","Heavy Blade"],"picked":"Headbutt","floor":12.0},{"not_picked":["Feel No Pain","Body Slam","Intimidate"],"picked":"SKIP","floor":14.0},{"not_picked":["Exhume","Brutality"],"picked":"Demon Form","floor":16.0},{"not_picked":["Power Through","Clash+1"],"picked":"Infernal Blade+1","floor":18.0},{"not_picked":["Iron Wave","Thunderclap+1"],"picked":"Carnage+1","floor":20.0},{"not_picked":["Seeing Red","Entrench"],"picked":"Carnage","floor":22.0},{"not_picked":["True Grit","Body Slam+1"],"picked":"Pommel Strike","floor":25.0},{"not_picked":["Sword Boomerang+1","Limit Break","Wild Strike+1"],"picked":"SKIP","floor":30.0}],"player_experience":577542,"relics_obtained":[{"floor":6.0,"key":"Regal Pillow"},{"floor":8.0,"key":"PreservedInsect"},{"floor":9.0,"key":"Pear"},{"floor":25.0,"key":"Red Mask"},{"floor":26.0,"key":"Ginger"}],"event_choices":[{"event_name":"Scrap Ooze","player_choice":"success","floor":4.0,"damage_taken":12.0},{"event_name":"FaceTrader","player_choice":"Trade","floor":13.0,"damage_taken":0.0},{"event_name":"Duplicator","player_choice":"One dupe","floor":19.0,"damage_taken":0.0},{"event_name":"The Mausoleum","player_choice":"Yes","floor":24.0,"damage_taken":0.0},{"event_name":"Masked Bandits","player_choice":"Fought Bandits","floor":25.0,"damage_taken":0.0},{"event_name":"Match and Keep!","player_choice":"1 cards matched","floor":29.0,"damage_taken":0.0}],"is_beta":false,"boss_relics":[{"not_picked":["Runic Cube","Runic Pyramid"],"picked":"Empty Cage"}],"items_purged_floors":[2],"is_endless":false,"potions_floor_spawned":[5,8,12,14,18,20,30],"killed_by":"Centurion and Healer","ascension_level":6}