{"gold_per_floor":[114,131,131,147,60,95,95,95,95,95,107,126,141,141,141,246,246,226,237,254,254,194,194,211,211],"floor_reached":25,"playtime":2061,"items_purged":["Defend_G"],"score":205,"play_id":"5f471650-b174-4d82-ae5c-31de653df275","local_time":"20190529212047","is_ascension_mode":false,"campfire_choices":[{"floor":7.0,"key":"REST"},{"data":"Defend_G","floor":10.0,"key":"SMITH"},{"floor":15.0,"key":"REST"},{"data":"Flash of Steel","floor":23.0,"key":"SMITH"}],"neow_cost":"NONE","seed_source_timestamp":181542155464608,"circlet_count":0,"master_deck":["Defend_G+1","Defend_G","Defend_G","Defend_G","Strike_G","Strike_G","Strike_G","Strike_G","Survivor","Neutralize+1","Flash of Steel+1","Heel Hook"],"special_seed":0,"relics":["Ring of the Snake","NeowsBlessing","Darkstone Periapt","The Courier","White Beast Statue","MutagenicStrength"],"potions_floor_usage":[24,24],"damage_taken":[{"damage":0.0,"enemies":"Jaw Worm","floor":1.0,"turns":1.0},{"damage":0.0,"enemies":"Cultist","floor":2.0,"turns":1.0},{"damage":0.0,"enemies":"2 Louse","floor":4.0,"turns":1.0},{"damage":40.0,"enemies":"Gremlin Nob","floor":6.0,"turns":6.0},{"damage":5.0,"enemies":"Gremlin Gang","floor":11.0,"turns":5.0},{"damage":0.0,"enemies":"Exordium Wildlife","floor":12.0,"turns":3.0},{"damage":0.0,"enemies":"Blue Slaver","floor":13.0,"turns":4.0},{"damage":58.0,"enemies":"Slime Boss","floor":16.0,"turns":24.0},{"damage":13.0,"enemies":"2 Thieves","floor":18.0,"turns":4.0},{"damage":0.0,"enemies":"3 Byrds","floor":19.0,"turns":10.0},{"damage":14.0,"enemies":"Centurion and Healer","floor":20.0,"turns":24.0},{"damage":33,"enemies":"Cultist and Chosen","floor":24,"turns":10},{"damage":10,"enemies":"Chosen and Byrds","floor":25,"turns":2}],"seed_played":"5594918640831238195","potions_obtained":[{"floor":1.0,"key":"Ancient Potion"},{"floor":2.0,"key":"SpeedPotion"},{"floor":11.0,"key":"Ancient Potion"},{"floor":12.0,"key":"Dexterity Potion"},{"floor":18.0,"key":"Block Potion"},{"floor":19.0,"key":"SkillPotion"},{"floor":20.0,"key":"LiquidBronze"},{"floor":24,"key":"SkillPotion"}],"is_trial":false,"path_per_floor":["M","M","?","M","$","E","R","?","T","R","M","M","M","?","R","B",null,"M","M","M","?","$","R","M","M"],"character_chosen":"THE_SILENT","items_purchased":["Flash of Steel"],"campfire_rested":2,"item_purchase_floors":[5],"current_hp_per_floor":[70,70,70,70,70,30,51,44,44,44,39,39,39,39,60,2,70,57,57,43,43,43,43,10,0],"gold":211,"neow_bonus":"THREE_ENEMY_KILL","is_prod":false,"is_daily":false,"chose_seed":false,"campfire_upgraded":2,"win_rate":0,"timestamp":1559157647,"path_taken":["M","M","?","?","$","E","R","?","T","R","M","M","M","?","R","BOSS","M","?","M","?","$","R","M","M"],"build_version":"2019-01-23","purchased_purges":1,"victory":false,"max_hp_per_floor":[70,70,70,70,70,70,70,70,70,70,70,70,70,70,70,70,70,70,70,70,70,70,70,70,70],"card_choices":[{"not_picked":["Footwork","Predator","Slice"],"picked":"SKIP","floor":1.0},{"not_picked":["Quick Slash","Dagger Spray","Outmaneuver"],"picked":"SKIP","floor":2.0},{"not_picked":["Flechettes","Blade Dance","Setup"],"picked":"SKIP","floor":4.0},{"not_picked":["Acrobatics","Caltrops"],"picked":"Heel Hook","floor":6.0},{"not_picked":["Sucker Punch","PiercingWail","Crippling Poison"],"picked":"SKIP","floor":11.0},{"not_picked":["Underhanded Strike","Acrobatics","Dagger Throw"],"picked":"SKIP","floor":12.0},{"not_picked":["Outmaneuver","Blur","Quick Slash"],"picked":"SKIP","floor":13.0},{"not_picked":["Underhanded Strike+1","Dodge and Roll","Finisher"],"picked":"SKIP","floor":18.0},{"not_picked":["Slice","Quick Slash","Bane+1"],"picked":"SKIP","floor":19.0},{"not_picked":["Quick Slash","Sucker Punch+1","Dagger Spray"],"picked":"SKIP","floor":20.0},{"not_picked":["Dagger Spray","Flying Knee","Cloak And Dagger+1"],"picked":"SKIP","floor":24}],"player_experience":366992,"relics_obtained":[{"floor":6.0,"key":"Darkstone Periapt"},{"floor":9.0,"key":"The Courier"}],"event_choices":[{"damage_healed":0.0,"max_hp_gain":0.0,"max_hp_loss":0.0,"gold_gain":0.0,"event_name":"Upgrade Shrine","player_choice":"Upgraded","floor":3.0,"gold_loss":0.0,"damage_taken":0.0,"cards_upgraded":["Neutralize"]},{"cards_removed":["Strike_G"],"damage_healed":0.0,"max_hp_gain":0.0,"max_hp_loss":0.0,"gold_gain":0.0,"event_name":"Golden Wing","player_choice":"Card Removal","floor":8.0,"gold_loss":0.0,"damage_taken":7.0},{"damage_healed":0.0,"max_hp_gain":0.0,"max_hp_loss":0.0,"gold_gain":0.0,"event_name":"The Woman in Blue","player_choice":"Bought 0 Potions","floor":14.0,"gold_loss":0.0,"damage_taken":0.0},{"damage_healed":0.0,"max_hp_gain":0.0,"max_hp_loss":0.0,"gold_gain":0.0,"event_name":"Drug Dealer","player_choice":"Inject Mutagens","floor":21.0,"gold_loss":0.0,"damage_taken":0.0,"relics_obtained":["MutagenicStrength"]}],"is_beta":false,"boss_relics":[{"not_picked":["Orrery","Black Star"],"picked":"White Beast Statue"}],"items_purged_floors":[22],"is_endless":false,"potions_floor_spawned":[1,2,11,12,18,19,20,24],"killed_by":"Chosen and Byrds","ascension_level":0}