{"gold_per_floor":[116,134,80,96,246,246,246,265,265,9,22,22,50,50,50,127,127,139,156,156,66,78,78,96,96,142,142,159,159,159],"floor_reached":30,"playtime":2017,"items_purged":[],"score":403,"play_id":"4b838979-b9f1-47cc-ae8f-e41c7dbd1279","local_time":"20190626105316","is_ascension_mode":true,"campfire_choices":[{"data":"A Thousand Cuts","floor":6.0,"key":"SMITH"},{"data":"Blade Dance","floor":12.0,"key":"SMITH"},{"floor":15.0,"key":"REST"},{"data":"Blade Dance","floor":23.0,"key":"SMITH"},{"data":"A Thousand Cuts","floor":27.0,"key":"SMITH"}],"neow_cost":"NONE","seed_source_timestamp":0,"circlet_count":0,"master_deck":["AscendersBane","Defend_G","Defend_G","Defend_G","Defend_G","Defend_G","Strike_G","Strike_G","Strike_G","Strike_G","Strike_G","Survivor","Neutralize+1","Dagger Spray","Dodge and Roll","Backflip","A Thousand Cuts+1","Blade Dance+1","Poisoned Stab","Cloak And Dagger+1","A Thousand Cuts+1","Noxious Fumes","Dagger Spray","Blade Dance+1","Accuracy","Escape Plan"],"special_seed":0,"relics":["Ring of the Serpent","Ninja Scroll","Shuriken","Gremlin Horn","Singing Bowl","Potion Belt","Bag of Preparation"],"potions_floor_usage":[],"damage_taken":[{"damage":5.0,"enemies":"Cultist","floor":1.0,"turns":6.0},{"damage":0.0,"enemies":"2 Louse","floor":2.0,"turns":2.0},{"damage":1.0,"enemies":"Small Slimes","floor":4.0,"turns":5.0},{"damage":8.0,"enemies":"Looter","floor":8.0,"turns":4.0},{"damage":6.0,"enemies":"Red Slaver","floor":11.0,"turns":3.0},{"damage":12.0,"enemies":"Gremlin Nob","floor":13.0,"turns":3.0},{"damage":21.0,"enemies":"The Guardian","floor":16.0,"turns":10.0},{"damage":3.0,"enemies":"Spheric Guardian","floor":18.0,"turns":4.0},{"damage":1.0,"enemies":"3 Byrds","floor":19.0,"turns":4.0},{"damage":0.0,"enemies":"Sentry and Sphere","floor":22.0,"turns":4.0},{"damage":12.0,"enemies":"3 Cultists","floor":24.0,"turns":3.0},{"damage":34.0,"enemies":"Snecko","floor":28.0,"turns":5.0},{"damage":0,"enemies":"Centurion and Healer","floor":30,"turns":1}],"seed_played":"516262905760469460","potions_obtained":[{"floor":1.0,"key":"Swift Potion"},{"floor":4.0,"key":"GhostInAJar"},{"floor":11.0,"key":"PowerPotion"},{"floor":13.0,"key":"GhostInAJar"},{"floor":18.0,"key":"PowerPotion"},{"floor":19.0,"key":"Dexterity Potion"}],"is_trial":false,"path_per_floor":["M","M","$","M","?","R","?","M","T","$","M","R","E","?","R","B",null,"M","M","?","$","M","R","M","?","T","R","M","T","M"],"character_chosen":"THE_SILENT","items_purchased":["Backflip","Shuriken","Blade Dance","Accuracy"],"campfire_rested":1,"item_purchase_floors":[3,10,21,21],"current_hp_per_floor":[54,54,54,53,53,53,58,50,50,50,44,44,32,32,53,32,61,58,57,57,57,59,59,47,47,47,47,15,15,15],"gold":159,"neow_bonus":"UPGRADE_CARD","is_prod":false,"is_daily":false,"chose_seed":false,"campfire_upgraded":4,"win_rate":0,"timestamp":1561564396,"path_taken":["M","M","?","M","?","R","?","M","T","$","M","R","E","?","R","BOSS","M","M","?","$","?","R","?","?","T","R","?","?","M"],"build_version":"2019-01-23","purchased_purges":0,"victory":false,"max_hp_per_floor":[66,66,66,66,66,66,71,71,71,71,71,71,71,71,71,71,71,71,71,71,71,73,73,73,73,73,73,75,75,75],"card_choices":[{"not_picked":["Infinite Blades","Blade Dance"],"picked":"Dagger Spray","floor":1.0},{"not_picked":["Calculated Gamble","Reflex"],"picked":"Dodge and Roll","floor":2.0},{"not_picked":["Dagger Throw","Blade Dance"],"picked":"A Thousand Cuts","floor":4.0},{"not_picked":["Underhanded Strike","Prepared"],"picked":"Blade Dance","floor":8.0},{"not_picked":["Outmaneuver","Tools of the Trade"],"picked":"Poisoned Stab","floor":11.0},{"not_picked":["Heel Hook","Outmaneuver"],"picked":"Cloak And Dagger","floor":13.0},{"not_picked":["Unload","Phantasmal Killer"],"picked":"A Thousand Cuts","floor":16.0},{"not_picked":["Dagger Throw","PiercingWail"],"picked":"Noxious Fumes","floor":18.0},{"not_picked":["Well Laid Plans","Quick Slash+1"],"picked":"Dagger Spray","floor":19.0},{"not_picked":["Riddle With Holes","Sucker Punch","Footwork"],"picked":"Singing Bowl","floor":22.0},{"not_picked":["Catalyst","Slice"],"picked":"Escape Plan","floor":24.0},{"not_picked":["Poisoned Stab","Quick Slash+1","Outmaneuver"],"picked":"Singing Bowl","floor":28.0}],"player_experience":1487292,"relics_obtained":[{"floor":9.0,"key":"Ninja Scroll"},{"floor":13.0,"key":"Gremlin Horn"},{"floor":26.0,"key":"Potion Belt"},{"floor":29.0,"key":"Bag of Preparation"}],"event_choices":[{"damage_healed":0.0,"max_hp_gain":0.0,"max_hp_loss":0.0,"gold_gain":150.0,"event_name":"Liars Game","player_choice":"AGREE","floor":5.0,"gold_loss":0.0,"damage_taken":0.0,"cards_obtained":["Doubt"]},{"damage_healed":0.0,"max_hp_gain":5.0,"max_hp_loss":0.0,"gold_gain":0.0,"event_name":"Big Fish","player_choice":"Donut","floor":7.0,"gold_loss":0.0,"damage_taken":0.0},{"damage_healed":0.0,"max_hp_gain":0.0,"max_hp_loss":0.0,"gold_gain":0.0,"event_name":"Living Wall","player_choice":"Grow","floor":14.0,"gold_loss":0.0,"damage_taken":0.0,"cards_upgraded":["Cloak And Dagger"]},{"damage_healed":0.0,"max_hp_gain":0.0,"max_hp_loss":0.0,"gold_gain":0.0,"event_name":"WeMeetAgain","player_choice":"Gave Potion","floor":20.0,"gold_loss":0.0,"damage_taken":0.0,"relics_obtained":["Singing Bowl"]},{"cards_removed":["Doubt"],"damage_healed":0.0,"max_hp_gain":0.0,"max_hp_loss":0.0,"gold_gain":0.0,"event_name":"Fountain of Cleansing","player_choice":"Removed Curses","floor":25.0,"gold_loss":0.0,"damage_taken":0.0}],"is_beta":false,"boss_relics":[{"not_picked":["Cursed Key","Runic Pyramid"],"picked":"Ring of the Serpent"}],"items_purged_floors":[],"is_endless":false,"potions_floor_spawned":[1,4,11,13,18,19],"killed_by":"Centurion and Healer","ascension_level":15}