{"gold_per_floor":[119,130,147,187,203,237,237,271,294,322,334,334,334,334,334,465,465,484,499,424,424,443,518,556,556,607,66,97,97,131,156,156,280,280,293,311,326,326,3,3,43,43,43,43,87,107,32,52,52,52],"floor_reached":51,"playtime":8044,"items_purged":["Normality","Fission"],"score":1361,"play_id":"98969eb0-5113-43ec-a081-4931be47ed25","local_time":"20180904032332","daily_mods":["Insanity","Cursed Run","Terminal","Vintage"],"is_ascension_mode":true,"campfire_choices":[{"data":"BootSequence","floor":7,"key":"SMITH"},{"data":"Reboot","floor":15,"key":"SMITH"},{"floor":29,"key":"REST"},{"data":"Biased Cognition","floor":32,"key":"SMITH"},{"data":"Machine Learning","floor":40,"key":"SMITH"},{"data":"Electrodynamics","floor":44,"key":"SMITH"},{"floor":49,"key":"REST"}],"neow_cost":"","seed_source_timestamp":0,"circlet_count":0,"master_deck":["Streamline","Coolheaded","Zap","Tempest","Force Field","Tempest","Multi-Cast+1","Self Repair","Gash","Turbo","Core Surge","Undo","Hologram","BootSequence+1","Conserve Battery","Meteor Strike","Creative AI","Double Energy","Skim","Rip and Tear","Redo","Biased Cognition","Hyperbeam","Glacier","Loop","Leap","Cold Snap","Aggregate","Undo","Hyperbeam","Blizzard+1","Reboot","Reboot+1","Multi-Cast","Biased Cognition+1","Fission","Rip and Tear","Reinforced Body","Fission","Electrodynamics+1","Cold Snap","Sweeping Beam","Auto Shields","Chaos","Reboot+1","Chaos","Glacier","Compile Driver+1","All For One","Decay","Injury","Writhe","Machine Learning+1","Shame","Regret","Reprogram","Normality","Regret","Master of Strategy","Ball Lightning+1","Sweeping Beam+1","Pain","Beam Cell+1","Stack","Static Discharge+1","Pain"],"relics":["Cursed Key","Darkstone Periapt","Du-Vu Doll","Gambling Chip","Mercury Hourglass","Potion Belt","Tiny Chest","Ice Cream","Gremlin Horn","DataDisk","Whetstone","Letter Opener","Pantograph","Shuriken","Golden Idol","Molten Egg 2","Philosopher\u0027s Stone","Bronze Scales","Frozen Egg 2","Torii","War Paint","Cables","Dream Catcher","Pear","Pen Nib","Singing Bowl","Turnip","Blue Candle","Matryoshka","Bottled Lightning","Busted Crown","Omamori","Meat on the Bone","Mango","Thread and Needle","Happy Flower","Bag of Preparation","Bottled Tornado","Nunchaku","Lantern","Ancient Tea Set"],"potions_floor_usage":[8,28,33,33,41,50,50,50],"damage_taken":[{"damage":0,"enemies":"Cultist","floor":1,"turns":2},{"damage":0,"enemies":"2 Louse","floor":2,"turns":2},{"damage":0,"enemies":"Jaw Worm","floor":3,"turns":2},{"damage":0,"enemies":"Gremlin Gang","floor":4,"turns":3},{"damage":0,"enemies":"Large Slime","floor":5,"turns":3},{"damage":0,"enemies":"3 Sentries","floor":6,"turns":2},{"damage":0,"enemies":"Lagavulin","floor":8,"turns":4},{"damage":0,"enemies":"Gremlin Nob","floor":10,"turns":3},{"damage":0,"enemies":"2 Fungi Beasts","floor":11,"turns":2},{"damage":0,"enemies":"The Guardian","floor":16,"turns":8},{"damage":5,"enemies":"Spheric Guardian","floor":18,"turns":5},{"damage":0,"enemies":"Shell Parasite","floor":19,"turns":3},{"damage":0,"enemies":"Centurion and Healer","floor":22,"turns":5},{"damage":0,"enemies":"Book of Stabbing","floor":24,"turns":3},{"damage":25,"enemies":"Gremlin Leader","floor":28,"turns":3},{"damage":1,"enemies":"Book of Stabbing","floor":30,"turns":3},{"damage":0,"enemies":"Snecko","floor":31,"turns":2},{"damage":2,"enemies":"Champ","floor":33,"turns":6},{"damage":1,"enemies":"3 Shapes","floor":35,"turns":2},{"damage":14,"enemies":"3 Darklings","floor":36,"turns":3},{"damage":0,"enemies":"Spire Growth","floor":37,"turns":3},{"damage":1,"enemies":"Mind Bloom Boss Battle","floor":38,"turns":2},{"damage":3,"enemies":"2 Orb Walkers","floor":41,"turns":4},{"damage":38,"enemies":"Giant Head","floor":45,"turns":7},{"damage":3,"enemies":"Reptomancer","floor":46,"turns":2},{"damage":0,"enemies":"Maw","floor":48,"turns":4},{"damage":48,"enemies":"Time Eater","floor":50,"turns":6}],"seed_played":"-7775366202735034618","potions_obtained":[{"floor":2,"key":"Energy Potion"},{"floor":6,"key":"Dexterity Potion"},{"floor":10,"key":"Fire Potion"},{"floor":16,"key":"Ancient Potion"},{"floor":22,"key":"SpeedPotion"},{"floor":24,"key":"Fruit Juice"},{"floor":30,"key":"Energy Potion"},{"floor":35,"key":"Regen Potion"},{"floor":41,"key":"FocusPotion"},{"floor":46,"key":"Explosive Potion"}],"is_trial":true,"path_per_floor":["M","M","M","M","M","E","R","E","T","E","M","T","?","?","R","B",null,"M","M","?","?","M","T","E","T","T","$","E","R","E","M","R","B",null,"M","M","M","?","$","R","E","?","T","R","E","M","$","M","R","B"],"character_chosen":"DEFECT","items_purchased":["Singing Bowl","Master of Strategy","Happy Flower","Regen Potion","Static Discharge+1"],"campfire_rested":2,"item_purchase_floors":[27,27,39,39,47],"current_hp_per_floor":[73,72,71,70,69,68,67,66,71,70,69,74,78,83,82,87,86,85,84,83,88,87,92,91,106,111,110,97,113,114,113,112,118,118,117,103,117,128,127,126,123,124,123,122,86,90,90,90,121,106],"gold":52,"neow_bonus":"","is_prod":false,"is_daily":false,"chose_seed":false,"campfire_upgraded":5,"win_rate":0,"timestamp":1536056612,"path_taken":["M","M","M","M","M","E","R","E","T","E","M","?","?","?","R","BOSS","M","M","?","?","M","?","E","?","T","$","E","R","E","M","R","BOSS","M","M","M","?","$","R","E","?","T","R","E","M","?","M","R","BOSS"],"build_version":"2018-08-30","purchased_purges":2,"victory":true,"max_hp_per_floor":[73,72,71,70,69,68,67,66,71,70,69,74,78,83,82,87,86,85,84,83,88,87,92,91,106,111,110,114,113,114,113,112,119,118,117,116,129,128,127,126,125,124,123,122,123,122,121,120,121,126],"card_choices":[{"not_picked":["Coolheaded","Redo"],"picked":"All For One","floor":6},{"not_picked":["Self Repair","Compile Driver","Undo"],"picked":"SKIP","floor":8},{"not_picked":["Steam","Rebound","Barrage"],"picked":"SKIP","floor":10},{"not_picked":["Biased Cognition","All For One"],"picked":"Machine Learning","floor":16},{"not_picked":["Sweeping Beam+1","Conserve Battery"],"picked":"Reprogram","floor":24},{"not_picked":["Double Energy","Creative AI+1"],"picked":"Ball Lightning+1","floor":28},{"not_picked":["Heatsinks+1","Aggregate+1"],"picked":"Sweeping Beam+1","floor":29},{"not_picked":["Self Repair+1","Steam Power+1","Gash+1"],"picked":"Singing Bowl","floor":30},{"not_picked":["Biased Cognition+1","Reboot","Multi-Cast"],"picked":"Singing Bowl","floor":33},{"not_picked":[],"picked":"Beam Cell+1","floor":38},{"not_picked":[],"picked":"Stack","floor":41},{"not_picked":["Hologram+1"],"picked":"Singing Bowl","floor":45},{"not_picked":["Heatsinks+1"],"picked":"Singing Bowl","floor":49}],"player_experience":322732,"relics_obtained":[{"floor":1,"key":"Gambling Chip"},{"floor":2,"key":"Mercury Hourglass"},{"floor":3,"key":"Potion Belt"},{"floor":4,"key":"Tiny Chest"},{"floor":5,"key":"Ice Cream"},{"floor":6,"key":"Gremlin Horn"},{"floor":8,"key":"DataDisk"},{"floor":9,"key":"Whetstone"},{"floor":10,"key":"Letter Opener"},{"floor":11,"key":"Pantograph"},{"floor":12,"key":"Shuriken"},{"floor":16,"key":"Molten Egg 2"},{"floor":18,"key":"Bronze Scales"},{"floor":19,"key":"Frozen Egg 2"},{"floor":22,"key":"War Paint"},{"floor":23,"key":"Cables"},{"floor":24,"key":"Dream Catcher"},{"floor":25,"key":"Pear"},{"floor":26,"key":"Pen Nib"},{"floor":28,"key":"Turnip"},{"floor":30,"key":"Blue Candle"},{"floor":31,"key":"Matryoshka"},{"floor":33,"key":"Bottled Lightning"},{"floor":35,"key":"Omamori"},{"floor":36,"key":"Meat on the Bone"},{"floor":37,"key":"Mango"},{"floor":38,"key":"Thread and Needle"},{"floor":41,"key":"Bag of Preparation"},{"floor":43,"key":"Bottled Tornado"},{"floor":45,"key":"Nunchaku"},{"floor":46,"key":"Lantern"},{"floor":48,"key":"Ancient Tea Set"}],"event_choices":[{"event_name":"Big Fish","player_choice":"Donut","floor":13,"damage_taken":0},{"event_name":"Golden Idol","player_choice":"Take Wound","floor":14,"damage_taken":0},{"event_name":"Beggar","player_choice":"Gave Gold","floor":20,"damage_taken":0},{"event_name":"Addict","player_choice":"Stole Relic","floor":21,"damage_taken":0},{"event_name":"MindBloom","player_choice":"Fight","floor":38,"damage_taken":0},{"event_name":"Winding Halls","player_choice":"Writhe","floor":42,"damage_taken":0}],"is_beta":false,"boss_relics":[{"not_picked":["Ectoplasm","Sozu"],"picked":"Philosopher\u0027s Stone"},{"not_picked":["Runic Dome","Runic Pyramid"],"picked":"Busted Crown"}],"items_purged_floors":[27,39],"is_endless":false,"potions_floor_spawned":[2,6,10,16,22,24,30,35,41,46,48],"ascension_level":2}