{"gold_per_floor":[117,49,64,84,9,9,42,42,117,117,134,147,157,184,184,286,316,333,90,90,90,103,103,138,138,189,189,203,203,6,6,6,109,109,125,125,125,145,145,145,160,160,160,160,160,195,195,207,207,207],"floor_reached":50,"playtime":4751,"items_purged":["Strike_R","Defend_R","Strike_R"],"score":686,"play_id":"8bd49d04-9d93-4a6e-b892-28edc2432dcc","local_time":"20180714174808","is_ascension_mode":false,"campfire_choices":[{"data":"Cleave","floor":6,"key":"SMITH"},{"data":"Thunderclap","floor":10,"key":"SMITH"},{"data":"Twin Strike","floor":15,"key":"SMITH"},{"floor":23,"key":"REST"},{"floor":25,"key":"REST"},{"floor":27,"key":"REST"},{"data":"Anger","floor":29,"key":"SMITH"},{"data":"Whirlwind","floor":32,"key":"SMITH"},{"data":"Combust","floor":40,"key":"SMITH"},{"floor":44,"key":"REST"},{"floor":47,"key":"REST"},{"floor":49,"key":"REST"}],"neow_cost":"NONE","seed_source_timestamp":0,"circlet_count":0,"master_deck":["Strike_R","Strike_R","Strike_R","Defend_R","Defend_R","Defend_R+1","Bash+1","Cleave+1","Whirlwind+1","Clothesline","Shrug It Off","Thunderclap+1","Ghostly Armor","Iron Wave","Twin Strike+1","Impervious","Body Slam","Anger+1","Sever Soul","Blood for Blood","Fire Breathing","Combust+1","Impervious","Sword Boomerang+1","Flame Barrier","Uppercut","Cleave+1","Normality","Shrug It Off+1","Cleave+1"],"relics":["Burning Blood","Orichalcum","Darkstone Periapt","Happy Flower","Tiny House","Blood Vial","Enchiridion","Bottled Lightning","Juzu Bracelet","Cursed Key","Mango","Letter Opener","Boot"],"potions_floor_usage":[7,11,16,22,24,33,48,50,50,50],"damage_taken":[{"damage":1,"enemies":"Cultist","floor":1,"turns":3},{"damage":6,"enemies":"Jaw Worm","floor":3,"turns":5},{"damage":5,"enemies":"2 Louse","floor":4,"turns":4},{"damage":3,"enemies":"3 Sentries","floor":7,"turns":3},{"damage":4,"enemies":"Blue Slaver","floor":11,"turns":4},{"damage":1,"enemies":"Looter","floor":12,"turns":3},{"damage":6,"enemies":"2 Fungi Beasts","floor":13,"turns":3},{"damage":62,"enemies":"The Guardian","floor":16,"turns":15},{"damage":19,"enemies":"Shell Parasite","floor":18,"turns":9},{"damage":14,"enemies":"3 Byrds","floor":22,"turns":4},{"damage":71,"enemies":"Gremlin Leader","floor":24,"turns":8},{"damage":0,"enemies":"Cultist and Chosen","floor":28,"turns":10},{"damage":82,"enemies":"Champ","floor":33,"turns":11},{"damage":11,"enemies":"Orb Walker","floor":35,"turns":4},{"damage":6,"enemies":"3 Shapes","floor":38,"turns":4},{"damage":7,"enemies":"3 Darklings","floor":41,"turns":6},{"damage":31,"floor":42,"turns":6},{"damage":52,"enemies":"2 Orb Walkers","floor":46,"turns":5},{"damage":47,"enemies":"Maw","floor":48,"turns":9},{"damage":95,"enemies":"Awakened One","floor":50,"turns":8}],"seed_played":"2476572921278832","potions_obtained":[{"floor":3,"key":"Explosive Potion"},{"floor":7,"key":"Fruit Juice"},{"floor":13,"key":"BloodPotion"},{"floor":16,"key":"Explosive Potion"},{"floor":17,"key":"GamblersBrew"},{"floor":24,"key":"EssenceOfSteel"},{"floor":33,"key":"Energy Potion"},{"floor":42,"key":"Strength Potion"},{"floor":46,"key":"GamblersBrew"},{"floor":48,"key":"Swift Potion"}],"is_trial":false,"path_per_floor":["M","$","M","M","$","R","E","$","T","R","M","M","M","T","R","B",null,"M","$","?","?","M","R","E","R","T","R","M","R","$","?","R","B",null,"M","$","?","M","$","R","M","?","T","R","?","E","R","M","R"],"character_chosen":"IRONCLAD","items_purchased":["Whirlwind","Blood Vial","Combust"],"campfire_rested":6,"item_purchase_floors":[2,19,30],"current_hp_per_floor":[80,80,80,80,80,80,80,80,80,80,85,85,85,85,85,37,90,77,77,77,61,55,82,19,46,46,73,81,81,81,81,81,7,90,85,85,85,87,87,87,88,79,85,110,110,64,97,58,91,0],"gold":207,"neow_bonus":"UPGRADE_CARD","is_prod":false,"is_daily":false,"chose_seed":true,"campfire_upgraded":6,"win_rate":0.0,"timestamp":1531615688,"path_taken":["M","$","M","M","?","R","E","$","T","R","?","M","M","?","R","BOSS","M","$","?","?","M","R","E","R","T","R","M","R","$","?","R","BOSS","M","$","?","M","$","R","M","?","T","R","?","E","R","M","R","BOSS"],"build_version":"2018-07-12","purchased_purges":3,"victory":false,"max_hp_per_floor":[80,80,80,80,80,80,80,80,80,80,85,85,85,85,85,85,90,90,90,90,90,90,90,90,90,90,90,90,90,90,90,90,90,90,90,90,90,90,90,90,90,104,110,110,110,110,110,110,110,110],"card_choices":[{"not_picked":["Ghostly Armor","Body Slam"],"picked":"Cleave","floor":1},{"not_picked":["Perfected Strike","Searing Blow"],"picked":"Clothesline","floor":3},{"not_picked":["Bloodletting","Pummel"],"picked":"Shrug It Off","floor":4},{"not_picked":["Double Tap","Fire Breathing"],"picked":"Thunderclap","floor":7},{"not_picked":["Sword Boomerang","Reckless Charge"],"picked":"Ghostly Armor","floor":11},{"not_picked":["Second Wind","Shrug It Off"],"picked":"Iron Wave","floor":12},{"not_picked":["Perfected Strike","Corruption"],"picked":"Twin Strike","floor":13},{"not_picked":["Brutality","Dark Embrace"],"picked":"Impervious","floor":16},{"not_picked":["Flex","Thunderclap"],"picked":"Body Slam","floor":17},{"not_picked":["Rampage+1","Second Wind"],"picked":"Anger","floor":18},{"not_picked":["Twin Strike","Anger"],"picked":"Sever Soul","floor":22},{"not_picked":["Shrug It Off+1","Iron Wave"],"picked":"Blood for Blood","floor":24},{"not_picked":["Perfected Strike","Iron Wave"],"picked":"Fire Breathing","floor":28},{"not_picked":["Juggernaut","Limit Break"],"picked":"Impervious","floor":33},{"not_picked":["Perfected Strike","Iron Wave"],"picked":"Sword Boomerang+1","floor":35},{"not_picked":["Battle Trance","Infernal Blade+1"],"picked":"Flame Barrier","floor":38},{"not_picked":["Battle Trance","Bloodletting"],"picked":"Uppercut","floor":41},{"not_picked":["Second Wind+1","Disarm"],"picked":"Cleave+1","floor":42},{"not_picked":["Rampage","Whirlwind"],"picked":"Shrug It Off+1","floor":46},{"not_picked":["Sword Boomerang","Flex"],"picked":"Cleave+1","floor":48}],"player_experience":7848,"relics_obtained":[{"floor":7,"key":"Orichalcum"},{"floor":9,"key":"Darkstone Periapt"},{"floor":14,"key":"Happy Flower"},{"floor":21,"key":"Enchiridion"},{"floor":24,"key":"Bottled Lightning"},{"floor":26,"key":"Juzu Bracelet"},{"floor":42,"key":"Mango"},{"floor":43,"key":"Letter Opener"},{"floor":46,"key":"Boot"}],"event_choices":[{"event_name":"Vampires","player_choice":"Ignored","floor":20,"damage_taken":0},{"event_name":"Cursed Tome","player_choice":"Obtained Book","floor":21,"damage_taken":0},{"event_name":"Drug Dealer","player_choice":"Ignored","floor":31,"damage_taken":0},{"event_name":"Mysterious Sphere","player_choice":"Ignore","floor":37,"damage_taken":0},{"event_name":"MindBloom","player_choice":"Fight","floor":42,"damage_taken":0},{"event_name":"Tomb of Lord Red Mask","player_choice":"Ignored","floor":45,"damage_taken":0}],"boss_relics":[{"not_picked":["Busted Crown","Sozu"],"picked":"Tiny House"},{"not_picked":["White Beast Statue","Runic Cube"],"picked":"Cursed Key"}],"items_purged_floors":[5,19,30],"is_endless":false,"potions_floor_spawned":[3,7,13,16,24,33,42,46,48],"killed_by":"Awakened One","ascension_level":0}