{"gold_per_floor":[117,128,34,34,52,82,92,92,118,118,130,149,161,193,193,193],"floor_reached":16,"playtime":1275,"items_purged":[],"score":114,"play_id":"f74521bf-3b07-4e95-8f75-22ecd8cfb1c7","local_time":"20181127080535","is_ascension_mode":false,"campfire_choices":[{"data":"Twin Strike","floor":8,"key":"SMITH"},{"data":"Twin Strike","floor":10,"key":"SMITH"},{"data":"Uppercut","floor":15,"key":"SMITH"}],"neow_cost":"NONE","seed_source_timestamp":602731669115355,"circlet_count":0,"master_deck":["Strike_R","Strike_R","Strike_R","Strike_R","Strike_R","Defend_R","Defend_R","Defend_R","Defend_R","Bash","Wild Strike","Twin Strike+1","Pommel Strike","Iron Wave","Cleave","Iron Wave","Twin Strike+1","Uppercut+1","Power Through","Shrug It Off","Pommel Strike"],"relics":["Burning Blood","Vajra","Pen Nib","Happy Flower"],"potions_floor_usage":[],"damage_taken":[{"damage":5,"enemies":"Cultist","floor":1,"turns":4},{"damage":6,"enemies":"Jaw Worm","floor":2,"turns":2},{"damage":0,"enemies":"2 Louse","floor":5,"turns":2},{"damage":31,"enemies":"3 Sentries","floor":6,"turns":8},{"damage":3,"enemies":"Gremlin Gang","floor":7,"turns":4},{"damage":2,"enemies":"Exordium Wildlife","floor":11,"turns":2},{"damage":16,"enemies":"Large Slime","floor":12,"turns":2},{"damage":2,"enemies":"3 Louse","floor":13,"turns":2},{"damage":21,"enemies":"Lagavulin","floor":14,"turns":4},{"damage":4,"enemies":"Slime Boss","floor":16,"turns":5}],"seed_played":"-4546772335462257034","potions_obtained":[{"floor":1,"key":"FearPotion"},{"floor":2,"key":"Regen Potion"},{"floor":6,"key":"Dexterity Potion"}],"is_trial":false,"path_per_floor":["M","M","$","?","M","E","M","R","T","R","M","M","M","E","R","B"],"character_chosen":"IRONCLAD","items_purchased":["Pommel Strike","Iron Wave"],"campfire_rested":0,"item_purchase_floors":[3,3],"current_hp_per_floor":[88,88,88,88,88,63,66,66,66,66,70,60,64,49,49,45],"gold":193,"neow_bonus":"TEN_PERCENT_HP_BONUS","is_prod":false,"is_daily":false,"chose_seed":false,"campfire_upgraded":3,"win_rate":0,"timestamp":1543327535,"path_taken":["M","M","?","?","M","E","M","R","T","R","?","M","M","E","R","BOSS"],"build_version":"2018-11-15","purchased_purges":0,"victory":false,"max_hp_per_floor":[88,88,88,88,88,88,88,88,88,88,88,88,88,88,88,88],"card_choices":[{"not_picked":["Carnage","Pummel"],"picked":"Wild Strike","floor":1},{"not_picked":["Anger","Rampage"],"picked":"Twin Strike","floor":2},{"not_picked":["Infernal Blade","Second Wind"],"picked":"Cleave","floor":5},{"not_picked":["True Grit","Evolve"],"picked":"Iron Wave","floor":6},{"not_picked":["Uppercut","Cleave"],"picked":"Twin Strike","floor":7},{"not_picked":["Clothesline","Disarm"],"picked":"Uppercut","floor":11},{"not_picked":["Thunderclap","Clothesline"],"picked":"Power Through","floor":12},{"not_picked":["True Grit","Anger"],"picked":"Shrug It Off","floor":13},{"not_picked":["Blood for Blood","Second Wind"],"picked":"Pommel Strike","floor":14}],"player_experience":1060238,"relics_obtained":[{"floor":6,"key":"Vajra"},{"floor":9,"key":"Pen Nib"},{"floor":14,"key":"Happy Flower"}],"event_choices":[{"damage_healed":0,"gold_gain":0,"player_choice":"Leave","damage_taken":0,"max_hp_gain":0,"max_hp_loss":0,"event_name":"The Cleric","floor":4,"gold_loss":0}],"is_beta":false,"boss_relics":[],"items_purged_floors":[],"is_endless":false,"potions_floor_spawned":[1,2,6,12],"killed_by":"Slime Boss","ascension_level":0}