{"gold_per_floor":[117,117,129,58,77,112,126,161,161,236,37,56,69,94,94,194,194,214,139,139,152,171,171,171,186,186,186,186,186,186,202,202,202],"floor_reached":33,"playtime":2477,"items_purged":[],"score":292,"play_id":"14f95254-6089-4378-9663-bc1d75a56065","local_time":"20190702173445","is_ascension_mode":false,"campfire_choices":[{"data":"True Grit","floor":15.0,"key":"SMITH"},{"floor":23.0,"key":"RECALL"},{"data":"Rampage","floor":28.0,"key":"SMITH"},{"data":"Metallicize","floor":30.0,"key":"SMITH"},{"floor":32,"key":"REST"}],"neow_cost":"NONE","seed_source_timestamp":0,"circlet_count":0,"master_deck":["Defend_R","Defend_R","Defend_R","Defend_R","Bash","Bludgeon","Headbutt","Clothesline","Metallicize+1","Wild Strike","Inflame","True Grit+1","Rampage+1","Anger+1","Sword Boomerang+1","Blood for Blood+1","Berserk","Body Slam+1","Bite+1","Bite+1","Bite+1","Bite+1","Bite+1","Whirlwind+1","Evolve+1","Rupture","Dramatic Entrance+1","Wild Strike+1","Seeing Red+1"],"special_seed":0,"relics":["Burning Blood","Strawberry","Darkstone Periapt","Oddly Smooth Stone","Molten Egg 2","Lee\u0027s Waffle","PreservedInsect","Philosopher\u0027s Stone","Enchiridion"],"potions_floor_usage":[33,33,33],"damage_taken":[{"damage":11.0,"enemies":"Jaw Worm","floor":1.0,"turns":2.0},{"damage":7.0,"enemies":"Small Slimes","floor":3.0,"turns":3.0},{"damage":0.0,"enemies":"Cultist","floor":5.0,"turns":3.0},{"damage":17.0,"enemies":"Lagavulin","floor":6.0,"turns":6.0},{"damage":5.0,"enemies":"Looter","floor":7.0,"turns":2.0},{"damage":36.0,"enemies":"Gremlin Nob","floor":8.0,"turns":5.0},{"damage":6.0,"enemies":"3 Louse","floor":12.0,"turns":4.0},{"damage":4.0,"enemies":"Exordium Wildlife","floor":13.0,"turns":3.0},{"damage":18.0,"enemies":"3 Sentries","floor":14.0,"turns":6.0},{"damage":21.0,"enemies":"The Guardian","floor":16.0,"turns":8.0},{"damage":16.0,"enemies":"2 Thieves","floor":18.0,"turns":3.0},{"damage":6.0,"enemies":"3 Byrds","floor":21.0,"turns":4.0},{"damage":42.0,"enemies":"Shelled Parasite and Fungi","floor":22.0,"turns":5.0},{"damage":9.0,"enemies":"Cultist and Chosen","floor":25.0,"turns":4.0},{"damage":31.0,"enemies":"Centurion and Healer","floor":31.0,"turns":4.0},{"damage":62,"enemies":"Collector","floor":33,"turns":6}],"seed_played":"-7145856458316234363","potions_obtained":[{"floor":3.0,"key":"Block Potion"},{"floor":7.0,"key":"Poison Potion"},{"floor":8.0,"key":"Ancient Potion"},{"floor":12.0,"key":"Fire Potion"},{"floor":14.0,"key":"Regen Potion"},{"floor":21.0,"key":"FearPotion"},{"floor":22.0,"key":"Weak Potion"},{"floor":31.0,"key":"SpeedPotion"}],"is_trial":false,"path_per_floor":["M","?","M","$","M","E","M","E","T","?","$","M","M","E","R","B",null,"M","?","?","M","M","R","?","M","T","$","R","?","R","M","R","B"],"character_chosen":"IRONCLAD","items_purchased":["Metallicize","Lee\u0027s Waffle"],"campfire_rested":1,"item_purchase_floors":[4,11],"current_hp_per_floor":[75,75,74,74,80,69,70,40,40,29,94,94,94,82,82,67,94,84,84,65,65,41,41,41,44,44,44,44,28,28,21,40,0],"gold":202,"neow_bonus":"ONE_RANDOM_RARE_CARD","is_prod":false,"is_daily":false,"chose_seed":false,"campfire_upgraded":3,"win_rate":0,"timestamp":1562081685,"path_taken":["M","?","M","$","M","E","M","E","T","?","$","M","M","E","R","BOSS","M","?","?","?","M","R","?","?","T","$","R","?","R","M","R","BOSS"],"build_version":"2019-07-01","purchased_purges":0,"victory":false,"max_hp_per_floor":[80,87,87,87,87,87,87,87,87,87,94,94,94,94,94,94,94,94,94,65,65,65,65,65,65,65,65,65,65,65,65,65,65],"card_choices":[{"not_picked":["Iron Wave","Shockwave"],"picked":"Headbutt","floor":1.0},{"not_picked":["Shockwave","Anger"],"picked":"Clothesline","floor":3.0},{"not_picked":["Uppercut","Intimidate"],"picked":"Wild Strike","floor":5.0},{"not_picked":["Pummel","Intimidate"],"picked":"Inflame","floor":6.0},{"not_picked":["Armaments","Perfected Strike"],"picked":"True Grit","floor":7.0},{"not_picked":["Headbutt","Sword Boomerang"],"picked":"Rampage","floor":8.0},{"not_picked":["Dual Wield","Brutality"],"picked":"Anger+1","floor":12.0},{"not_picked":["Sever Soul+1","Combust"],"picked":"Sword Boomerang+1","floor":13.0},{"not_picked":["Flex","Power Through"],"picked":"Blood for Blood+1","floor":14.0},{"not_picked":["Double Tap","Feed+1"],"picked":"Berserk","floor":16.0},{"not_picked":["Anger+1","Headbutt+1"],"picked":"Body Slam+1","floor":18.0},{"not_picked":["Ghostly Armor","Hemokinesis+1"],"picked":"Whirlwind+1","floor":21.0},{"not_picked":["Cleave+1","Havoc"],"picked":"Evolve+1","floor":22.0},{"not_picked":["Entrench","Clothesline+1"],"picked":"Wild Strike+1","floor":25.0},{"not_picked":["Thunderclap+1","Wild Strike+1"],"picked":"Seeing Red+1","floor":31.0}],"player_experience":136821,"relics_obtained":[{"floor":6.0,"key":"Darkstone Periapt"},{"floor":8.0,"key":"Oddly Smooth Stone"},{"floor":9.0,"key":"Molten Egg 2"},{"floor":14.0,"key":"PreservedInsect"},{"floor":29.0,"key":"Enchiridion"}],"event_choices":[{"damage_healed":0.0,"max_hp_gain":0.0,"max_hp_loss":0.0,"gold_gain":0.0,"event_name":"Scrap Ooze","player_choice":"Success","floor":2.0,"gold_loss":0.0,"damage_taken":7.0,"relics_obtained":["Strawberry"]},{"damage_healed":0.0,"max_hp_gain":0.0,"max_hp_loss":0.0,"gold_gain":75.0,"event_name":"World of Goop","player_choice":"Gather Gold","floor":10.0,"gold_loss":0.0,"damage_taken":11.0},{"cards_removed":["Strike_R"],"damage_healed":0.0,"max_hp_gain":0.0,"max_hp_loss":0.0,"gold_gain":0.0,"event_name":"Beggar","player_choice":"Gave Gold","floor":19.0,"gold_loss":75.0,"damage_taken":0.0},{"damage_healed":0.0,"max_hp_gain":0.0,"max_hp_loss":29.0,"gold_gain":0.0,"event_name":"Vampires","player_choice":"Became a vampire","floor":20.0,"gold_loss":0.0,"damage_taken":0.0,"cards_obtained":["Bite","Bite","Bite","Bite","Bite"]},{"damage_healed":0.0,"max_hp_gain":0.0,"max_hp_loss":0.0,"gold_gain":0.0,"event_name":"Match and Keep!","player_choice":"2 cards matched","floor":24.0,"gold_loss":0.0,"damage_taken":0.0,"cards_obtained":["Rupture","Dramatic Entrance"]},{"damage_healed":0.0,"max_hp_gain":0.0,"max_hp_loss":0.0,"gold_gain":0.0,"event_name":"Cursed Tome","player_choice":"Obtained Book","floor":29.0,"gold_loss":0.0,"damage_taken":16.0}],"is_beta":false,"boss_relics":[{"not_picked":["Sozu","Velvet Choker"],"picked":"Philosopher\u0027s Stone"}],"items_purged_floors":[],"is_endless":false,"potions_floor_spawned":[3,7,8,12,14,21,22,31],"killed_by":"Collector","ascension_level":0}