{"gold_per_floor":[110,110,110,126,144,144,154,154,454,454,469,483,509,509,509,612,612,624,624,259,259,269,298,154,154,209,234,234],"floor_reached":28,"playtime":1409,"items_purged":[],"score":271,"play_id":"e5a54230-92c2-46b0-829d-4af31695daca","local_time":"20190608223905","is_ascension_mode":false,"campfire_choices":[{"data":"Dualcast","floor":6.0,"key":"SMITH"},{"data":"Storm","floor":8.0,"key":"SMITH"},{"floor":15.0,"key":"REST"},{"floor":25,"key":"REST"}],"neow_cost":"NONE","seed_source_timestamp":0,"circlet_count":0,"master_deck":["Strike_B+1","Strike_B","Strike_B+1","Strike_B","Defend_B+1","Defend_B+1","Defend_B","Defend_B","Zap+1","Dualcast+1","Capacitor+1","Storm+1","Self Repair","Capacitor","Static Discharge","Leap","Electrodynamics","Consume","Go for the Eyes","Ball Lightning","Consume","Loop","White Noise+1","Storm","Zap","Self Repair+1","Buffer+1","Glacier+1"],"special_seed":0,"relics":["Cracked Core","Old Coin","Blue Candle","Whetstone","WingedGreaves","Orrery","War Paint","Strawberry","Frozen Egg 2","PreservedInsect","Toxic Egg 2"],"potions_floor_usage":[23,27],"damage_taken":[{"damage":1.0,"enemies":"Jaw Worm","floor":1.0,"turns":3.0},{"damage":1.0,"enemies":"2 Louse","floor":4.0,"turns":2.0},{"damage":1.0,"enemies":"Cultist","floor":5.0,"turns":3.0},{"damage":0.0,"enemies":"Gremlin Gang","floor":7.0,"turns":2.0},{"damage":18.0,"enemies":"Exordium Thugs","floor":11.0,"turns":4.0},{"damage":9.0,"enemies":"Blue Slaver","floor":12.0,"turns":3.0},{"damage":14.0,"enemies":"The Guardian","floor":16.0,"turns":9.0},{"damage":23.0,"enemies":"3 Byrds","floor":18.0,"turns":3.0},{"damage":13,"enemies":"Spheric Guardian","floor":22,"turns":4},{"damage":37,"enemies":"Book of Stabbing","floor":23,"turns":5},{"damage":42,"enemies":"Slavers","floor":27,"turns":4},{"damage":14,"enemies":"Chosen and Byrds","floor":28,"turns":2}],"seed_played":"3204540253898519228","potions_obtained":[{"floor":1.0,"key":"FearPotion"},{"floor":4.0,"key":"Explosive Potion"},{"floor":12.0,"key":"Strength Potion"},{"floor":16.0,"key":"Block Potion"},{"floor":27,"key":"SpeedPotion"}],"is_trial":false,"path_per_floor":["M","?","?","M","M","R","M","R","T","T","M","M","T","?","R","B",null,"M","?","$","?","M","E","$","R","T","E","M"],"character_chosen":"DEFECT","items_purchased":["Storm","War Paint","Strawberry","Buffer+1"],"campfire_rested":2,"item_purchase_floors":[20,20,20,24],"current_hp_per_floor":[81,65,65,64,63,63,63,63,63,63,52,50,50,43,67,60,82,66,50,57,57,51,21,21,49,49,14,0],"gold":234,"neow_bonus":"TEN_PERCENT_HP_BONUS","is_prod":false,"is_daily":false,"chose_seed":false,"campfire_upgraded":2,"win_rate":0,"timestamp":1560051545,"path_taken":["M","?","?","?","?","R","M","R","T","?","M","M","?","?","R","BOSS","M","?","$","?","M","E","$","R","T","E","?"],"build_version":"2019-01-23","purchased_purges":0,"victory":false,"max_hp_per_floor":[82,82,82,82,82,82,82,82,82,82,82,82,82,82,82,82,82,82,87,94,94,94,94,94,94,94,94,94],"card_choices":[{"not_picked":["Heatsinks","Compile Driver"],"picked":"Capacitor","floor":1.0},{"not_picked":["White Noise","Hello World"],"picked":"Storm","floor":4.0},{"not_picked":["Hologram","Scrape"],"picked":"Self Repair","floor":5.0},{"not_picked":["Barrage","Sweeping Beam"],"picked":"Capacitor","floor":7.0},{"not_picked":["Blizzard","Barrage"],"picked":"Static Discharge","floor":11.0},{"not_picked":["Compile Driver","Sunder"],"picked":"Leap","floor":12.0},{"not_picked":["Fission","Rainbow"],"picked":"Electrodynamics","floor":16.0},{"not_picked":["Chaos","Streamline"],"picked":"Consume","floor":17.0},{"not_picked":["Steam","Sunder"],"picked":"Go for the Eyes","floor":17.0},{"not_picked":["Scrape","Rip and Tear"],"picked":"Ball Lightning","floor":17.0},{"not_picked":["Go for the Eyes","Beam Cell"],"picked":"Consume","floor":17.0},{"not_picked":["Turbo","Cold Snap"],"picked":"Loop","floor":17.0},{"not_picked":["Compile Driver+1","Go for the Eyes"],"picked":"White Noise","floor":18.0},{"not_picked":["Melter+1","Rip and Tear","Hologram"],"picked":"SKIP","floor":22},{"not_picked":["Barrage","Skim"],"picked":"Self Repair+1","floor":23},{"not_picked":["Biased Cognition+1","Steam"],"picked":"Glacier+1","floor":27}],"player_experience":1424687,"relics_obtained":[{"floor":9.0,"key":"Old Coin"},{"floor":10.0,"key":"Blue Candle"},{"floor":13.0,"key":"Whetstone"},{"floor":23,"key":"Frozen Egg 2"},{"floor":26,"key":"PreservedInsect"},{"floor":27,"key":"Toxic Egg 2"}],"event_choices":[{"damage_healed":0.0,"max_hp_gain":0.0,"max_hp_loss":0.0,"gold_gain":0.0,"event_name":"Shining Light","player_choice":"Entered Light","floor":2.0,"gold_loss":0.0,"damage_taken":16.0,"cards_upgraded":["Defend_B","Capacitor"]},{"damage_healed":0.0,"max_hp_gain":0.0,"max_hp_loss":0.0,"gold_gain":0.0,"event_name":"Upgrade Shrine","player_choice":"Upgraded","floor":3.0,"gold_loss":0.0,"damage_taken":0.0,"cards_upgraded":["Zap"]},{"damage_healed":0.0,"max_hp_gain":0.0,"max_hp_loss":0.0,"gold_gain":0.0,"event_name":"Scrap Ooze","player_choice":"Success","floor":14.0,"gold_loss":0.0,"damage_taken":7.0,"relics_obtained":["WingedGreaves"]},{"damage_healed":0.0,"max_hp_gain":5.0,"max_hp_loss":0.0,"gold_gain":0.0,"event_name":"Forgotten Altar","player_choice":"Shed Blood","floor":19.0,"gold_loss":0.0,"damage_taken":21.0},{"damage_healed":0,"gold_gain":0,"player_choice":"1 cards matched","damage_taken":0,"max_hp_gain":0,"max_hp_loss":0,"event_name":"Match and Keep!","floor":21,"gold_loss":0,"cards_obtained":["Zap"]}],"is_beta":false,"boss_relics":[{"not_picked":["Busted Crown","White Beast Statue"],"picked":"Orrery"}],"items_purged_floors":[],"is_endless":false,"potions_floor_spawned":[1,4,12,16,27],"killed_by":"Chosen and Byrds","ascension_level":0}