{"gold_per_floor":[116,116,6,6,18,18,18,48,48,78,78,95,120,133,133,229,229,241,72,84,103,121,121,121],"floor_reached":24,"playtime":2285,"items_purged":["Defend_B","Strike_B"],"score":216,"play_id":"7ea8b37f-15f8-4772-a9ac-d913bf8df2ab","local_time":"20190702235131","is_ascension_mode":false,"campfire_choices":[{"data":"Conserve Battery","floor":7,"key":"SMITH"},{"data":"Redo","floor":11,"key":"SMITH"},{"data":"Loop","floor":15,"key":"SMITH"},{"floor":23,"key":"RECALL"}],"neow_cost":"NONE","seed_source_timestamp":2188954612655756,"circlet_count":0,"master_deck":["Strike_B","Strike_B","Strike_B","Zap","Dualcast+1","Cold Snap+1","Conserve Battery+1","Double Energy","Leap","Sweeping Beam","Redo+1","Loop+1","Lockon","Creative AI","Beam Cell+1","Genetic Algorithm+1","Self Repair+1","Redo+1","Tempest","Compile Driver+1","Loop","Chaos"],"relics":["Cracked Core","Vajra","Kunai","Letter Opener","Astrolabe"],"potions_floor_usage":[16,18,24],"damage_taken":[{"damage":0,"enemies":"Cultist","floor":1,"turns":4},{"damage":0,"enemies":"Small Slimes","floor":5,"turns":3},{"damage":15,"enemies":"3 Sentries","floor":8,"turns":10},{"damage":1,"enemies":"Lagavulin","floor":10,"turns":7},{"damage":0,"enemies":"2 Louse","floor":12,"turns":2},{"damage":12,"enemies":"3 Sentries","floor":13,"turns":6},{"damage":0,"enemies":"2 Fungi Beasts","floor":14,"turns":3},{"damage":15,"enemies":"Hexaghost","floor":16,"turns":8},{"damage":7,"enemies":"Spheric Guardian","floor":18,"turns":3},{"damage":7,"enemies":"Chosen","floor":20,"turns":5},{"damage":0,"enemies":"Sentry and Sphere","floor":21,"turns":4},{"damage":8,"enemies":"Snake Plant","floor":22,"turns":3},{"damage":62,"enemies":"Slavers","floor":24,"turns":4}],"seed_played":"3271300198016446520","potions_obtained":[{"floor":5,"key":"SneckoOil"},{"floor":8,"key":"Fire Potion"},{"floor":12,"key":"Energy Potion"},{"floor":18,"key":"Ancient Potion"}],"is_trial":false,"path_per_floor":["M","?","$","?","M","$","R","E","T","E","R","M","E","M","R","B",null,"M","$","M","M","M","R","E"],"character_chosen":"DEFECT","items_purchased":["Double Energy","Tempest"],"campfire_rested":0,"item_purchase_floors":[3,19],"current_hp_per_floor":[75,60,60,60,60,60,60,45,45,44,44,44,32,32,32,17,75,75,75,68,68,60,60,0],"gold":121,"neow_bonus":"THREE_CARDS","is_prod":false,"is_daily":false,"chose_seed":false,"campfire_upgraded":3,"win_rate":0,"timestamp":1562133091,"path_taken":["M","?","$","?","?","?","R","E","T","E","R","M","E","M","R","BOSS","M","$","?","M","M","R","E"],"build_version":"2019-07-01","purchased_purges":2,"victory":false,"max_hp_per_floor":[75,75,75,75,75,75,75,75,75,75,75,75,75,75,75,75,75,75,75,75,75,75,75,75],"card_choices":[{"not_picked":["Rip and Tear","Steam"],"picked":"Cold Snap","floor":0},{"not_picked":["Compile Driver","Steam"],"picked":"Conserve Battery","floor":1},{"not_picked":["Static Discharge","Darkness"],"picked":"Leap","floor":5},{"not_picked":["Cold Snap","Redo"],"picked":"Sweeping Beam","floor":8},{"not_picked":["Barrage","Stack"],"picked":"Redo","floor":10},{"not_picked":["Leap","Hologram"],"picked":"Loop","floor":12},{"not_picked":["Barrage","Gash","Beam Cell"],"picked":"SKIP","floor":13},{"not_picked":["Rebound","BootSequence"],"picked":"Lockon","floor":14},{"not_picked":["Buffer","Machine Learning"],"picked":"Creative AI","floor":16},{"not_picked":["White Noise","Aggregate"],"picked":"Redo+1","floor":18},{"not_picked":["Self Repair","Cold Snap+1"],"picked":"Compile Driver+1","floor":20},{"not_picked":["Beam Cell","Undo"],"picked":"Loop","floor":21},{"not_picked":["Stack+1","Ball Lightning"],"picked":"Chaos","floor":22}],"player_experience":108163,"relics_obtained":[{"floor":8,"key":"Vajra"},{"floor":10,"key":"Kunai"},{"floor":13,"key":"Letter Opener"}],"event_choices":[{"damage_healed":0,"gold_gain":0,"player_choice":"Entered Light","damage_taken":15,"max_hp_gain":0,"max_hp_loss":0,"event_name":"Shining Light","floor":2,"gold_loss":0,"cards_upgraded":["Dualcast","Cold Snap"]},{"damage_healed":0,"gold_gain":0,"player_choice":"Ignored","damage_taken":0,"max_hp_gain":0,"max_hp_loss":0,"event_name":"WeMeetAgain","floor":4,"gold_loss":0}],"is_beta":false,"boss_relics":[{"not_picked":["Tiny House","Busted Crown"],"picked":"Astrolabe"}],"items_purged_floors":[3,19],"is_endless":false,"potions_floor_spawned":[5,8,12,18],"killed_by":"Slavers","ascension_level":0}