{"gold_per_floor":[117,131,131,143,318,318,335,347,347,347,422,436,471,491,491,595,595,612,612,623,548,548,579,319,347,347,347,347,366,379,114,114,216,216,229,249,301,311,311,339,339,339,363,181,196,60,21,37,37,37],"floor_reached":51,"playtime":3772,"items_purged":["Strike_B","Defend_B"],"score":717,"play_id":"44d4f2ca-de7d-4c64-bfb7-e97c92151794","local_time":"20190614104609","is_ascension_mode":false,"campfire_choices":[{"data":"Zap","floor":6,"key":"SMITH"},{"floor":15,"key":"REST"},{"data":"Darkness","floor":27,"key":"SMITH"},{"floor":32,"key":"REST"},{"data":"Glacier","floor":41,"key":"SMITH"},{"floor":49,"key":"REST"}],"neow_cost":"NONE","seed_source_timestamp":2558281220351235,"circlet_count":0,"master_deck":["Strike_B","Strike_B","Strike_B","Defend_B","Defend_B","Defend_B","Zap+1","Dualcast","Beam Cell","Gash","Genetic Algorithm","FTL","Glacier","Hologram","Defragment+1","Conserve Battery","Electrodynamics","Conserve Battery","Glacier+1","Redo+1","Darkness+1","Flash of Steel","Hologram","Multi-Cast","Blizzard+1","Go for the Eyes","Gash","Coolheaded+1","Gash","FTL","Leap+1"],"relics":["Cracked Core","Vajra","FaceOfCleric","Orichalcum","Boot","Black Star","Shuriken","Pear","Symbiotic Virus","Bag of Preparation","StoneCalendar","Cables","Membership Card","Happy Flower","Busted Crown","Mango","Meat on the Bone","Calipers","PreservedInsect","Bronze Scales","DataDisk","Mercury Hourglass"],"potions_floor_usage":[23,23,45,50],"damage_taken":[{"damage":1,"enemies":"Jaw Worm","floor":1,"turns":3},{"damage":0,"enemies":"Cultist","floor":2,"turns":2},{"damage":0,"enemies":"2 Louse","floor":4,"turns":2},{"damage":5,"enemies":"Looter","floor":7,"turns":3},{"damage":9,"enemies":"Exordium Thugs","floor":8,"turns":4},{"damage":0,"enemies":"2 Fungi Beasts","floor":12,"turns":3},{"damage":26,"enemies":"Gremlin Nob","floor":13,"turns":6},{"damage":8,"enemies":"3 Louse","floor":14,"turns":3},{"damage":5,"enemies":"Hexaghost","floor":16,"turns":12},{"damage":6,"enemies":"Shell Parasite","floor":18,"turns":6},{"damage":0,"enemies":"Chosen","floor":20,"turns":5},{"damage":9,"enemies":"Slavers","floor":23,"turns":3},{"damage":16,"enemies":"Book of Stabbing","floor":25,"turns":7},{"damage":16,"enemies":"Shelled Parasite and Fungi","floor":29,"turns":6},{"damage":5,"enemies":"Centurion and Healer","floor":30,"turns":5},{"damage":47,"enemies":"Champ","floor":33,"turns":12},{"damage":0,"enemies":"Orb Walker","floor":35,"turns":3},{"damage":14,"enemies":"3 Darklings","floor":36,"turns":4},{"damage":11,"enemies":"2 Orb Walkers","floor":37,"turns":5},{"damage":2,"enemies":"4 Shapes","floor":38,"turns":6},{"damage":31,"enemies":"Reptomancer","floor":40,"turns":7},{"damage":0,"enemies":"Transient","floor":45,"turns":5},{"damage":5,"enemies":"Spire Growth","floor":48,"turns":5},{"damage":50,"enemies":"Time Eater","floor":50,"turns":10}],"seed_played":"3906105524373479045","potions_obtained":[{"floor":12,"key":"Energy Potion"},{"floor":14,"key":"EssenceOfSteel"},{"floor":16,"key":"Explosive Potion"},{"floor":38,"key":"SteroidPotion"},{"floor":40,"key":"Explosive Potion"},{"floor":45,"key":"Swift Potion"},{"floor":48,"key":"Strength Potion"}],"is_trial":false,"path_per_floor":["M","M","?","M","?","R","M","M","T","?","?","M","E","M","R","B",null,"M","?","M","$","T","E","$","E","T","R","?","M","M","$","R","B",null,"M","M","?","M","?","E","R","?","T","$","M","$","$","M","R","B",null],"character_chosen":"DEFECT","items_purchased":["Darkness","Flash of Steel","Membership Card","Happy Flower","Bronze Scales","DataDisk","Gash","Mercury Hourglass","Gash","FTL"],"campfire_rested":3,"item_purchase_floors":[24,24,31,31,44,44,44,46,46,47],"current_hp_per_floor":[74,74,74,75,75,75,71,63,63,56,45,46,21,14,38,34,82,77,77,78,78,78,80,80,65,65,65,65,50,46,46,75,29,99,100,87,91,90,90,60,60,60,60,60,61,61,61,69,105,68],"gold":37,"neow_bonus":"RANDOM_COMMON_RELIC","is_prod":false,"is_daily":false,"chose_seed":false,"campfire_upgraded":3,"win_rate":0,"timestamp":1560527169,"path_taken":["M","M","?","?","?","R","M","M","T","?","?","M","E","M","R","BOSS","M","?","M","$","?","E","$","E","T","R","?","M","M","$","R","BOSS","M","M","?","M","?","E","R","?","T","$","M","?","$","?","R","BOSS"],"build_version":"2019-01-23","purchased_purges":2,"victory":true,"max_hp_per_floor":[75,75,75,76,76,76,77,78,78,78,78,79,80,81,81,82,82,83,83,84,84,84,95,95,96,96,96,96,97,98,98,98,99,99,100,101,116,117,117,118,118,118,118,118,119,119,119,120,120,121],"card_choices":[{"not_picked":["Conserve Battery","Rebound"],"picked":"Beam Cell","floor":1},{"not_picked":["Streamline","Cold Snap"],"picked":"Gash","floor":2},{"not_picked":["Compile Driver","Core Surge"],"picked":"Genetic Algorithm","floor":4},{"not_picked":["Loop","Compile Driver"],"picked":"FTL","floor":7},{"not_picked":["Steam","Chaos"],"picked":"Glacier","floor":8},{"not_picked":["Hello World","Consume"],"picked":"Hologram","floor":12},{"not_picked":["Fusion","Capacitor"],"picked":"Defragment","floor":13},{"not_picked":["Barrage","Redo"],"picked":"Conserve Battery","floor":14},{"not_picked":["Meteor Strike","Multi-Cast"],"picked":"Electrodynamics","floor":16},{"not_picked":["Stack","Compile Driver"],"picked":"Conserve Battery","floor":18},{"not_picked":["Skim+1","Recycle"],"picked":"Glacier","floor":20},{"not_picked":["Conserve Battery+1","Go for the Eyes"],"picked":"Redo+1","floor":23},{"not_picked":["Streamline+1","Reinforced Body"],"picked":"Core Surge","floor":25},{"not_picked":["Beam Cell+1","Stack"],"picked":"Hologram","floor":29},{"not_picked":["Stack","Turbo","Double Energy"],"picked":"SKIP","floor":30},{"not_picked":["Machine Learning","Seek"],"picked":"Multi-Cast","floor":33},{"not_picked":["Sweeping Beam"],"picked":"SKIP","floor":35},{"not_picked":[],"picked":"Blizzard+1","floor":36},{"not_picked":[],"picked":"Go for the Eyes","floor":37},{"not_picked":["Compile Driver"],"picked":"SKIP","floor":38},{"not_picked":["Rebound+1"],"picked":"SKIP","floor":40},{"not_picked":[],"picked":"Coolheaded+1","floor":45},{"not_picked":[],"picked":"Leap+1","floor":48}],"player_experience":1454917,"relics_obtained":[{"floor":9,"key":"Orichalcum"},{"floor":13,"key":"Boot"},{"floor":22,"key":"Shuriken"},{"floor":23,"key":"Pear"},{"floor":23,"key":"Symbiotic Virus"},{"floor":25,"key":"Bag of Preparation"},{"floor":25,"key":"StoneCalendar"},{"floor":26,"key":"Cables"},{"floor":37,"key":"Mango"},{"floor":40,"key":"Meat on the Bone"},{"floor":40,"key":"Calipers"},{"floor":43,"key":"PreservedInsect"}],"event_choices":[{"damage_healed":0,"gold_gain":0,"player_choice":"Trade","damage_taken":0,"relics_obtained":["FaceOfCleric"],"max_hp_gain":0,"max_hp_loss":0,"event_name":"FaceTrader","floor":3,"gold_loss":0},{"damage_healed":0,"gold_gain":175,"player_choice":"AGREE","damage_taken":0,"max_hp_gain":0,"max_hp_loss":0,"event_name":"Liars Game","floor":5,"gold_loss":0,"cards_obtained":["Doubt"]},{"cards_removed":["Doubt"],"damage_healed":0,"gold_gain":0,"player_choice":"Card Removal","damage_taken":7,"max_hp_gain":0,"max_hp_loss":0,"event_name":"Golden Wing","floor":10,"gold_loss":0},{"damage_healed":0,"gold_gain":75,"player_choice":"Gather Gold","damage_taken":11,"max_hp_gain":0,"max_hp_loss":0,"event_name":"World of Goop","floor":11,"gold_loss":0},{"damage_healed":0,"gold_gain":0,"player_choice":"Forge","damage_taken":0,"max_hp_gain":0,"max_hp_loss":0,"event_name":"Accursed Blacksmith","floor":19,"gold_loss":0,"cards_upgraded":["Defragment"]},{"damage_healed":0,"gold_gain":0,"player_choice":"0 cards matched","damage_taken":0,"max_hp_gain":0,"max_hp_loss":0,"event_name":"Match and Keep!","floor":28,"gold_loss":0,"cards_obtained":[]},{"damage_healed":0,"gold_gain":0,"player_choice":"Fight","damage_taken":0,"max_hp_gain":0,"max_hp_loss":0,"event_name":"Mysterious Sphere","floor":37,"gold_loss":0},{"damage_healed":0,"gold_gain":0,"player_choice":"Ignored","damage_taken":0,"max_hp_gain":0,"max_hp_loss":0,"event_name":"Tomb of Lord Red Mask","floor":39,"gold_loss":0},{"cards_removed":["Core Surge"],"damage_healed":0,"gold_gain":0,"player_choice":"Removed Attack","damage_taken":0,"max_hp_gain":0,"max_hp_loss":0,"event_name":"Falling","floor":42,"gold_loss":0}],"is_beta":false,"boss_relics":[{"not_picked":["Pandora\u0027s Box","Orrery"],"picked":"Black Star"},{"not_picked":["Runic Dome","White Beast Statue"],"picked":"Busted Crown"}],"items_purged_floors":[21,24],"is_endless":false,"potions_floor_spawned":[12,14,16,18,20,38,40,45,48],"ascension_level":0}