{"gold_per_floor":[119,119,119,119,132,147,147,168,168,184,184,207,238,238,238,238],"floor_reached":16,"playtime":1075,"items_purged":[],"score":102,"play_id":"5988da0e-dc91-415a-9747-4d30ac46ba3d","local_time":"20190614102239","is_ascension_mode":false,"campfire_choices":[{"data":"Flex","floor":7,"key":"SMITH"},{"floor":15,"key":"REST"}],"neow_cost":"NONE","seed_source_timestamp":52567044280590,"circlet_count":0,"master_deck":["Strike_R","Strike_R","Strike_R","Strike_R","Strike_R","Defend_R","Defend_R","Defend_R","Defend_R","Bash","Flex+1","Cleave","Armaments","Fire Breathing+1","Spot Weakness","Double Tap"],"relics":["Burning Blood","Golden Idol","Frozen Egg 2","Letter Opener","Prayer Wheel","Lantern"],"potions_floor_usage":[],"damage_taken":[{"damage":7,"enemies":"2 Louse","floor":1,"turns":4},{"damage":3,"enemies":"Jaw Worm","floor":5,"turns":4},{"damage":0,"enemies":"Small Slimes","floor":6,"turns":3},{"damage":10,"enemies":"Exordium Thugs","floor":8,"turns":4},{"damage":0,"enemies":"3 Louse","floor":10,"turns":3},{"damage":13,"enemies":"Red Slaver","floor":12,"turns":2},{"damage":22,"enemies":"3 Sentries","floor":13,"turns":5},{"damage":80,"enemies":"The Guardian","floor":16,"turns":10}],"seed_played":"352154497507236042","potions_obtained":[{"floor":6,"key":"PowerPotion"},{"floor":8,"key":"SpeedPotion"},{"floor":13,"key":"Energy Potion"}],"is_trial":false,"path_per_floor":["M","?","?","?","M","M","R","M","T","M","T","M","E","?","R","B"],"character_chosen":"IRONCLAD","items_purchased":[],"campfire_rested":1,"item_purchase_floors":[],"current_hp_per_floor":[87,87,87,87,88,88,88,84,84,88,88,81,65,53,79,0],"gold":238,"neow_bonus":"TEN_PERCENT_HP_BONUS","is_prod":false,"is_daily":false,"chose_seed":false,"campfire_upgraded":1,"win_rate":0.0,"timestamp":1560500559,"path_taken":["M","?","?","?","M","M","R","?","T","M","?","M","E","?","R","BOSS"],"build_version":"2019-01-23","purchased_purges":0,"victory":false,"max_hp_per_floor":[88,88,88,88,88,88,88,88,88,88,88,88,88,88,88,88],"card_choices":[{"not_picked":["Shockwave","Pummel"],"picked":"Flex","floor":1},{"not_picked":["Thunderclap","Twin Strike"],"picked":"Cleave","floor":5},{"not_picked":["Inflame","Second Wind","Corruption"],"picked":"SKIP","floor":6},{"not_picked":["Heavy Blade","Anger"],"picked":"Armaments","floor":8},{"not_picked":["Iron Wave","Headbutt"],"picked":"Fire Breathing+1","floor":10},{"not_picked":["True Grit","Perfected Strike"],"picked":"Spot Weakness","floor":12},{"not_picked":["Bloodletting","Sever Soul"],"picked":"Double Tap","floor":13}],"player_experience":36402,"relics_obtained":[{"floor":9,"key":"Frozen Egg 2"},{"floor":11,"key":"Letter Opener"},{"floor":13,"key":"Prayer Wheel"}],"event_choices":[{"damage_healed":0,"gold_gain":0,"player_choice":"Ignored","damage_taken":0,"max_hp_gain":0,"max_hp_loss":0,"event_name":"Liars Game","floor":2,"gold_loss":0},{"damage_healed":0,"gold_gain":0,"player_choice":"Take Wound","damage_taken":0,"relics_obtained":["Golden Idol"],"max_hp_gain":0,"max_hp_loss":0,"event_name":"Golden Idol","floor":3,"gold_loss":0,"cards_obtained":["Injury"]},{"cards_removed":["Injury"],"damage_healed":0,"gold_gain":0,"player_choice":"Forget","damage_taken":0,"max_hp_gain":0,"max_hp_loss":0,"event_name":"Living Wall","floor":4,"gold_loss":0},{"damage_healed":0,"gold_gain":0,"player_choice":"Success","damage_taken":12,"relics_obtained":["Lantern"],"max_hp_gain":0,"max_hp_loss":0,"event_name":"Scrap Ooze","floor":14,"gold_loss":0}],"is_beta":false,"boss_relics":[],"items_purged_floors":[],"is_endless":false,"potions_floor_spawned":[6,8,13],"killed_by":"The Guardian","ascension_level":0}