{"gold_per_floor":[110,110,128,128,128,156,156,167,192,202,232,247,266,266,266,368,368,388,388,388,21,41,41,67,84,152,169,181,193,193,211,211,314,314,334,346,28,39,39,39],"floor_reached":40,"playtime":4004,"items_purged":["Regret","Strike_G"],"score":445,"play_id":"16e261c3-668c-4b41-ab8a-a7184a9cbcb1","local_time":"20180719180025","is_ascension_mode":true,"campfire_choices":[{"data":"Crippling Poison","floor":7,"key":"SMITH"},{"floor":15,"key":"REST"},{"floor":23,"key":"REST"},{"floor":30,"key":"REST"},{"floor":32,"key":"REST"}],"neow_cost":"NONE","seed_source_timestamp":110087930227771,"circlet_count":0,"master_deck":["Defend_G","Defend_G","Defend_G","Defend_G","Strike_G","Strike_G","Strike_G","Survivor","Neutralize","Crippling Poison+1","Dagger Throw","Calculated Gamble","Poisoned Stab","All Out Attack","Dagger Spray","Die Die Die","Leg Sweep","Doppelganger","Noxious Fumes","Flash of Steel","Bane+1","Backflip","Cloak And Dagger","Backstab+1","Poisoned Stab","Deadly Poison","Acrobatics+1","Adrenaline"],"relics":["Lizard Tail","Bronze Scales","The Courier","Boot","Ornamental Fan","Fusion Hammer","Gremlin Horn","Mercury Hourglass","Letter Opener","Velvet Choker","Shovel"],"potions_floor_usage":[6,16,20,28,28,28,31,33,33,33,38],"damage_taken":[{"damage":3,"enemies":"Jaw Worm","floor":1,"turns":8},{"damage":8,"enemies":"Cultist","floor":3,"turns":8},{"damage":13,"enemies":"Gremlin Nob","floor":6,"turns":5},{"damage":4,"enemies":"2 Louse","floor":8,"turns":2},{"damage":5,"enemies":"2 Fungi Beasts","floor":10,"turns":3},{"damage":13,"enemies":"3 Sentries","floor":11,"turns":7},{"damage":5,"enemies":"Red Slaver","floor":12,"turns":3},{"damage":6,"enemies":"3 Louse","floor":13,"turns":2},{"damage":26,"enemies":"Hexaghost","floor":16,"turns":9},{"damage":8,"enemies":"Shell Parasite","floor":18,"turns":4},{"damage":0,"enemies":"2 Thieves","floor":20,"turns":1},{"damage":6,"enemies":"Centurion and Healer","floor":22,"turns":4},{"damage":12,"enemies":"Book of Stabbing","floor":24,"turns":5},{"damage":16,"enemies":"Snake Plant","floor":25,"turns":4},{"damage":2,"enemies":"Chosen and Byrds","floor":27,"turns":4},{"damage":0,"enemies":"Slaver and Parasite","floor":28,"turns":3},{"damage":0,"enemies":"Snake Plant","floor":29,"turns":2},{"damage":0,"enemies":"Cultist and Chosen","floor":31,"turns":3},{"damage":46,"enemies":"Champ","floor":33,"turns":9},{"damage":0,"enemies":"3 Shapes","floor":35,"turns":2},{"damage":14,"enemies":"3 Darklings","floor":36,"turns":3},{"damage":2,"enemies":"Transient","floor":38,"turns":5},{"damage":102,"enemies":"Giant Head","floor":40,"turns":9}],"seed_played":"-6205052866792275322","potions_obtained":[{"floor":1,"key":"Regen Potion"},{"floor":11,"key":"FearPotion"},{"floor":14,"key":"Poison Potion"},{"floor":14,"key":"SmokeBomb"},{"floor":16,"key":"EntropicBrew"},{"floor":18,"key":"Explosive Potion"},{"floor":25,"key":"Weak Potion"},{"floor":31,"key":"SkillPotion"},{"floor":35,"key":"GhostInAJar"}],"is_trial":false,"path_per_floor":["M","?","M","?","?","E","R","M","T","M","E","M","M","?","R","B",null,"M","?","M","$","M","R","E","M","T","M","M","M","R","M","R","B",null,"M","M","$","M","$"],"character_chosen":"THE_SILENT","items_purchased":["Gremlin Horn","Noxious Fumes","Flash of Steel","Shovel"],"campfire_rested":4,"item_purchase_floors":[21,21,21,37],"current_hp_per_floor":[67,67,59,59,59,60,60,56,56,51,38,33,27,27,48,22,70,62,62,62,62,56,70,58,42,42,40,40,40,61,61,70,24,70,70,56,56,54,54,0],"gold":39,"neow_bonus":"BOSS_RELIC","is_prod":false,"is_daily":false,"chose_seed":false,"campfire_upgraded":1,"win_rate":0,"timestamp":1532048425,"path_taken":["M","?","M","?","?","E","R","M","T","M","E","M","?","?","R","BOSS","M","?","M","$","?","R","E","M","T","M","M","?","R","M","R","BOSS","M","?","$","M","$","E"],"build_version":"2018-07-12","purchased_purges":2,"victory":false,"max_hp_per_floor":[70,70,70,70,70,70,70,70,70,70,70,70,70,70,70,70,70,70,70,70,70,70,70,70,70,70,70,70,70,70,70,70,70,70,70,70,70,70,70,70],"card_choices":[{"not_picked":["Acrobatics","Footwork"],"picked":"Crippling Poison","floor":1},{"not_picked":["Well Laid Plans","Setup"],"picked":"Dagger Throw","floor":3},{"not_picked":["Finisher","Bane"],"picked":"Calculated Gamble","floor":6},{"not_picked":["PiercingWail","Flying Knee"],"picked":"Poisoned Stab","floor":8},{"not_picked":["Deflect","Sucker Punch"],"picked":"All Out Attack","floor":10},{"not_picked":["Escape Plan","Poisoned Stab"],"picked":"Dagger Spray","floor":11},{"not_picked":["Sucker Punch","Underhanded Strike"],"picked":"Die Die Die","floor":12},{"not_picked":["Blur","Escape Plan"],"picked":"Leg Sweep","floor":13},{"not_picked":["Night Terror","Tools of the Trade"],"picked":"Doppelganger","floor":16},{"not_picked":["Distraction","Footwork","Concentrate"],"picked":"SKIP","floor":18},{"not_picked":["Predator","Outmaneuver"],"picked":"Bane+1","floor":22},{"not_picked":["Dagger Spray","Expertise+1"],"picked":"Backflip","floor":24},{"not_picked":["Leg Sweep","Bane"],"picked":"Cloak And Dagger","floor":25},{"not_picked":["Cloak And Dagger+1","Acrobatics"],"picked":"Backstab+1","floor":27},{"not_picked":["Flying Knee","PiercingWail+1"],"picked":"Poisoned Stab","floor":28},{"not_picked":["Predator","Bane","Flying Knee"],"picked":"SKIP","floor":29},{"not_picked":["Calculated Gamble","Reflex"],"picked":"Deadly Poison","floor":31},{"not_picked":["Flying Knee+1","Concentrate","Bane"],"picked":"SKIP","floor":35},{"not_picked":["Bane+1","Poisoned Stab+1"],"picked":"Acrobatics+1","floor":36},{"not_picked":["Heel Hook","Choke+1"],"picked":"Adrenaline","floor":38}],"player_experience":114654,"relics_obtained":[{"floor":6,"key":"The Courier"},{"floor":9,"key":"Boot"},{"floor":11,"key":"Ornamental Fan"},{"floor":24,"key":"Mercury Hourglass"},{"floor":26,"key":"Letter Opener"}],"event_choices":[{"event_name":"Purifier","player_choice":"One Purge","floor":2,"damage_taken":0},{"event_name":"Bonfire Elementals","player_choice":"BASIC","floor":4,"damage_taken":0},{"event_name":"Big Fish","player_choice":"Box","floor":5,"damage_taken":0},{"event_name":"The Lab","player_choice":"Got Potions","floor":14,"damage_taken":0},{"event_name":"Ghosts","player_choice":"Ignored","floor":19,"damage_taken":0}],"boss_relics":[{"not_picked":["White Beast Statue","Tiny House"],"picked":"Fusion Hammer"},{"not_picked":["Runic Dome","Coffee Dripper"],"picked":"Velvet Choker"}],"items_purged_floors":[21,37],"is_endless":false,"potions_floor_spawned":[1,11,16,18,20,25,29,31,35],"killed_by":"Giant Head","ascension_level":1}