{"gold_per_floor":[115,192,192,207,41,75,75,119,166,190,208,208],"floor_reached":12,"playtime":670,"items_purged":["Injury"],"score":163,"play_id":"6f5fcea1-3657-4809-ac14-f0285256bc53","local_time":"20181018133035","is_ascension_mode":true,"campfire_choices":[{"floor":7,"key":"REST"}],"neow_cost":"NONE","seed_source_timestamp":3118786904545868,"circlet_count":0,"master_deck":["Strike_R","Strike_R","Strike_R","Strike_R","Strike_R","Defend_R","Defend_R","Defend_R","Defend_R","Bash","AscendersBane","Limit Break","Searing Blow","Battle Trance","Inflame","Thunderclap","Infernal Blade","Thunderclap","Limit Break"],"relics":["Burning Blood","Golden Idol","Omamori","Orichalcum","Ancient Tea Set"],"potions_floor_usage":[6],"damage_taken":[{"damage":15,"enemies":"Small Slimes","floor":1,"turns":4},{"damage":8,"enemies":"2 Louse","floor":4,"turns":3},{"damage":35,"enemies":"3 Sentries","floor":6,"turns":10},{"damage":40,"enemies":"Lagavulin","floor":8,"turns":6},{"damage":0,"enemies":"Cultist","floor":10,"turns":3},{"damage":12,"enemies":"3 Louse","floor":11,"turns":3},{"damage":4,"enemies":"3 Sentries","floor":12,"turns":2}],"seed_played":"5497807869748461199","potions_obtained":[{"floor":1,"key":"SteroidPotion"},{"floor":6,"key":"Ancient Potion"}],"is_trial":false,"path_per_floor":["M","?","?","M","$","E","R","E","T","M","M"],"character_chosen":"IRONCLAD","items_purchased":["Inflame"],"campfire_rested":1,"item_purchase_floors":[5],"current_hp_per_floor":[59,59,59,57,57,28,50,16,16,22,16,12],"gold":208,"neow_bonus":"ONE_RANDOM_RARE_CARD","is_prod":false,"is_daily":false,"chose_seed":false,"campfire_upgraded":0,"win_rate":0,"timestamp":1539887435,"path_taken":["M","?","?","M","$","E","R","E","T","M","M","E"],"build_version":"2018-10-11","purchased_purges":1,"victory":false,"max_hp_per_floor":[75,75,75,75,75,75,75,75,75,75,75,75],"card_choices":[{"not_picked":["Bloodletting","Twin Strike"],"picked":"Searing Blow","floor":1},{"not_picked":["Armaments","Pommel Strike"],"picked":"Battle Trance","floor":4},{"not_picked":["Dark Embrace","Headbutt"],"picked":"Thunderclap","floor":6},{"not_picked":["Battle Trance","Feel No Pain"],"picked":"Infernal Blade","floor":8},{"not_picked":["Clash","Havoc"],"picked":"Thunderclap","floor":10},{"not_picked":["Disarm","Thunderclap"],"picked":"Limit Break","floor":11}],"player_experience":785766,"relics_obtained":[{"floor":6,"key":"Omamori"},{"floor":8,"key":"Orichalcum"},{"floor":9,"key":"Ancient Tea Set"}],"event_choices":[{"event_name":"Golden Wing","player_choice":"Gained Gold","floor":2,"damage_taken":0},{"event_name":"Golden Idol","player_choice":"Take Wound","floor":3,"damage_taken":0}],"is_beta":false,"boss_relics":[],"items_purged_floors":[5],"is_endless":false,"potions_floor_spawned":[1,6],"killed_by":"3 Sentries","ascension_level":17}