{"gold_per_floor":[118,44,44,44,62,62,91,91,91,122,46,46,46,64,64,165,165,182,281,99,149,163,163,188,188,264,292,292,312,312,73,73,171,171,188,234,247,247,263,263,295,313,313,188,223,223,29,42,42,42],"floor_reached":51,"playtime":5881,"items_purged":["Strike_G","Strike_G","Shame","Defend_G"],"score":1315,"play_id":"31c55228-ea73-451b-bd7c-7c1050b781fa","local_time":"20190628125516","is_ascension_mode":true,"campfire_choices":[{"data":"Neutralize","floor":6.0,"key":"SMITH"},{"data":"Bouncing Flask","floor":8.0,"key":"SMITH"},{"data":"Noxious Fumes","floor":13.0,"key":"SMITH"},{"floor":15.0,"key":"REST"},{"data":"Footwork","floor":23.0,"key":"SMITH"},{"data":"Backflip","floor":25.0,"key":"SMITH"},{"data":"Dodge and Roll","floor":28.0,"key":"SMITH"},{"data":"After Image","floor":30.0,"key":"SMITH"},{"data":"Well Laid Plans","floor":32,"key":"SMITH"},{"data":"Escape Plan","floor":40,"key":"SMITH"},{"data":"PiercingWail","floor":46,"key":"SMITH"},{"data":"Leg Sweep","floor":49,"key":"SMITH"}],"neow_cost":"NONE","seed_source_timestamp":0,"circlet_count":0,"master_deck":["AscendersBane","Defend_G","Defend_G","Defend_G","Defend_G","Strike_G+1","Strike_G+1","Survivor","Neutralize+1","Poisoned Stab","Bouncing Flask+1","Noxious Fumes+1","Backflip+1","After Image+1","Footwork+1","Dodge and Roll+1","Escape Plan+1","Well Laid Plans+1","Dodge and Roll+1","PiercingWail+1","Escape Plan+1","Leg Sweep+1","Noxious Fumes","Crippling Poison"],"special_seed":0,"relics":["Ring of the Snake","Dream Catcher","Mummified Hand","Ornamental Fan","Snake Skull","Mercury Hourglass","Coffee Dripper","Whetstone","Sundial","Darkstone Periapt","Cursed Key","Ice Cream","Incense Burner","Thread and Needle","Smiling Mask"],"potions_floor_usage":[35,41,50,50],"damage_taken":[{"damage":1.0,"enemies":"Small Slimes","floor":1.0,"turns":6.0},{"damage":3.0,"enemies":"Cultist","floor":5.0,"turns":5.0},{"damage":44.0,"enemies":"3 Sentries","floor":7.0,"turns":17.0},{"damage":12.0,"enemies":"Lagavulin","floor":10.0,"turns":6.0},{"damage":3.0,"enemies":"Jaw Worm","floor":14.0,"turns":3.0},{"damage":0.0,"enemies":"The Guardian","floor":16.0,"turns":7.0},{"damage":1.0,"enemies":"3 Byrds","floor":18.0,"turns":3.0},{"damage":0.0,"enemies":"Spheric Guardian","floor":22.0,"turns":2.0},{"damage":0.0,"enemies":"Gremlin Leader","floor":24.0,"turns":7.0},{"damage":0.0,"enemies":"Book of Stabbing","floor":27.0,"turns":7.0},{"damage":0.0,"enemies":"Snecko","floor":29.0,"turns":4.0},{"damage":7,"enemies":"Collector","floor":33,"turns":7},{"damage":0,"enemies":"3 Darklings","floor":35,"turns":4},{"damage":19,"enemies":"2 Orb Walkers","floor":36,"turns":6},{"damage":7,"enemies":"3 Shapes","floor":37,"turns":5},{"damage":0,"enemies":"Spire Growth","floor":39,"turns":5},{"damage":3,"enemies":"Nemesis","floor":41,"turns":7},{"damage":0,"enemies":"Sphere and 2 Shapes","floor":42,"turns":5},{"damage":0,"enemies":"Reptomancer","floor":45,"turns":7},{"damage":0,"enemies":"Writhing Mass","floor":48,"turns":6},{"damage":3,"enemies":"Awakened One","floor":50,"turns":16}],"seed_played":"353037257958235356","potions_obtained":[{"floor":7.0,"key":"GamblersBrew"},{"floor":14.0,"key":"Fire Potion"},{"floor":16.0,"key":"Explosive Potion"},{"floor":18.0,"key":"Swift Potion"},{"floor":22.0,"key":"PowerPotion"},{"floor":29.0,"key":"FearPotion"},{"floor":37,"key":"GamblersBrew"},{"floor":39,"key":"EssenceOfSteel"},{"floor":42,"key":"Energy Potion"},{"floor":45,"key":"Poison Potion"}],"is_trial":false,"path_per_floor":["M","?","$","T","M","R","E","R","T","E","$","?","R","M","R","B",null,"M","?","$","?","M","R","E","R","T","E","R","M","R","$","R","B",null,"M","?","M","?","M","R","E","M","T","$","E","R","$","M","R","B",null],"character_chosen":"THE_SILENT","items_purchased":["Noxious Fumes","Footwork","Dodge and Roll","Escape Plan","Well Laid Plans","Leg Sweep","Noxious Fumes"],"campfire_rested":1,"item_purchase_floors":[11,20,20,31,31,47,47],"current_hp_per_floor":[62,62,62,62,59,59,15,15,15,3,3,26,26,23,44,44,64,63,63,63,63,63,63,63,63,63,63,63,63,63,63,63,56,67,67,48,41,41,41,41,38,38,44,44,44,44,44,44,44,41],"gold":42,"neow_bonus":"REMOVE_CARD","is_prod":false,"is_daily":false,"chose_seed":false,"campfire_upgraded":11,"win_rate":0,"timestamp":1561740916,"path_taken":["M","?","?","?","?","R","E","R","T","E","$","?","R","M","R","BOSS","M","?","$","?","?","R","E","R","T","E","R","M","R","?","R","BOSS","M","?","M","?","?","R","E","M","T","$","E","R","$","M","R","BOSS"],"build_version":"2019-01-23","purchased_purges":4,"victory":true,"max_hp_per_floor":[70,70,70,70,70,70,70,70,70,70,70,70,70,70,70,70,70,70,70,70,70,70,70,70,70,70,70,70,70,70,70,70,70,70,70,70,70,70,70,70,70,70,76,76,76,76,76,76,76,76],"card_choices":[{"not_picked":["Slice","Acrobatics","Terror"],"picked":"SKIP","floor":1.0},{"not_picked":["PiercingWail","Deflect"],"picked":"Poisoned Stab","floor":5.0},{"not_picked":["Blade Dance","Riddle With Holes"],"picked":"Bouncing Flask","floor":7.0},{"not_picked":["Prepared","Wraith Form v2","Expertise"],"picked":"SKIP","floor":10.0},{"not_picked":["Prepared","Flying Knee","PiercingWail"],"picked":"SKIP","floor":14.0},{"not_picked":["Leg Sweep","Blade Dance"],"picked":"Backflip","floor":15.0},{"not_picked":["Adrenaline","Malaise"],"picked":"After Image","floor":16.0},{"not_picked":["Quick Slash","Outmaneuver+1","Deflect"],"picked":"SKIP","floor":18.0},{"not_picked":["Cloak And Dagger","Slice+1","Doppelganger"],"picked":"SKIP","floor":22.0},{"not_picked":["Skewer","Deflect","PiercingWail"],"picked":"SKIP","floor":24.0},{"not_picked":["All Out Attack","Sucker Punch","Deadly Poison"],"picked":"SKIP","floor":27.0},{"not_picked":["Bane","Dash","Caltrops"],"picked":"SKIP","floor":29.0},{"not_picked":["Blade Dance+1","Slice"],"picked":"Dodge and Roll","floor":35},{"not_picked":["All Out Attack","Concentrate","Bane+1"],"picked":"SKIP","floor":37},{"not_picked":["Accuracy+1","Outmaneuver+1","Sucker Punch+1"],"picked":"SKIP","floor":39},{"not_picked":["Quick Slash","Blur"],"picked":"PiercingWail","floor":41},{"not_picked":["Dagger Spray","Leg Sweep"],"picked":"Escape Plan+1","floor":42},{"not_picked":["Distraction+1","Deadly Poison+1","PiercingWail"],"picked":"SKIP","floor":45},{"not_picked":["Envenom","Concentrate"],"picked":"Crippling Poison","floor":48}],"player_experience":132755,"relics_obtained":[{"floor":4.0,"key":"Mummified Hand"},{"floor":7.0,"key":"Ornamental Fan"},{"floor":9.0,"key":"Snake Skull"},{"floor":10.0,"key":"Mercury Hourglass"},{"floor":24.0,"key":"Whetstone"},{"floor":26.0,"key":"Sundial"},{"floor":27.0,"key":"Darkstone Periapt"},{"floor":36,"key":"Ice Cream"},{"floor":41,"key":"Incense Burner"},{"floor":43,"key":"Thread and Needle"},{"floor":45,"key":"Smiling Mask"}],"event_choices":[{"damage_healed":0.0,"max_hp_gain":0.0,"max_hp_loss":0.0,"gold_gain":0.0,"event_name":"WeMeetAgain","player_choice":"Paid Gold","floor":2.0,"gold_loss":74.0,"damage_taken":0.0,"relics_obtained":["Dream Catcher"]},{"damage_healed":23.0,"max_hp_gain":0.0,"max_hp_loss":0.0,"gold_gain":0.0,"event_name":"Big Fish","player_choice":"Banana","floor":12.0,"gold_loss":0.0,"damage_taken":0.0},{"damage_healed":0.0,"max_hp_gain":0.0,"max_hp_loss":0.0,"gold_gain":99.0,"event_name":"Nest","player_choice":"Stole From Cult","floor":19.0,"gold_loss":0.0,"damage_taken":0.0},{"damage_healed":0.0,"max_hp_gain":0.0,"max_hp_loss":0.0,"gold_gain":100.0,"event_name":"The Joust","player_choice":"Bet on Murderer","floor":21.0,"gold_loss":50.0,"damage_taken":0.0},{"damage_healed":0,"gold_gain":0,"player_choice":"Fight","damage_taken":0,"max_hp_gain":0,"max_hp_loss":0,"event_name":"Mysterious Sphere","floor":36,"gold_loss":0},{"damage_healed":0,"gold_gain":0,"player_choice":"Forge","damage_taken":0,"max_hp_gain":0,"max_hp_loss":0,"event_name":"Accursed Blacksmith","floor":38,"gold_loss":0,"cards_upgraded":["Dodge and Roll"]}],"is_beta":false,"boss_relics":[{"not_picked":["Eternal Feather","WristBlade"],"picked":"Coffee Dripper"},{"not_picked":["Runic Pyramid","Sozu"],"picked":"Cursed Key"}],"items_purged_floors":[20,31,44,47],"is_endless":false,"potions_floor_spawned":[7,14,16,18,22,29,37,39,42,45],"ascension_level":12}