{"gold_per_floor":[212,192,92,92,119,153,153,173,173,191,191,191,212,226,226,355,355,376,376,376,376,376,376,107,107,107,107,127,148,181,197,197,197],"floor_reached":33,"playtime":2364,"items_purged":["Defend_R","Defend_R"],"score":276,"play_id":"e9af05af-bea6-403a-adc0-edfdff6e3ff1","local_time":"20180727083347","is_ascension_mode":true,"campfire_choices":[{"data":"Iron Wave","floor":7,"key":"SMITH"},{"data":"Headbutt","floor":11,"key":"SMITH"},{"data":"Searing Blow","floor":15,"key":"SMITH"},{"data":"Body Slam","floor":23,"key":"SMITH"},{"data":"Searing Blow+1","floor":25,"key":"SMITH"},{"data":"Immolate","floor":27,"key":"SMITH"},{"floor":32,"key":"REST"}],"neow_cost":"NONE","seed_source_timestamp":2650448019253574,"circlet_count":0,"master_deck":["Strike_R","Strike_R","Strike_R","Strike_R","Defend_R","Defend_R+1","Bash","Iron Wave","Shrug It Off+1","Iron Wave+1","Headbutt+1","Searing Blow+2","Body Slam+1","Immolate+1","Cleave","Shrug It Off","Spot Weakness","Cleave+1","Power Through","Ghostly Armor"],"relics":["Burning Blood","Ancient Tea Set","Paper Frog","Champion Belt","Golden Idol","White Beast Statue","CultistMask","Vajra","War Paint","Ginger"],"potions_floor_usage":[16,29,30,30,31,33],"damage_taken":[{"damage":5,"enemies":"2 Louse","floor":1,"turns":4},{"damage":22,"enemies":"Gremlin Nob","floor":6,"turns":4},{"damage":0,"enemies":"Cultist","floor":8,"turns":3},{"damage":0,"enemies":"Small Slimes","floor":10,"turns":3},{"damage":0,"enemies":"3 Louse","floor":13,"turns":3},{"damage":4,"enemies":"Blue Slaver","floor":14,"turns":4},{"damage":63,"enemies":"The Guardian","floor":16,"turns":11},{"damage":30,"enemies":"Spheric Guardian","floor":18,"turns":6},{"damage":0,"enemies":"Chosen","floor":28,"turns":4},{"damage":22,"enemies":"Snake Plant","floor":29,"turns":5},{"damage":20,"enemies":"Book of Stabbing","floor":30,"turns":5},{"damage":20,"enemies":"Centurion and Healer","floor":31,"turns":3},{"damage":51,"enemies":"Collector","floor":33,"turns":7}],"seed_played":"1340932757663301263","potions_obtained":[{"floor":2,"key":"EssenceOfSteel"},{"floor":6,"key":"Ancient Potion"},{"floor":8,"key":"FearPotion"},{"floor":18,"key":"Fruit Juice"},{"floor":22,"key":"FairyPotion"},{"floor":29,"key":"SpeedPotion"},{"floor":30,"key":"GamblersBrew"},{"floor":31,"key":"FearPotion"}],"is_trial":false,"path_per_floor":["M","?","$","?","T","E","R","M","T","M","R","?","M","M","R","B",null,"M","?","?","?","?","R","$","R","T","R","M","M","E","M","R"],"character_chosen":"IRONCLAD","items_purchased":["Shrug It Off","Vajra","Shrug It Off"],"campfire_rested":1,"item_purchase_floors":[3,24,24],"current_hp_per_floor":[80,80,80,85,85,69,69,75,75,81,81,60,66,68,68,11,85,61,61,61,61,61,61,61,61,61,61,67,56,42,28,55,4],"gold":197,"neow_bonus":"HUNDRED_GOLD","is_prod":false,"is_daily":false,"chose_seed":false,"campfire_upgraded":6,"win_rate":0,"timestamp":1532698427,"path_taken":["M","?","$","?","?","E","R","?","T","M","R","?","?","M","R","BOSS","M","?","?","?","?","R","?","R","T","R","?","M","E","M","R","BOSS"],"build_version":"2018-07-26","purchased_purges":2,"victory":false,"max_hp_per_floor":[80,80,80,85,85,85,85,85,85,85,85,85,85,85,85,85,85,85,85,85,85,85,85,85,85,85,85,85,90,90,90,90,90],"card_choices":[{"not_picked":["Sever Soul","Sword Boomerang"],"picked":"Iron Wave","floor":1},{"not_picked":["Cleave","Searing Blow"],"picked":"Iron Wave","floor":6},{"not_picked":["Anger","Havoc"],"picked":"Headbutt","floor":8},{"not_picked":["Shockwave","Wild Strike","Sword Boomerang"],"picked":"SKIP","floor":10},{"not_picked":["Anger","Juggernaut"],"picked":"Searing Blow","floor":13},{"not_picked":["True Grit","Fire Breathing"],"picked":"Body Slam","floor":14},{"not_picked":["Barricade","Juggernaut"],"picked":"Immolate","floor":16},{"not_picked":["Perfected Strike","Sever Soul+1"],"picked":"Cleave","floor":18},{"not_picked":["True Grit","Heavy Blade"],"picked":"Spot Weakness","floor":28},{"not_picked":["Flex","Body Slam"],"picked":"Cleave+1","floor":29},{"not_picked":["Double Tap","Entrench"],"picked":"Power Through","floor":30},{"not_picked":["Heavy Blade","Sentinel+1"],"picked":"Ghostly Armor","floor":31}],"player_experience":348710,"relics_obtained":[{"floor":5,"key":"Ancient Tea Set"},{"floor":6,"key":"Paper Frog"},{"floor":9,"key":"Champion Belt"},{"floor":26,"key":"War Paint"},{"floor":30,"key":"Ginger"}],"event_choices":[{"event_name":"The Woman in Blue","player_choice":"Bought 1 Potion","floor":2,"damage_taken":0},{"event_name":"Big Fish","player_choice":"Donut","floor":4,"damage_taken":0},{"event_name":"Golden Idol","player_choice":"Take Damage","floor":12,"damage_taken":0},{"event_name":"FaceTrader","player_choice":"Trade","floor":19,"damage_taken":0},{"event_name":"Drug Dealer","player_choice":"Ignored","floor":20,"damage_taken":0},{"event_name":"Bonfire Elementals","player_choice":"BASIC","floor":21,"damage_taken":0},{"event_name":"The Lab","player_choice":"Got Potions","floor":22,"damage_taken":0}],"is_beta":false,"boss_relics":[{"not_picked":["Fusion Hammer","Calling Bell"],"picked":"White Beast Statue"}],"items_purged_floors":[3,24],"is_endless":false,"potions_floor_spawned":[6,8,13,18,28,29,30,31],"killed_by":"Collector","ascension_level":1}