{"gold_per_floor":[117,136,136,146,146,146,157,157,157,157,190,190,190],"floor_reached":13,"playtime":1191,"items_purged":[],"score":145,"play_id":"b9f4ec36-15e9-4bc3-80f5-1b412df42ae1","local_time":"20190626112009","is_ascension_mode":true,"campfire_choices":[{"data":"Cloak And Dagger","floor":6,"key":"SMITH"},{"data":"Neutralize","floor":10,"key":"SMITH"}],"neow_cost":"NONE","seed_source_timestamp":788871854009252,"circlet_count":0,"master_deck":["AscendersBane","Defend_G","Defend_G","Defend_G","Defend_G","Strike_G","Strike_G","Strike_G","Strike_G","Survivor","Neutralize+1","Leg Sweep+1","Backflip","Cloak And Dagger+1","Backflip","Expertise"],"relics":["Ring of the Snake","Sundial","Smiling Mask"],"potions_floor_usage":[],"damage_taken":[{"damage":2,"enemies":"Small Slimes","floor":1,"turns":4},{"damage":3,"enemies":"Cultist","floor":2,"turns":6},{"damage":0,"enemies":"Jaw Worm","floor":4,"turns":6},{"damage":0,"enemies":"Blue Slaver","floor":7,"turns":6},{"damage":12,"enemies":"3 Sentries","floor":11,"turns":16},{"damage":55,"enemies":"Gremlin Nob","floor":13,"turns":8}],"seed_played":"-72010819278448736","potions_obtained":[{"floor":1,"key":"FearPotion"},{"floor":11,"key":"Weak Potion"}],"is_trial":false,"path_per_floor":["M","M","?","M","?","R","M","?","T","R","E","?","E"],"character_chosen":"THE_SILENT","items_purchased":[],"campfire_rested":0,"item_purchase_floors":[],"current_hp_per_floor":[63,60,60,60,60,60,60,53,53,53,41,65,10],"gold":190,"neow_bonus":"TEN_PERCENT_HP_BONUS","is_prod":false,"is_daily":false,"chose_seed":false,"campfire_upgraded":2,"win_rate":0,"timestamp":1561566009,"path_taken":["M","M","?","?","?","R","M","?","T","R","E","?","E"],"build_version":"2019-01-23","purchased_purges":0,"victory":false,"max_hp_per_floor":[72,72,72,72,72,72,72,72,72,72,72,72,72],"card_choices":[{"not_picked":["All Out Attack","Outmaneuver"],"picked":"Leg Sweep","floor":1},{"not_picked":["Sucker Punch","Acrobatics"],"picked":"Backflip","floor":2},{"not_picked":["Outmaneuver","PiercingWail"],"picked":"Cloak And Dagger","floor":4},{"not_picked":["Deadly Poison","Finisher"],"picked":"Backflip","floor":7},{"not_picked":["Distraction","Underhanded Strike"],"picked":"Expertise","floor":11}],"player_experience":1489704,"relics_obtained":[{"floor":9,"key":"Sundial"},{"floor":11,"key":"Smiling Mask"}],"event_choices":[{"cards_removed":["Strike_G"],"damage_healed":0,"gold_gain":0,"player_choice":"Card Removal","damage_taken":0,"max_hp_gain":0,"max_hp_loss":0,"event_name":"Wheel of Change","floor":3,"gold_loss":0},{"damage_healed":0,"gold_gain":0,"player_choice":"Grow","damage_taken":0,"max_hp_gain":0,"max_hp_loss":0,"event_name":"Living Wall","floor":5,"gold_loss":0,"cards_upgraded":["Leg Sweep"]},{"cards_removed":["Defend_G"],"damage_healed":0,"gold_gain":0,"player_choice":"Card Removal","damage_taken":7,"max_hp_gain":0,"max_hp_loss":0,"event_name":"Golden Wing","floor":8,"gold_loss":0},{"damage_healed":24,"gold_gain":0,"player_choice":"Banana","damage_taken":0,"max_hp_gain":0,"max_hp_loss":0,"event_name":"Big Fish","floor":12,"gold_loss":0}],"is_beta":false,"boss_relics":[],"items_purged_floors":[],"is_endless":false,"potions_floor_spawned":[1,11],"killed_by":"Gremlin Nob","ascension_level":15}