{"gold_per_floor":[110,110,29,46,58,58,8,8,8,8,33,51,81,113,113,210,210,221,241,252,252,351,351,351,351,426,366,366,381,411,31,31,128,128,148,161,161,161,0,0,34,34,61,80,110,122,22,22,22,22],"floor_reached":51,"playtime":4142,"items_purged":["Strike_R","Strike_R"],"score":1235,"play_id":"feaa674b-94d0-4c0b-82b0-bfb91fac6e2a","local_time":"20190703154557","is_ascension_mode":true,"campfire_choices":[{"data":"Battle Trance","floor":6.0,"key":"SMITH"},{"data":"Bash","floor":8.0,"key":"SMITH"},{"data":"Offering","floor":10.0,"key":"SMITH"},{"data":"Whirlwind","floor":15.0,"key":"SMITH"},{"data":"Inflame","floor":23.0,"key":"SMITH"},{"data":"Armaments","floor":25.0,"key":"SMITH"},{"data":"Limit Break","floor":28.0,"key":"SMITH"},{"data":"Flame Barrier","floor":32.0,"key":"SMITH"},{"data":"Double Tap","floor":40.0,"key":"SMITH"},{"data":"Heavy Blade","floor":42.0,"key":"SMITH"},{"data":"Madness","floor":49,"key":"SMITH"}],"neow_cost":"NONE","seed_source_timestamp":0,"circlet_count":0,"master_deck":["Defend_R+1","Defend_R","Defend_R+1","Defend_R","Bash+1","Blind+1","Offering+1","Battle Trance+1","Cleave","Armaments+1","Flame Barrier+1","Inflame+1","Whirlwind+1","Reaper","True Grit+1","Shrug It Off","Necronomicurse","Limit Break+1","Carnage","Shrug It Off","Double Tap+1","Heavy Blade+1","Madness+1","Madness","Secret Technique","Madness","Flash of Steel","Feel No Pain+1"],"special_seed":0,"relics":["Burning Blood","Dodecahedron","War Paint","Odd Mushroom","Centennial Puzzle","Philosopher\u0027s Stone","MutagenicStrength","Necronomicon","Ornamental Fan","Darkstone Periapt","Thread and Needle","Mark of Pain","Red Mask","Peace Pipe","Regal Pillow","Dream Catcher"],"potions_floor_usage":[50,50],"damage_taken":[{"damage":12.0,"enemies":"Small Slimes","floor":1.0,"turns":4.0},{"damage":2.0,"enemies":"Cultist","floor":4.0,"turns":5.0},{"damage":0.0,"enemies":"2 Louse","floor":5.0,"turns":2.0},{"damage":6.0,"enemies":"Gremlin Nob","floor":11.0,"turns":2.0},{"damage":0.0,"enemies":"2 Fungi Beasts","floor":12.0,"turns":4.0},{"damage":6.0,"enemies":"The Mushroom Lair","floor":13.0,"turns":2.0},{"damage":7.0,"enemies":"Lagavulin","floor":14.0,"turns":6.0},{"damage":16.0,"enemies":"Slime Boss","floor":16.0,"turns":8.0},{"damage":5.0,"enemies":"Shell Parasite","floor":18.0,"turns":4.0},{"damage":6.0,"enemies":"Chosen","floor":19.0,"turns":5.0},{"damage":7.0,"enemies":"Snecko","floor":20.0,"turns":6.0},{"damage":6.0,"enemies":"3 Cultists","floor":29.0,"turns":2.0},{"damage":17.0,"enemies":"Slavers","floor":30.0,"turns":3.0},{"damage":6.0,"enemies":"Collector","floor":33.0,"turns":4.0},{"damage":0.0,"enemies":"Orb Walker","floor":35.0,"turns":2.0},{"damage":8.0,"enemies":"3 Shapes","floor":36.0,"turns":3.0},{"damage":6.0,"enemies":"Reptomancer","floor":41.0,"turns":2.0},{"damage":0.0,"enemies":"Jaw Worm Horde","floor":44.0,"turns":2.0},{"damage":6.0,"enemies":"Giant Head","floor":45.0,"turns":5.0},{"damage":30.0,"enemies":"Sphere and 2 Shapes","floor":46.0,"turns":5.0},{"damage":0,"enemies":"Donu and Deca","floor":50,"turns":1}],"seed_played":"193934924965914386","potions_obtained":[{"floor":11.0,"key":"SkillPotion"},{"floor":12.0,"key":"SpeedPotion"},{"floor":14.0,"key":"SteroidPotion"},{"floor":16.0,"key":"Energy Potion"},{"floor":18.0,"key":"SteroidPotion"},{"floor":33.0,"key":"Block Potion"},{"floor":41.0,"key":"Strength Potion"}],"is_trial":false,"path_per_floor":["M","?","$","M","M","R","?","R","T","R","E","M","?","E","R","B",null,"M","M","M","?","?","R","?","R","T","?","R","M","E","$","R","B",null,"M","M","?","?","?","R","E","R","T","M","E","M","$","?","R","B",null],"character_chosen":"IRONCLAD","items_purchased":["Offering","Thread and Needle"],"campfire_rested":0,"item_purchase_floors":[3,31],"current_hp_per_floor":[74,74,74,78,80,80,80,80,80,80,80,80,80,79,79,69,80,80,80,80,80,80,80,64,64,64,64,64,80,80,80,80,80,80,80,80,70,60,60,60,60,60,60,80,80,80,80,80,80,80],"gold":22,"neow_bonus":"RANDOM_COLORLESS","is_prod":false,"is_daily":false,"chose_seed":false,"campfire_upgraded":11,"win_rate":0,"timestamp":1562183157,"path_taken":["M","?","$","M","?","R","?","R","T","R","E","M","?","E","R","BOSS","M","M","M","?","?","R","?","R","T","?","R","?","E","$","R","BOSS","M","M","?","?","?","R","E","R","T","M","E","?","$","?","R","BOSS"],"build_version":"2019-07-01","purchased_purges":2,"victory":true,"max_hp_per_floor":[80,80,80,80,80,80,80,80,80,80,80,80,80,80,80,80,80,80,80,80,80,80,80,80,80,80,80,80,80,80,80,80,80,80,80,80,80,80,80,80,80,80,80,80,80,80,80,80,80,80],"card_choices":[{"not_picked":["Havoc","Dual Wield","Anger"],"picked":"SKIP","floor":1.0},{"not_picked":["Armaments","Reckless Charge"],"picked":"Battle Trance","floor":4.0},{"not_picked":["Body Slam","True Grit"],"picked":"Cleave","floor":5.0},{"not_picked":["Pummel","Battle Trance"],"picked":"Armaments","floor":11.0},{"not_picked":["Sword Boomerang","Perfected Strike"],"picked":"Flame Barrier","floor":12.0},{"not_picked":["Havoc","Dark Embrace"],"picked":"Inflame","floor":13.0},{"not_picked":["Blood for Blood","Shrug It Off"],"picked":"Whirlwind","floor":14.0},{"not_picked":["Feed","Exhume"],"picked":"Reaper","floor":16.0},{"not_picked":["Wild Strike","Clothesline","Armaments+1"],"picked":"SKIP","floor":18.0},{"not_picked":["Flame Barrier","Wild Strike"],"picked":"True Grit+1","floor":19.0},{"not_picked":["Clothesline","Heavy Blade"],"picked":"Shrug It Off","floor":20.0},{"not_picked":["Battle Trance","Armaments"],"picked":"Shrug It Off","floor":29.0},{"not_picked":["True Grit","Thunderclap","Carnage"],"picked":"SKIP","floor":30.0},{"not_picked":["Fiend Fire","Juggernaut"],"picked":"Double Tap","floor":33.0},{"not_picked":["Flame Barrier+1","Power Through+1"],"picked":"Heavy Blade","floor":35.0},{"not_picked":["Pommel Strike","Cleave","True Grit"],"picked":"SKIP","floor":36.0},{"not_picked":["Swift Strike","Dramatic Entrance"],"picked":"Secret Technique","floor":38.0},{"not_picked":["Panacea","Discovery"],"picked":"Madness","floor":38.0},{"not_picked":["Good Instincts","Magnetism"],"picked":"Flash of Steel","floor":38.0},{"not_picked":["Carnage+1","Clash+1"],"picked":"Feel No Pain+1","floor":41.0},{"not_picked":["Pummel+1","Havoc+1","Combust+1"],"picked":"SKIP","floor":44.0},{"not_picked":["Carnage","Flex","Flame Barrier"],"picked":"SKIP","floor":45.0},{"not_picked":["Infernal Blade","Cleave","Anger"],"picked":"SKIP","floor":46.0}],"player_experience":219439,"relics_obtained":[{"floor":9.0,"key":"Dodecahedron"},{"floor":11.0,"key":"War Paint"},{"floor":13.0,"key":"Odd Mushroom"},{"floor":14.0,"key":"Centennial Puzzle"},{"floor":24.0,"key":"Necronomicon"},{"floor":26.0,"key":"Ornamental Fan"},{"floor":30.0,"key":"Darkstone Periapt"},{"floor":41.0,"key":"Peace Pipe"},{"floor":43.0,"key":"Regal Pillow"},{"floor":45.0,"key":"Dream Catcher"}],"event_choices":[{"damage_healed":0.0,"max_hp_gain":0.0,"max_hp_loss":0.0,"gold_gain":0.0,"event_name":"Accursed Blacksmith","player_choice":"Forge","floor":2.0,"gold_loss":0.0,"damage_taken":0.0,"cards_upgraded":["Blind"]},{"cards_removed":["Strike_R"],"damage_healed":0.0,"max_hp_gain":0.0,"max_hp_loss":0.0,"gold_gain":0.0,"event_name":"The Cleric","player_choice":"Card Removal","floor":7.0,"gold_loss":50.0,"damage_taken":0.0},{"damage_healed":0.0,"max_hp_gain":0.0,"max_hp_loss":0.0,"gold_gain":0.0,"event_name":"Mushrooms","player_choice":"Fought Mushrooms","floor":13.0,"gold_loss":0.0,"damage_taken":0.0},{"damage_healed":0.0,"max_hp_gain":0.0,"max_hp_loss":0.0,"gold_gain":0.0,"event_name":"Drug Dealer","player_choice":"Inject Mutagens","floor":21.0,"gold_loss":0.0,"damage_taken":0.0,"relics_obtained":["MutagenicStrength"]},{"damage_healed":0.0,"max_hp_gain":0.0,"max_hp_loss":0.0,"gold_gain":99.0,"event_name":"Nest","player_choice":"Stole From Cult","floor":22.0,"gold_loss":0.0,"damage_taken":0.0},{"damage_healed":0.0,"max_hp_gain":0.0,"max_hp_loss":0.0,"gold_gain":0.0,"event_name":"Cursed Tome","player_choice":"Obtained Book","floor":24.0,"gold_loss":0.0,"damage_taken":16.0},{"damage_healed":0.0,"max_hp_gain":0.0,"max_hp_loss":0.0,"gold_gain":0.0,"cards_transformed":["Strike_R","Strike_R"],"event_name":"Designer","player_choice":"Transformed Cards","floor":27.0,"gold_loss":60.0,"damage_taken":0.0,"cards_obtained":["Limit Break","Carnage"]},{"damage_healed":0.0,"max_hp_gain":0.0,"max_hp_loss":0.0,"gold_gain":0.0,"event_name":"Winding Halls","player_choice":"Embrace Madness","floor":37.0,"gold_loss":0.0,"damage_taken":10.0,"cards_obtained":["Madness","Madness"]},{"damage_healed":0.0,"max_hp_gain":0.0,"max_hp_loss":0.0,"gold_gain":0.0,"event_name":"SensoryStone","player_choice":"Memory 3","floor":38.0,"gold_loss":0.0,"damage_taken":10.0},{"damage_healed":0.0,"max_hp_gain":0.0,"max_hp_loss":0.0,"gold_gain":0.0,"event_name":"Tomb of Lord Red Mask","player_choice":"Paid","floor":39.0,"gold_loss":161.0,"damage_taken":0.0,"relics_obtained":["Red Mask"]},{"damage_healed":0,"gold_gain":0,"player_choice":"Leave","damage_taken":0,"max_hp_gain":0,"max_hp_loss":0,"event_name":"FaceTrader","floor":48,"gold_loss":0}],"is_beta":false,"boss_relics":[{"not_picked":["Black Blood","Ectoplasm"],"picked":"Philosopher\u0027s Stone"},{"not_picked":["Tiny House","Eternal Feather"],"picked":"Mark of Pain"}],"items_purged_floors":[31,47],"is_endless":false,"potions_floor_spawned":[11,12,14,16,18,33,36,41,46],"ascension_level":4}