{"gold_per_floor":[12,25,25,40,115,115,125,144,169,181,106,106,125,137,137,137],"floor_reached":16,"playtime":2679,"items_purged":["Defend_R"],"score":96,"play_id":"3b2d1c03-ec3c-4660-9a22-400045a75351","local_time":"20180628093636","is_ascension_mode":false,"campfire_choices":[{"data":"Body Slam","floor":6,"key":"SMITH"},{"data":"Shrug It Off","floor":12,"key":"SMITH"},{"data":"Fiend Fire","floor":15,"key":"SMITH"}],"neow_cost":"NO_GOLD","seed_source_timestamp":148133869785020,"circlet_count":0,"master_deck":["Strike_R","Strike_R","Strike_R","Strike_R","Defend_R","Defend_R","Bash","Shrug It Off+1","Pommel Strike","Body Slam+1","Ghostly Armor","Fiend Fire+1","Power Through"],"relics":["Burning Blood","Orichalcum"],"potions_floor_usage":[8,16],"damage_taken":[{"damage":6,"enemies":"Jaw Worm","floor":1,"turns":3},{"damage":0,"enemies":"2 Louse","floor":2,"turns":3},{"damage":0,"enemies":"Small Slimes","floor":4,"turns":3},{"damage":0,"enemies":"Blue Slaver","floor":7,"turns":5},{"damage":12,"enemies":"Large Slime","floor":8,"turns":6},{"damage":2,"enemies":"Gremlin Gang","floor":10,"turns":6},{"damage":0,"enemies":"Blue Slaver","floor":13,"turns":2},{"damage":0,"enemies":"3 Louse","floor":14,"turns":3},{"damage":92,"enemies":"Hexaghost","floor":16,"turns":15}],"seed_played":"-3167674380492464320","potions_obtained":[{"floor":1,"key":"BloodPotion"},{"floor":7,"key":"LiquidBronze"},{"floor":10,"key":"Regen Potion"},{"floor":13,"key":"FearPotion"},{"floor":14,"key":"Energy Potion"}],"is_trial":false,"path_per_floor":["M","M","?","M","?","R","M","M","T","M","$","R","M","M","R"],"character_chosen":"IRONCLAD","items_purchased":[],"campfire_rested":0,"item_purchase_floors":[],"current_hp_per_floor":[80,80,85,85,74,74,80,82,82,85,85,85,85,85,85,0],"gold":137,"neow_bonus":"REMOVE_TWO","is_prod":false,"is_daily":false,"chose_seed":false,"campfire_upgraded":3,"win_rate":0.0,"timestamp":1530196596,"path_taken":["M","M","?","M","?","R","M","M","T","M","$","R","M","M","R","BOSS"],"build_version":"2018-06-21v2","purchased_purges":1,"victory":false,"max_hp_per_floor":[80,80,85,85,85,85,85,85,85,85,85,85,85,85,85,85],"card_choices":[{"not_picked":["Second Wind","Pommel Strike"],"picked":"Shrug It Off","floor":1},{"not_picked":["Perfected Strike","Armaments"],"picked":"Pommel Strike","floor":2},{"not_picked":["Inflame","Clothesline"],"picked":"Body Slam","floor":4},{"not_picked":["Shockwave","Havoc"],"picked":"Ghostly Armor","floor":7},{"not_picked":["Heavy Blade","Perfected Strike"],"picked":"Fiend Fire","floor":8},{"not_picked":["Sever Soul","Rupture","True Grit"],"picked":"SKIP","floor":10},{"not_picked":["Armaments","True Grit"],"picked":"Power Through","floor":13},{"not_picked":["Power Through","Sentinel","Feel No Pain"],"picked":"SKIP","floor":14}],"player_experience":56786,"relics_obtained":[{"floor":9,"key":"Orichalcum"}],"event_choices":[{"event_name":"Big Fish","player_choice":"Donut","floor":3,"damage_taken":0},{"event_name":"World of Goop","player_choice":"Gather Gold","floor":5,"damage_taken":0}],"boss_relics":[],"items_purged_floors":[11],"is_endless":false,"potions_floor_spawned":[1,7,10,13,14],"killed_by":"Hexaghost","ascension_level":0}