{"gold_per_floor":[115,126,144,29,39,68,86,97,97,97,97,97,110,210,210,309,309,320,367,367,45,65,65,83,83,161,193,96,115,147,163,163,260,260,272,38,38,38,38,38,57,73,73,85,95,110,110,128,128,128,128,128,51,51],"floor_reached":54,"playtime":3626,"items_purged":["Strike_R","Defend_R"],"score":708,"play_id":"b1d608fc-edb1-48ad-a020-04150161c1db","local_time":"20181204075855","is_ascension_mode":false,"campfire_choices":[{"data":"Thunderclap","floor":12.0,"key":"SMITH"},{"data":"Headbutt","floor":15.0,"key":"SMITH"},{"data":"Power Through","floor":23.0,"key":"SMITH"},{"floor":32.0,"key":"REST"},{"floor":40.0,"key":"RECALL"},{"floor":47.0,"key":"REST"},{"floor":49.0,"key":"REST"},{"data":"Limit Break","floor":52.0,"key":"SMITH"}],"neow_cost":"NONE","seed_source_timestamp":0,"circlet_count":0,"master_deck":["Defend_R+1","Defend_R+1","Bash","Pommel Strike","Thunderclap+1","Twin Strike","Rampage+1","Power Through+1","Shrug It Off","Iron Wave","Headbutt+1","Iron Wave","Bite","Bite","Bite","Bite","Bite","Inflame+1","Headbutt","Metallicize+1","Juggernaut+1","Limit Break+1","Exhume+1","Evolve+1","Anger+1","Inflame+1","Inflame+1","Madness","Madness","Sword Boomerang+1","Sword Boomerang+1","Pommel Strike","Uppercut+1","Headbutt+1","Metallicize+1","Metallicize+1"],"special_seed":0,"relics":["Burning Blood","Frozen Egg 2","Torii","Mark of Pain","War Paint","Mercury Hourglass","Du-Vu Doll","FossilizedHelix","Astrolabe","Vajra","Kunai"],"potions_floor_usage":[],"damage_taken":[{"damage":5.0,"enemies":"Cultist","floor":1.0,"turns":4.0},{"damage":8.0,"enemies":"Small Slimes","floor":2.0,"turns":4.0},{"damage":5.0,"enemies":"Jaw Worm","floor":3.0,"turns":4.0},{"damage":6.0,"enemies":"Exordium Wildlife","floor":5.0,"turns":3.0},{"damage":36.0,"enemies":"Lagavulin","floor":6.0,"turns":6.0},{"damage":14.0,"enemies":"Large Slime","floor":7.0,"turns":5.0},{"damage":0.0,"enemies":"2 Fungi Beasts","floor":8.0,"turns":3.0},{"damage":2.0,"enemies":"Blue Slaver","floor":13.0,"turns":3.0},{"damage":22.0,"enemies":"Hexaghost","floor":16.0,"turns":10.0},{"damage":3.0,"enemies":"Chosen","floor":18.0,"turns":4.0},{"damage":2.0,"enemies":"Spheric Guardian","floor":22.0,"turns":4.0},{"damage":4.0,"enemies":"Chosen and Byrds","floor":24.0,"turns":6.0},{"damage":22.0,"enemies":"Book of Stabbing","floor":27.0,"turns":5.0},{"damage":1.0,"enemies":"3 Cultists","floor":29.0,"turns":3.0},{"damage":46.0,"enemies":"Gremlin Leader","floor":30.0,"turns":6.0},{"damage":0.0,"enemies":"Snecko","floor":31.0,"turns":4.0},{"damage":40.0,"enemies":"Champ","floor":33.0,"turns":10.0},{"damage":0.0,"enemies":"3 Shapes","floor":35.0,"turns":4.0},{"damage":12.0,"enemies":"Orb Walker","floor":41.0,"turns":3.0},{"damage":8.0,"enemies":"4 Shapes","floor":42.0,"turns":5.0},{"damage":28.0,"enemies":"Spire Growth","floor":44.0,"turns":3.0},{"damage":11.0,"enemies":"Jaw Worm Horde","floor":45.0,"turns":3.0},{"damage":32.0,"enemies":"Writhing Mass","floor":46.0,"turns":4.0},{"damage":14.0,"enemies":"3 Darklings","floor":48.0,"turns":3.0},{"damage":60.0,"enemies":"Donu and Deca","floor":50.0,"turns":7.0},{"damage":35,"enemies":"Shield and Spear","floor":54,"turns":3}],"seed_played":"6762864125987120796","potions_obtained":[{"floor":6.0,"key":"SpeedPotion"},{"floor":7.0,"key":"GamblersBrew"},{"floor":8.0,"key":"PowerPotion"},{"floor":18.0,"key":"Strength Potion"},{"floor":27.0,"key":"AttackPotion"},{"floor":30.0,"key":"PowerPotion"},{"floor":31.0,"key":"AttackPotion"},{"floor":41.0,"key":"Weak Potion"},{"floor":44.0,"key":"AttackPotion"},{"floor":46.0,"key":"BloodPotion"},{"floor":48.0,"key":"Regen Potion"}],"is_trial":false,"path_per_floor":["M","M","M","$","M","E","M","M","T","?","$","R","M","?","R","B",null,"M","T","?","$","M","R","M","?","T","E","$","M","E","M","R","B",null,"M","$","?","?","$","R","M","M","T","M","M","M","R","M","R","B",null,"R","$","E"],"character_chosen":"IRONCLAD","items_purchased":["Rampage","War Paint","Inflame+1","Fruit Juice","Vajra","Inflame+1","Metallicize+1"],"campfire_rested":3,"item_purchase_floors":[4,21,21,28,36,36,53],"current_hp_per_floor":[88,86,87,87,87,57,49,55,55,55,55,55,59,59,59,43,88,88,88,61,61,61,61,61,51,51,43,43,59,27,39,60,42,71,71,71,71,62,62,62,64,66,66,50,49,23,44,36,57,31,71,71,71,37],"gold":51,"neow_bonus":"TEN_PERCENT_HP_BONUS","is_prod":false,"is_daily":false,"chose_seed":false,"campfire_upgraded":4,"win_rate":0,"timestamp":1543931935,"path_taken":["M","M","?","$","M","E","M","M","T","?","?","R","M","?","R","BOSS","M","?","?","$","M","R","?","?","T","E","$","M","E","M","R","BOSS","M","$","?","?","?","R","M","M","T","M","M","M","R","M","R","BOSS","R","$","E"],"build_version":"2018-11-15","purchased_purges":2,"victory":false,"max_hp_per_floor":[88,88,88,88,88,88,88,88,88,88,88,88,88,88,88,88,88,88,88,61,61,61,61,61,66,66,66,66,71,71,71,71,71,71,71,71,71,71,71,71,71,71,71,71,71,71,71,71,71,71,71,71,71,71],"card_choices":[{"not_picked":["Sword Boomerang","Shockwave"],"picked":"Pommel Strike","floor":1.0},{"not_picked":["Havoc","Flex"],"picked":"Thunderclap","floor":2.0},{"not_picked":["Feel No Pain","Headbutt"],"picked":"Twin Strike","floor":3.0},{"not_picked":["Flex","Pummel"],"picked":"Cleave","floor":5.0},{"not_picked":["Exhume","True Grit"],"picked":"Power Through","floor":6.0},{"not_picked":["Body Slam","Heavy Blade"],"picked":"Shrug It Off","floor":7.0},{"not_picked":["Hemokinesis","Whirlwind"],"picked":"Iron Wave","floor":8.0},{"not_picked":["Warcry","Berserk+1"],"picked":"Headbutt","floor":13.0},{"not_picked":["Heavy Blade+1","Twin Strike"],"picked":"Iron Wave","floor":18.0},{"not_picked":["Power Through","Rupture+1"],"picked":"Headbutt","floor":22.0},{"not_picked":["True Grit","Sentinel"],"picked":"Shrug It Off","floor":24.0},{"not_picked":["Clothesline","Berserk+1","Sword Boomerang"],"picked":"SKIP","floor":27.0},{"not_picked":["Infernal Blade","Ghostly Armor+1"],"picked":"Metallicize+1","floor":29.0},{"not_picked":["Combust+1","Bludgeon"],"picked":"Juggernaut+1","floor":30.0},{"not_picked":["Searing Blow","Sword Boomerang"],"picked":"Cleave","floor":31.0},{"not_picked":["Reaper","Barricade+1"],"picked":"Limit Break","floor":33.0},{"not_picked":["Pummel","Sentinel"],"picked":"Inflame+1","floor":35.0},{"not_picked":["Havoc","Clash"],"picked":"Sword Boomerang+1","floor":41.0},{"not_picked":["Perfected Strike","Iron Wave"],"picked":"Sword Boomerang+1","floor":42.0},{"not_picked":["Perfected Strike+1","Whirlwind"],"picked":"Pommel Strike","floor":44.0},{"not_picked":["Infernal Blade","Feed"],"picked":"Uppercut+1","floor":45.0},{"not_picked":["Cleave","Thunderclap"],"picked":"Headbutt+1","floor":46.0},{"not_picked":["Sword Boomerang","Havoc+1"],"picked":"Metallicize+1","floor":48.0}],"player_experience":1078711,"relics_obtained":[{"floor":6.0,"key":"Frozen Egg 2"},{"floor":9.0,"key":"Torii"},{"floor":26.0,"key":"Mercury Hourglass"},{"floor":27.0,"key":"Du-Vu Doll"},{"floor":30.0,"key":"FossilizedHelix"},{"floor":43.0,"key":"Kunai"}],"event_choices":[{"damage_healed":0.0,"max_hp_gain":0.0,"max_hp_loss":0.0,"gold_gain":0.0,"event_name":"Accursed Blacksmith","player_choice":"Forge","floor":10.0,"gold_loss":0.0,"damage_taken":0.0,"cards_upgraded":["Rampage"]},{"damage_healed":0.0,"max_hp_gain":0.0,"max_hp_loss":0.0,"gold_gain":100.0,"event_name":"Golden Shrine","player_choice":"Pray","floor":14.0,"gold_loss":0.0,"damage_taken":0.0},{"damage_healed":0.0,"max_hp_gain":0.0,"max_hp_loss":27.0,"gold_gain":0.0,"event_name":"Vampires","player_choice":"Became a vampire","floor":20.0,"gold_loss":0.0,"damage_taken":0.0,"cards_obtained":["Bite","Bite","Bite","Bite","Bite"]},{"damage_healed":0.0,"max_hp_gain":5.0,"max_hp_loss":0.0,"gold_gain":0.0,"event_name":"Forgotten Altar","player_choice":"Shed Blood","floor":25.0,"gold_loss":0.0,"damage_taken":15.0},{"cards_removed":["Shrug It Off"],"damage_healed":0.0,"max_hp_gain":0.0,"max_hp_loss":0.0,"gold_gain":0.0,"event_name":"Falling","player_choice":"Removed Skill","floor":37.0,"gold_loss":0.0,"damage_taken":0.0},{"damage_healed":0.0,"max_hp_gain":0.0,"max_hp_loss":0.0,"gold_gain":0.0,"event_name":"Winding Halls","player_choice":"Embrace Madness","floor":38.0,"gold_loss":0.0,"damage_taken":9.0,"cards_obtained":["Madness","Madness"]}],"is_beta":false,"boss_relics":[{"not_picked":["Snecko Eye","Black Blood"],"picked":"Mark of Pain"},{"not_picked":["Philosopher\u0027s Stone","Velvet Choker"],"picked":"Astrolabe"}],"items_purged_floors":[4,21],"is_endless":false,"potions_floor_spawned":[6,7,8,18,27,30,31,41,44,46,48],"killed_by":"Shield and Spear","ascension_level":0}