{"gold_per_floor":[213,223,233,248,248,248,262,279,279,279,279,279,199,199,199,297,297,309,309,309,322,24,24],"floor_reached":23,"playtime":1042,"items_purged":[],"score":181,"play_id":"6b7cc10c-75f1-49c4-9e52-18b474efe4d8","local_time":"20190609132400","is_ascension_mode":false,"campfire_choices":[{"data":"Zap","floor":6.0,"key":"SMITH"},{"data":"Chaos","floor":10.0,"key":"SMITH"},{"data":"Chaos","floor":15.0,"key":"SMITH"}],"neow_cost":"NONE","seed_source_timestamp":0,"circlet_count":0,"master_deck":["Strike_B","Strike_B","Strike_B","Defend_B","Defend_B","Defend_B+1","Defend_B","Zap+1","Dualcast+1","Capacitor","Chaos+1","Ball Lightning","Doom and Gloom+1","Ball Lightning","Chaos+1","Electrodynamics","Shame","Conserve Battery"],"special_seed":0,"relics":["Cracked Core","Happy Flower","Inserter","Meat on the Bone","Thread and Needle"],"potions_floor_usage":[],"damage_taken":[{"damage":0.0,"enemies":"2 Louse","floor":1.0,"turns":2.0},{"damage":1.0,"enemies":"Cultist","floor":2.0,"turns":3.0},{"damage":3.0,"enemies":"Jaw Worm","floor":3.0,"turns":4.0},{"damage":6.0,"enemies":"Blue Slaver","floor":4.0,"turns":4.0},{"damage":4.0,"enemies":"3 Louse","floor":7.0,"turns":4.0},{"damage":0.0,"enemies":"Large Slime","floor":8.0,"turns":3.0},{"damage":26.0,"enemies":"Hexaghost","floor":16.0,"turns":7.0},{"damage":10.0,"enemies":"3 Byrds","floor":18.0,"turns":2.0},{"damage":30.0,"enemies":"2 Thieves","floor":21.0,"turns":3.0},{"damage":49,"enemies":"Book of Stabbing","floor":23,"turns":5}],"seed_played":"-2056372314266960507","potions_obtained":[{"floor":2.0,"key":"Swift Potion"},{"floor":4.0,"key":"GamblersBrew"},{"floor":7.0,"key":"LiquidBronze"}],"is_trial":false,"path_per_floor":["M","M","M","M","?","R","M","M","T","R","$","?","$","?","R","B",null,"M","?","?","M","$","E"],"character_chosen":"DEFECT","items_purchased":["Chaos","Thread and Needle"],"campfire_rested":0,"item_purchase_floors":[13,22],"current_hp_per_floor":[75,74,71,65,65,65,61,61,61,61,61,54,54,39,39,13,75,65,65,65,47,47,0],"gold":24,"neow_bonus":"HUNDRED_GOLD","is_prod":false,"is_daily":false,"chose_seed":false,"campfire_upgraded":3,"win_rate":0,"timestamp":1560104640,"path_taken":["M","M","M","M","?","R","M","M","T","R","?","?","?","?","R","BOSS","M","?","?","M","$","E"],"build_version":"2019-01-23","purchased_purges":0,"victory":false,"max_hp_per_floor":[75,75,75,75,75,75,75,75,75,75,75,75,75,75,75,75,75,75,75,75,75,75,75],"card_choices":[{"not_picked":["Stack","Barrage","Heatsinks"],"picked":"SKIP","floor":1.0},{"not_picked":["Go for the Eyes","Hologram"],"picked":"Capacitor","floor":2.0},{"not_picked":["Lockon","Scrape"],"picked":"Chaos","floor":3.0},{"not_picked":["Skim","Defragment"],"picked":"Ball Lightning","floor":4.0},{"not_picked":["Streamline","Stack"],"picked":"Doom and Gloom","floor":7.0},{"not_picked":["Steam","Rebound"],"picked":"Ball Lightning","floor":8.0},{"not_picked":["Reboot","Hyperbeam"],"picked":"Electrodynamics","floor":16.0},{"not_picked":["Stack","Turbo","Force Field"],"picked":"SKIP","floor":18.0},{"not_picked":["Leap","Beam Cell"],"picked":"Conserve Battery","floor":21.0}],"player_experience":1432640,"relics_obtained":[{"floor":9.0,"key":"Happy Flower"}],"event_choices":[{"damage_healed":0.0,"max_hp_gain":0.0,"max_hp_loss":0.0,"gold_gain":0.0,"event_name":"The Woman in Blue","player_choice":"Bought 0 Potions","floor":5.0,"gold_loss":0.0,"damage_taken":0.0},{"cards_removed":["Strike_B"],"damage_healed":0.0,"max_hp_gain":0.0,"max_hp_loss":0.0,"gold_gain":0.0,"event_name":"Golden Wing","player_choice":"Card Removal","floor":12.0,"gold_loss":0.0,"damage_taken":7.0},{"damage_healed":0.0,"max_hp_gain":0.0,"max_hp_loss":0.0,"gold_gain":0.0,"event_name":"Shining Light","player_choice":"Entered Light","floor":14.0,"gold_loss":0.0,"damage_taken":15.0,"cards_upgraded":["Dualcast","Defend_B"]},{"damage_healed":0.0,"max_hp_gain":0.0,"max_hp_loss":0.0,"gold_gain":0.0,"event_name":"Addict","player_choice":"Stole Relic","floor":19.0,"gold_loss":0.0,"damage_taken":0.0,"relics_obtained":["Meat on the Bone"],"cards_obtained":["Shame"]},{"damage_healed":0.0,"max_hp_gain":0.0,"max_hp_loss":0.0,"gold_gain":0.0,"event_name":"Upgrade Shrine","player_choice":"Upgraded","floor":20.0,"gold_loss":0.0,"damage_taken":0.0,"cards_upgraded":["Doom and Gloom"]}],"is_beta":false,"boss_relics":[{"not_picked":["FrozenCore","Runic Pyramid"],"picked":"Inserter"}],"items_purged_floors":[],"is_endless":false,"potions_floor_spawned":[2,4,7,18],"killed_by":"Book of Stabbing","ascension_level":0}