{"gold_per_floor":[119,131,147,147,166,194,212,212,264,214,242,261,280,296,296,393,393,410,32,52,72,84,118,129,129,207,222,235,235,235,57,57,154,154,164,114,114,114,133,133,203,203,203,220,234,248,24,37,37,37],"floor_reached":50,"playtime":3490,"items_purged":["Strike_B","Pain","Normality","Normality","Strike_B"],"score":557,"play_id":"d09ed891-fd96-42e5-bb89-bfb87aae4a3e","local_time":"20190614122653","is_ascension_mode":false,"campfire_choices":[{"data":"Zap","floor":8,"key":"SMITH"},{"data":"Dualcast","floor":15,"key":"SMITH"},{"floor":30,"key":"REST"},{"floor":32,"key":"REST"},{"data":"Ball Lightning","floor":40,"key":"SMITH"},{"data":"Multi-Cast","floor":42,"key":"SMITH"},{"data":"Fission","floor":49,"key":"SMITH"}],"neow_cost":"NONE","seed_source_timestamp":2564606541211790,"circlet_count":0,"master_deck":["Strike_B","Strike_B","Defend_B","Defend_B","Defend_B","Defend_B","Zap+1","Dualcast+1","BootSequence","FTL","Coolheaded","Beam Cell","Doom and Gloom","Electrodynamics","Ball Lightning","Gash","Doom and Gloom","Multi-Cast+1","Conserve Battery","Gash","Conserve Battery","Conserve Battery","Ball Lightning","Compile Driver+1","Ball Lightning+1","Gash+1","Multi-Cast","Beam Cell+1","Darkness+1","Loop+1","Fission+1","Redo+1","Capacitor","Dramatic Entrance","FTL","Ball Lightning"],"relics":["Cracked Core","Question Card","Smiling Mask","Kunai","Calling Bell","Bag of Preparation","Pantograph","Bird Faced Urn","Membership Card","Shuriken","Lantern","Tiny Chest","Blue Candle","Symbiotic Virus","Sozu","Gremlin Horn","Art of War","Pear","Dead Branch","Pen Nib"],"potions_floor_usage":[5,11,12,21,23,50,50],"damage_taken":[{"damage":0,"enemies":"2 Louse","floor":1,"turns":2},{"damage":1,"enemies":"Cultist","floor":2,"turns":4},{"damage":1,"enemies":"Jaw Worm","floor":3,"turns":3},{"damage":6,"enemies":"Lots of Slimes","floor":5,"turns":4},{"damage":21,"enemies":"Lagavulin","floor":6,"turns":8},{"damage":0,"enemies":"Exordium Wildlife","floor":7,"turns":2},{"damage":22,"enemies":"Gremlin Nob","floor":11,"turns":5},{"damage":0,"enemies":"Blue Slaver","floor":12,"turns":2},{"damage":0,"enemies":"3 Louse","floor":13,"turns":1},{"damage":0,"enemies":"Large Slime","floor":14,"turns":3},{"damage":28,"enemies":"Hexaghost","floor":16,"turns":8},{"damage":10,"enemies":"2 Thieves","floor":18,"turns":3},{"damage":7,"enemies":"Shell Parasite","floor":20,"turns":6},{"damage":10,"enemies":"Snake Plant","floor":21,"turns":4},{"damage":12,"enemies":"Centurion and Healer","floor":22,"turns":5},{"damage":36,"enemies":"Book of Stabbing","floor":23,"turns":5},{"damage":7,"enemies":"Cultist and Chosen","floor":24,"turns":6},{"damage":9,"enemies":"3 Cultists","floor":27,"turns":4},{"damage":0,"enemies":"Sentry and Sphere","floor":28,"turns":3},{"damage":58,"enemies":"Automaton","floor":33,"turns":11},{"damage":0,"enemies":"Orb Walker","floor":35,"turns":2},{"damage":0,"enemies":"3 Shapes","floor":39,"turns":3},{"damage":0,"enemies":"Transient","floor":44,"turns":5},{"damage":0,"enemies":"4 Shapes","floor":45,"turns":2},{"damage":0,"enemies":"Jaw Worm Horde","floor":46,"turns":3},{"damage":0,"enemies":"Maw","floor":48,"turns":4},{"damage":122,"enemies":"Time Eater","floor":50,"turns":9}],"seed_played":"-6025897068646728292","potions_obtained":[{"floor":3,"key":"GamblersBrew"},{"floor":5,"key":"Weak Potion"},{"floor":6,"key":"Fruit Juice"},{"floor":13,"key":"LiquidBronze"},{"floor":14,"key":"FearPotion"},{"floor":16,"key":"Block Potion"},{"floor":22,"key":"SkillPotion"},{"floor":27,"key":"Weak Potion"},{"floor":28,"key":"EssenceOfSteel"}],"is_trial":false,"path_per_floor":["M","M","M","?","M","E","M","R","T","$","E","M","M","M","R","B",null,"M","$","M","M","M","E","M","?","T","M","M","T","R","$","R","B",null,"M","$","T","T","M","R","T","R","T","M","M","M","$","M","R","B"],"character_chosen":"DEFECT","items_purchased":["Membership Card","Shuriken","Symbiotic Virus","Capacitor","Pen Nib","Dramatic Entrance","FTL"],"campfire_rested":2,"item_purchase_floors":[19,19,31,47,47,47,47],"current_hp_per_floor":[82,81,80,80,74,53,53,53,53,53,31,36,36,36,36,8,87,77,77,70,60,50,14,9,9,9,2,2,2,28,28,54,21,87,87,87,87,87,87,87,97,97,97,97,97,97,97,97,97,0],"gold":37,"neow_bonus":"TEN_PERCENT_HP_BONUS","is_prod":false,"is_daily":false,"chose_seed":false,"campfire_upgraded":5,"win_rate":0,"timestamp":1560533213,"path_taken":["M","M","M","?","M","E","M","R","T","$","E","M","M","?","R","BOSS","M","$","M","M","M","E","M","?","T","M","M","?","R","$","R","BOSS","M","$","?","?","M","R","?","R","T","M","M","M","$","M","R","BOSS"],"build_version":"2019-01-23","purchased_purges":5,"victory":false,"max_hp_per_floor":[82,82,82,82,82,82,82,82,82,82,82,87,87,87,87,87,87,87,87,87,87,87,87,87,87,87,87,87,87,87,87,87,87,87,87,87,87,87,87,87,97,97,97,97,97,97,97,97,97,97],"card_choices":[{"not_picked":["Sweeping Beam","Blizzard"],"picked":"BootSequence","floor":1},{"not_picked":["Redo","Undo","Turbo"],"picked":"SKIP","floor":2},{"not_picked":["Double Energy","Go for the Eyes"],"picked":"FTL","floor":3},{"not_picked":["Streamline","Steam Power"],"picked":"Coolheaded","floor":5},{"not_picked":["Sweeping Beam","Conserve Battery"],"picked":"Beam Cell","floor":6},{"not_picked":["Melter","Go for the Eyes","Glacier"],"picked":"Doom and Gloom","floor":7},{"not_picked":["Turbo","FTL","Redo"],"picked":"Electrodynamics","floor":11},{"not_picked":["Sweeping Beam","Skim","Coolheaded"],"picked":"Ball Lightning","floor":12},{"not_picked":["Meteor Strike","Sweeping Beam","Rebound"],"picked":"Gash","floor":13},{"not_picked":["Lockon","Capacitor","Ball Lightning"],"picked":"Doom and Gloom","floor":14},{"not_picked":["Amplify","Hyperbeam","Buffer"],"picked":"Multi-Cast","floor":16},{"not_picked":["Turbo","Melter","Stack"],"picked":"Conserve Battery","floor":18},{"not_picked":["BootSequence","Cold Snap","Streamline+1"],"picked":"Gash","floor":20},{"not_picked":["Biased Cognition","Turbo","Heatsinks"],"picked":"Conserve Battery","floor":21},{"not_picked":["Go for the Eyes","Compile Driver","Beam Cell"],"picked":"Conserve Battery","floor":22},{"not_picked":["Scrape","Undo","Heatsinks"],"picked":"Ball Lightning","floor":23},{"not_picked":["Go for the Eyes","Turbo","Undo"],"picked":"Compile Driver+1","floor":24},{"not_picked":["Static Discharge+1","Double Energy+1","Redo"],"picked":"Ball Lightning","floor":27},{"not_picked":["Buffer","Leap","Barrage"],"picked":"Gash+1","floor":28},{"not_picked":["Biased Cognition","Machine Learning","Electrodynamics"],"picked":"Multi-Cast","floor":33},{"not_picked":["Coolheaded","Streamline","Tempest"],"picked":"Beam Cell+1","floor":35},{"not_picked":["Force Field+1","Beam Cell+1","Defragment+1"],"picked":"Darkness+1","floor":39},{"not_picked":["Scrape","Coolheaded+1","Streamline"],"picked":"Loop+1","floor":44},{"not_picked":["Sweeping Beam+1","Conserve Battery+1","FTL+1"],"picked":"Fission","floor":45},{"not_picked":["Stack","Conserve Battery+1","Sweeping Beam"],"picked":"Redo+1","floor":46},{"not_picked":["Reprogram","Go for the Eyes","Melter+1"],"picked":"Ball Lightning","floor":48}],"player_experience":1458710,"relics_obtained":[{"floor":6,"key":"Question Card"},{"floor":9,"key":"Smiling Mask"},{"floor":11,"key":"Kunai"},{"floor":17,"key":"Bag of Preparation"},{"floor":17,"key":"Pantograph"},{"floor":17,"key":"Bird Faced Urn"},{"floor":23,"key":"Lantern"},{"floor":26,"key":"Tiny Chest"},{"floor":29,"key":"Blue Candle"},{"floor":37,"key":"Gremlin Horn"},{"floor":38,"key":"Art of War"},{"floor":41,"key":"Pear"},{"floor":43,"key":"Dead Branch"}],"event_choices":[{"damage_healed":0,"gold_gain":0,"player_choice":"Ignored","damage_taken":0,"max_hp_gain":0,"max_hp_loss":0,"event_name":"NoteForYourself","floor":4,"gold_loss":0},{"damage_healed":0,"gold_gain":0,"player_choice":"Ignored","damage_taken":0,"max_hp_gain":0,"max_hp_loss":0,"event_name":"Vampires","floor":25,"gold_loss":0}],"is_beta":false,"boss_relics":[{"not_picked":["Tiny House","White Beast Statue"],"picked":"Calling Bell"},{"not_picked":["Astrolabe","Pandora\u0027s Box"],"picked":"Sozu"}],"items_purged_floors":[10,19,31,36,47],"is_endless":false,"potions_floor_spawned":[3,5,6,13,14,16,22,27,28,33,39,44,48],"killed_by":"Time Eater","ascension_level":0}