{"gold_per_floor":[110,128,181,191,191,191,191,191,237,276,314,332,332,357,357,451,451,474,498,413,413,413],"floor_reached":22,"playtime":1215,"items_purged":[],"score":322,"play_id":"0779d0cb-ec49-4db2-8173-07be3fe2e7c9","local_time":"20181006231615","is_ascension_mode":true,"campfire_choices":[{"data":"Searing Blow","floor":6.0,"key":"SMITH"},{"data":"Searing Blow+1","floor":8.0,"key":"SMITH"},{"floor":13,"key":"REST"},{"data":"Searing Blow+2","floor":15,"key":"SMITH"}],"neow_cost":"NONE","seed_source_timestamp":0,"circlet_count":0,"master_deck":["Strike_R","Strike_R","Strike_R","Strike_R","Defend_R","Defend_R","Defend_R","Defend_R","Bash","AscendersBane","Searing Blow+3","Uppercut","Clothesline","Injury","Flame Barrier","Anger","Shrug It Off","Battle Trance","Reaper","Spot Weakness","Shrug It Off","RitualDagger"],"special_seed":0,"relics":["Burning Blood","NeowsBlessing","Golden Idol","Regal Pillow","Blood Vial","Bag of Marbles","Mark of Pain","Prayer Wheel"],"potions_floor_usage":[10,10],"damage_taken":[{"damage":0.0,"enemies":"Cultist","floor":1.0,"turns":1.0},{"damage":0.0,"enemies":"2 Louse","floor":2.0,"turns":1.0},{"damage":0.0,"enemies":"Jaw Worm","floor":4.0,"turns":1.0},{"damage":8,"enemies":"Gremlin Nob","floor":10,"turns":4},{"damage":42,"enemies":"3 Sentries","floor":11,"turns":8},{"damage":6,"enemies":"Exordium Thugs","floor":12,"turns":5},{"damage":4,"enemies":"3 Louse","floor":14,"turns":4},{"damage":47,"enemies":"The Guardian","floor":16,"turns":11},{"damage":12,"enemies":"Chosen","floor":18,"turns":3},{"damage":23,"enemies":"Spheric Guardian","floor":19,"turns":4},{"damage":43,"enemies":"Shelled Parasite and Fungi","floor":22,"turns":6}],"seed_played":"-744575337421229547","potions_obtained":[{"floor":1.0,"key":"Energy Potion"},{"floor":4.0,"key":"SteroidPotion"},{"floor":10,"key":"SteroidPotion"},{"floor":14,"key":"SteroidPotion"}],"is_trial":false,"path_per_floor":["M","M","?","M","?","R","?","R","T","?","E","M","R","M","R","B",null,"M","M","?","?"],"character_chosen":"IRONCLAD","items_purchased":[],"campfire_rested":1,"item_purchase_floors":[],"current_hp_per_floor":[74,75,75,75,75,75,75,75,75,73,39,41,75,75,75,34,65,67,52,52,46,5],"gold":413,"neow_bonus":"THREE_ENEMY_KILL","is_prod":false,"is_daily":false,"chose_seed":false,"campfire_upgraded":3,"win_rate":0,"timestamp":1538885775,"path_taken":["M","?","?","?","?","R","?","R","T","?","E","M","R","?","R","BOSS","M","M","?","?","?"],"build_version":"2018-10-04v2","purchased_purges":0,"victory":false,"max_hp_per_floor":[75,75,75,75,75,75,75,75,75,75,75,75,75,75,75,75,75,75,75,75,75,75],"card_choices":[{"not_picked":["Entrench","Metallicize"],"picked":"Searing Blow","floor":1.0},{"not_picked":["Anger","Infernal Blade"],"picked":"Uppercut","floor":2.0},{"not_picked":["Second Wind","Corruption"],"picked":"Clothesline","floor":4.0},{"not_picked":["Dropkick","Body Slam"],"picked":"Anger","floor":10},{"not_picked":["Fire Breathing","Juggernaut","Entrench"],"picked":"SKIP","floor":11},{"not_picked":["Hemokinesis","Iron Wave"],"picked":"Shrug It Off","floor":12},{"not_picked":["Body Slam","Havoc"],"picked":"Battle Trance","floor":14},{"not_picked":["Impervious","Berserk"],"picked":"Reaper","floor":16},{"not_picked":["Anger","Second Wind"],"picked":"Spot Weakness","floor":18},{"not_picked":["True Grit","Blood for Blood"],"picked":"Shrug It Off","floor":19}],"player_experience":711731,"relics_obtained":[{"floor":9.0,"key":"Regal Pillow"},{"floor":11,"key":"Bag of Marbles"}],"event_choices":[{"event_name":"Golden Wing","player_choice":"Gained Gold","floor":3.0,"damage_taken":0.0},{"event_name":"Golden Idol","player_choice":"Take Wound","floor":5.0,"damage_taken":0.0},{"event_name":"Transmorgrifier","player_choice":"Transform","floor":7.0,"damage_taken":0.0},{"event_name":"Dead Adventurer","player_choice":"Searched \u00273\u0027 times","floor":10,"damage_taken":0},{"event_name":"Addict","player_choice":"Obtained Relic","floor":20,"damage_taken":0},{"event_name":"Nest","player_choice":"Joined the Cult","floor":21,"damage_taken":0}],"is_beta":false,"boss_relics":[{"not_picked":["White Beast Statue","Orrery"],"picked":"Mark of Pain"}],"items_purged_floors":[],"is_endless":false,"potions_floor_spawned":[1,4,10,14,16,19],"killed_by":"Shelled Parasite and Fungi","ascension_level":15}