{"gold_per_floor":[113,113,125,143,161,161,189,34,58,77,104,104,137,153,153,251,251,264,294,312,71,81,81,81,94,172,122,122,150,164,164,164,259,259,277,295,295,163,183,183,215,227,227,227,237,237,237,257,257,257],"floor_reached":51,"playtime":4000,"items_purged":["Writhe"],"score":1068,"play_id":"62796cc6-836d-4724-a612-3f605eecbde0","local_time":"20180917093805","is_ascension_mode":true,"campfire_choices":[{"data":"Searing Blow","floor":6.0,"key":"SMITH"},{"data":"Searing Blow+1","floor":12.0,"key":"SMITH"},{"data":"Searing Blow+2","floor":15.0,"key":"SMITH"},{"floor":23.0,"key":"REST"},{"floor":28.0,"key":"REST"},{"floor":32.0,"key":"REST"},{"data":"Body Slam","floor":40.0,"key":"SMITH"},{"data":"Searing Blow+3","floor":44.0,"key":"SMITH"},{"data":"Searing Blow+4","floor":46.0,"key":"SMITH"},{"floor":49.0,"key":"REST"}],"neow_cost":"","seed_source_timestamp":0,"circlet_count":0,"master_deck":["Strike_R+1","Strike_R+1","Strike_R+1","Strike_R+1","Strike_R+1","Defend_R+1","Defend_R+1","Defend_R+1","Defend_R+1","Bash","Iron Wave","Shrug It Off","Deep Breath","Searing Blow+5","Thunderclap","Anger","Shrug It Off","Ghostly Armor","Spot Weakness","Metallicize","Inflame","Juggernaut","Body Slam+1","Flame Barrier+1","Metallicize","Deep Breath+1","Reckless Charge+1","Rampage","Limit Break+1","Iron Wave+1","Thunderclap+1","Cleave+1","Headbutt+1","Uppercut+1","Double Tap+1","Flame Barrier+1","Cleave+1","Flex+1","Rage+1","Bludgeon+1","Pommel Strike+1","Cleave+1","Spot Weakness+1","Bludgeon+1","Thunderclap+1"],"special_seed":0,"relics":["Burning Blood","Centennial Puzzle","PreservedInsect","Vajra","Dream Catcher","Toxic Egg 2","Velvet Choker","Tiny Chest","Letter Opener","Molten Egg 2","Meat on the Bone","Mark of Pain","Pantograph","Red Skull"],"potions_floor_usage":[],"damage_taken":[{"damage":8.0,"enemies":"Jaw Worm","floor":1.0,"turns":6.0},{"damage":1.0,"enemies":"Cultist","floor":3.0,"turns":5.0},{"damage":1.0,"enemies":"2 Louse","floor":4.0,"turns":3.0},{"damage":5.0,"enemies":"Lots of Slimes","floor":5.0,"turns":5.0},{"damage":24.0,"enemies":"Gremlin Nob","floor":7.0,"turns":4.0},{"damage":12.0,"enemies":"Exordium Thugs","floor":10.0,"turns":5.0},{"damage":2.0,"enemies":"3 Sentries","floor":11.0,"turns":5.0},{"damage":25.0,"enemies":"Gremlin Nob","floor":13.0,"turns":4.0},{"damage":0.0,"enemies":"Looter","floor":14.0,"turns":4.0},{"damage":0.0,"enemies":"The Guardian","floor":16.0,"turns":11.0},{"damage":19.0,"enemies":"2 Thieves","floor":18.0,"turns":4.0},{"damage":35.0,"enemies":"3 Byrds","floor":20.0,"turns":6.0},{"damage":6.0,"enemies":"Centurion and Healer","floor":22.0,"turns":7.0},{"damage":14.0,"enemies":"Shelled Parasite and Fungi","floor":25.0,"turns":4.0},{"damage":20.0,"enemies":"Slavers","floor":29.0,"turns":4.0},{"damage":5.0,"enemies":"Chosen and Byrds","floor":30.0,"turns":5.0},{"damage":67.0,"enemies":"Collector","floor":33.0,"turns":8.0},{"damage":7.0,"enemies":"3 Shapes","floor":35.0,"turns":3.0},{"damage":10.0,"enemies":"Orb Walker","floor":36.0,"turns":3.0},{"damage":13.0,"enemies":"Sphere and 2 Shapes","floor":39.0,"turns":4.0},{"damage":33.0,"enemies":"Giant Head","floor":41.0,"turns":6.0},{"damage":0.0,"enemies":"Reptomancer","floor":42.0,"turns":3.0},{"damage":11.0,"enemies":"Transient","floor":45.0,"turns":5.0},{"damage":1.0,"enemies":"Spire Growth","floor":48.0,"turns":3.0},{"damage":73,"enemies":"Awakened One","floor":50,"turns":8}],"seed_played":"1089968998514136505","potions_obtained":[{"floor":3.0,"key":"SkillPotion"},{"floor":4.0,"key":"Dexterity Potion"},{"floor":7.0,"key":"GamblersBrew"},{"floor":14.0,"key":"EssenceOfSteel"},{"floor":25.0,"key":"Poison Potion"},{"floor":29.0,"key":"Fire Potion"},{"floor":33.0,"key":"EssenceOfSteel"},{"floor":35.0,"key":"BloodPotion"},{"floor":39.0,"key":"SpeedPotion"},{"floor":42.0,"key":"Strength Potion"}],"is_trial":false,"path_per_floor":["M","?","M","M","M","R","E","$","T","M","E","R","E","M","R","B",null,"M","?","M","$","M","R","T","M","T","$","R","E","M","?","R","B",null,"M","M","?","$","M","R","E","M","T","R","M","R","?","M","R","B"],"character_chosen":"IRONCLAD","items_purchased":["PreservedInsect","Metallicize","Deep Breath+1","Iron Wave+1","Flex+1","Rage+1"],"campfire_rested":4,"item_purchase_floors":[8,21,21,27,38,38],"current_hp_per_floor":[70,70,75,80,80,80,62,62,62,56,60,60,41,47,47,53,73,60,60,31,31,31,55,55,47,47,47,71,57,58,58,80,31,68,67,71,71,71,64,64,49,55,55,55,50,50,50,55,79,25],"gold":257,"neow_bonus":"","is_prod":false,"is_daily":false,"chose_seed":false,"campfire_upgraded":6,"win_rate":0,"timestamp":1537195085,"path_taken":["M","?","M","?","M","R","E","?","T","?","E","R","E","M","R","BOSS","M","?","M","$","M","R","?","?","T","$","R","E","M","?","R","BOSS","M","M","?","$","M","R","E","M","T","R","M","R","?","?","R","BOSS"],"build_version":"2018-09-06","purchased_purges":1,"victory":true,"max_hp_per_floor":[80,80,80,80,80,80,80,80,80,80,80,80,80,80,80,80,80,80,80,80,80,80,80,80,80,80,80,80,80,80,80,80,80,80,80,80,80,80,80,80,80,80,80,80,80,80,80,80,80,80],"card_choices":[{"not_picked":["Body Slam","Reckless Charge"],"picked":"Iron Wave","floor":1.0},{"not_picked":["Wild Strike","Heavy Blade"],"picked":"Searing Blow","floor":3.0},{"not_picked":["Clash","Havoc"],"picked":"Thunderclap","floor":4.0},{"not_picked":["Warcry","Juggernaut"],"picked":"Anger","floor":5.0},{"not_picked":["Power Through","True Grit"],"picked":"Shrug It Off","floor":7.0},{"not_picked":["Inflame","Iron Wave"],"picked":"Ghostly Armor","floor":10.0},{"not_picked":["Juggernaut","Flex"],"picked":"Spot Weakness","floor":11.0},{"not_picked":["Heavy Blade","Sword Boomerang"],"picked":"Metallicize","floor":13.0},{"not_picked":["True Grit+1","Sentinel+1"],"picked":"Inflame","floor":14.0},{"not_picked":["Immolate","Limit Break+1"],"picked":"Juggernaut","floor":16.0},{"not_picked":["Sword Boomerang","Reckless Charge+1"],"picked":"Body Slam","floor":18.0},{"not_picked":["Battle Trance+1","Anger"],"picked":"Flame Barrier+1","floor":20.0},{"not_picked":["Wild Strike","Body Slam"],"picked":"Reckless Charge+1","floor":22.0},{"not_picked":["Armaments+1","Intimidate+1"],"picked":"Rampage","floor":23.0},{"not_picked":["Cleave","Uppercut+1"],"picked":"Limit Break+1","floor":25.0},{"not_picked":["Dual Wield+1","Pommel Strike+1"],"picked":"Thunderclap+1","floor":28.0},{"not_picked":["Whirlwind+1","Havoc+1"],"picked":"Cleave+1","floor":29.0},{"not_picked":["Thunderclap+1","True Grit+1"],"picked":"Headbutt+1","floor":30.0},{"not_picked":["Warcry+1","Intimidate+1"],"picked":"Uppercut+1","floor":32.0},{"not_picked":["Feed+1","Impervious+1"],"picked":"Double Tap+1","floor":33.0},{"not_picked":["Disarm+1","Clothesline+1"],"picked":"Flame Barrier+1","floor":35.0},{"not_picked":["Sever Soul+1","Sword Boomerang+1"],"picked":"Cleave+1","floor":36.0},{"not_picked":["Armaments+1","Seeing Red+1"],"picked":"Bludgeon+1","floor":39.0},{"not_picked":["Clash+1","Dual Wield+1"],"picked":"Pommel Strike+1","floor":41.0},{"not_picked":["Clothesline+1","Combust+1"],"picked":"Cleave+1","floor":42.0},{"not_picked":["Fire Breathing+1","Havoc+1"],"picked":"Spot Weakness+1","floor":45.0},{"not_picked":["Spot Weakness+1","Thunderclap+1"],"picked":"Bludgeon+1","floor":48.0},{"not_picked":["Blood for Blood+1","Infernal Blade+1"],"picked":"Thunderclap+1","floor":49.0}],"player_experience":608644,"relics_obtained":[{"floor":7.0,"key":"Centennial Puzzle"},{"floor":9.0,"key":"Vajra"},{"floor":11.0,"key":"Dream Catcher"},{"floor":13.0,"key":"Toxic Egg 2"},{"floor":24.0,"key":"Letter Opener"},{"floor":26.0,"key":"Molten Egg 2"},{"floor":29.0,"key":"Meat on the Bone"},{"floor":41.0,"key":"Pantograph"},{"floor":43.0,"key":"Red Skull"}],"event_choices":[{"event_name":"Match and Keep!","player_choice":"2 cards matched","floor":2.0,"damage_taken":0.0},{"event_name":"The Mausoleum","player_choice":"Yes","floor":19.0,"damage_taken":0.0},{"event_name":"Back to Basics","player_choice":"Simplicity","floor":31.0,"damage_taken":0.0},{"event_name":"Tomb of Lord Red Mask","player_choice":"Ignored","floor":37.0,"damage_taken":0.0},{"event_name":"SecretPortal","player_choice":"Rejected Portal.","floor":47.0,"damage_taken":0.0}],"is_beta":false,"boss_relics":[{"not_picked":["Empty Cage","White Beast Statue"],"picked":"Velvet Choker"},{"not_picked":["Calling Bell","Coffee Dripper"],"picked":"Mark of Pain"}],"items_purged_floors":[21],"is_endless":false,"potions_floor_spawned":[3,4,7,14,25,29,33,35,39,42],"ascension_level":9}