{"gold_per_floor":[110,121,131,142,156,189,200,200,200,150,177,177,189,202,202,299,299,312,323,9,26,44,73,73,73,73,73,88,99,99,124,124,224,224,243,254,254,271,290,290,322,334,371,407,419,441,453,490,502,514],"floor_reached":50,"playtime":9313,"items_purged":[],"score":560,"play_id":"5383e1b5-b7d6-42a2-bc83-2efbafd3d027","local_time":"20190613195418","is_ascension_mode":false,"campfire_choices":[{"floor":8.0,"key":"REST"},{"floor":12.0,"key":"REST"},{"data":"Blood for Blood","floor":15.0,"key":"SMITH"},{"floor":25.0,"key":"REST"},{"data":"Metallicize","floor":27.0,"key":"SMITH"},{"data":"Metallicize","floor":30.0,"key":"SMITH"},{"floor":32.0,"key":"REST"},{"data":"Armaments","floor":40.0,"key":"SMITH"},{"data":"Armaments","floor":42.0,"key":"SMITH"},{"floor":47,"key":"REST"},{"floor":49,"key":"REST"}],"neow_cost":"NONE","seed_source_timestamp":0,"circlet_count":0,"master_deck":["Strike_R","Strike_R","Defend_R","Defend_R","Defend_R","Defend_R","Iron Wave","Pommel Strike","Sword Boomerang","Blood for Blood+1","Pommel Strike","Iron Wave","Shrug It Off","Metallicize+1","Reaper","Shrug It Off","Metallicize+1","Pommel Strike","Seeing Red+1","Sword Boomerang","Spot Weakness","Cleave","Headbutt","Limit Break","Armaments+1","Cleave","Shockwave","Armaments+1","Shrug It Off+1","Reaper","Armaments+1","Berserk"],"special_seed":0,"relics":["Burning Blood","Orichalcum","Pantograph","Shuriken","Lizard Tail","Meat on the Bone","Bronze Scales","Mercury Hourglass","Magic Flower","Black Star","Paper Frog","MawBank","Strawberry","GremlinMask","Ornamental Fan","Molten Egg 2"],"potions_floor_usage":[],"damage_taken":[{"damage":3.0,"enemies":"Cultist","floor":1.0,"turns":5.0},{"damage":4.0,"enemies":"Jaw Worm","floor":2.0,"turns":5.0},{"damage":4.0,"enemies":"2 Louse","floor":3.0,"turns":3.0},{"damage":12.0,"enemies":"Exordium Thugs","floor":4.0,"turns":5.0},{"damage":14.0,"enemies":"Lots of Slimes","floor":5.0,"turns":6.0},{"damage":43.0,"enemies":"3 Sentries","floor":6.0,"turns":10.0},{"damage":8.0,"enemies":"Large Slime","floor":7.0,"turns":6.0},{"damage":31.0,"enemies":"Lagavulin","floor":11.0,"turns":8.0},{"damage":0.0,"enemies":"Looter","floor":13.0,"turns":3.0},{"damage":3.0,"enemies":"3 Louse","floor":14.0,"turns":3.0},{"damage":27.0,"enemies":"Slime Boss","floor":16.0,"turns":11.0},{"damage":11.0,"enemies":"Chosen","floor":18.0,"turns":6.0},{"damage":12.0,"enemies":"Spheric Guardian","floor":19.0,"turns":5.0},{"damage":13.0,"enemies":"Shelled Parasite and Fungi","floor":21.0,"turns":7.0},{"damage":17.0,"enemies":"Centurion and Healer","floor":22.0,"turns":9.0},{"damage":85.0,"enemies":"Slavers","floor":23.0,"turns":8.0},{"damage":5.0,"enemies":"Cultist and Chosen","floor":28.0,"turns":6.0},{"damage":16.0,"enemies":"Snake Plant","floor":29.0,"turns":4.0},{"damage":39.0,"enemies":"Gremlin Leader","floor":31.0,"turns":7.0},{"damage":75.0,"enemies":"Automaton","floor":33.0,"turns":11.0},{"damage":13.0,"enemies":"Orb Walker","floor":35.0,"turns":4.0},{"damage":36.0,"enemies":"3 Shapes","floor":36.0,"turns":5.0},{"damage":46.0,"enemies":"Spire Growth","floor":38.0,"turns":6.0},{"damage":16.0,"enemies":"3 Darklings","floor":39.0,"turns":5.0},{"damage":45.0,"enemies":"Reptomancer","floor":41.0,"turns":9.0},{"damage":55.0,"enemies":"Sphere and 2 Shapes","floor":44.0,"turns":5.0},{"damage":56,"enemies":"Spire Growth","floor":46,"turns":8},{"damage":68,"enemies":"Nemesis","floor":48,"turns":11},{"damage":100,"enemies":"Donu and Deca","floor":50,"turns":5}],"seed_played":"-6735671468184591593","potions_obtained":[{"floor":4.0,"key":"Regen Potion"},{"floor":5.0,"key":"EntropicBrew"},{"floor":6.0,"key":"Regen Potion"},{"floor":14.0,"key":"SteroidPotion"},{"floor":46,"key":"EssenceOfSteel"}],"is_trial":false,"path_per_floor":["M","M","M","M","M","E","M","R","T","?","E","R","M","M","R","B",null,"M","M","$","M","M","E","?","R","T","R","M","M","R","E","R","B",null,"M","M","?","M","M","R","E","R","T","M","?","M","R","E","R","B"],"character_chosen":"IRONCLAD","items_purchased":["Meat on the Bone","Metallicize"],"campfire_rested":6,"item_purchase_floors":[20,20],"current_hp_per_floor":[80,80,80,74,66,29,27,51,51,51,26,50,56,59,59,59,80,75,69,69,62,59,42,42,66,66,66,70,60,60,39,63,53,80,76,64,64,59,52,52,34,34,41,73,73,44,70,29,55,0],"gold":514,"neow_bonus":"REMOVE_CARD","is_prod":false,"is_daily":false,"chose_seed":false,"campfire_upgraded":5,"win_rate":0.0,"timestamp":1560448458,"path_taken":["M","M","M","M","M","E","?","R","T","?","E","R","M","M","R","BOSS","M","M","$","M","M","E","?","R","T","R","M","M","R","E","R","BOSS","M","M","?","M","M","R","E","R","T","M","?","M","R","E","R","BOSS"],"build_version":"2019-01-23","purchased_purges":0,"victory":false,"max_hp_per_floor":[80,80,80,80,80,80,80,80,80,80,80,80,80,80,80,80,80,80,80,80,80,80,80,80,80,80,80,80,80,80,80,80,80,80,80,80,80,80,80,80,80,80,87,87,87,87,87,87,87,87],"card_choices":[{"not_picked":["Anger","Cleave"],"picked":"Iron Wave","floor":1.0},{"not_picked":["Body Slam","Pummel"],"picked":"Pommel Strike","floor":2.0},{"not_picked":["Clothesline","Heavy Blade","Body Slam"],"picked":"SKIP","floor":3.0},{"not_picked":["Whirlwind","Dropkick"],"picked":"Sword Boomerang","floor":4.0},{"not_picked":["Thunderclap","Heavy Blade"],"picked":"Blood for Blood","floor":5.0},{"not_picked":["Entrench","Dark Embrace"],"picked":"Pommel Strike","floor":6.0},{"not_picked":["Burning Pact","Second Wind"],"picked":"Iron Wave","floor":7.0},{"not_picked":["Power Through","True Grit"],"picked":"Shrug It Off","floor":11.0},{"not_picked":["Warcry","Thunderclap","Sword Boomerang"],"picked":"SKIP","floor":13.0},{"not_picked":["Pommel Strike","Iron Wave"],"picked":"Metallicize","floor":14.0},{"not_picked":["Impervious","Limit Break"],"picked":"Reaper","floor":16.0},{"not_picked":["Corruption","Entrench","Burning Pact"],"picked":"SKIP","floor":18.0},{"not_picked":["Feel No Pain","Shockwave"],"picked":"Shrug It Off","floor":19.0},{"not_picked":["Body Slam","Iron Wave"],"picked":"Pommel Strike","floor":21.0},{"not_picked":["Uppercut+1","Hemokinesis","Berserk"],"picked":"SKIP","floor":22.0},{"not_picked":["Heavy Blade+1","Sever Soul+1"],"picked":"Seeing Red+1","floor":23.0},{"not_picked":["Headbutt","Searing Blow"],"picked":"Spot Weakness","floor":28.0},{"not_picked":["Reckless Charge","True Grit"],"picked":"Cleave","floor":29.0},{"not_picked":["Iron Wave","Entrench"],"picked":"Headbutt","floor":31.0},{"not_picked":["Bludgeon","Brutality"],"picked":"Limit Break","floor":33.0},{"not_picked":["Infernal Blade+1","Carnage+1"],"picked":"Armaments","floor":35.0},{"not_picked":["Clash","Perfected Strike"],"picked":"Cleave","floor":36.0},{"not_picked":["Whirlwind","Cleave+1"],"picked":"Armaments","floor":38.0},{"not_picked":["Clothesline+1","Reckless Charge+1"],"picked":"Shrug It Off+1","floor":39.0},{"not_picked":["Clash","Twin Strike"],"picked":"Reaper","floor":41.0},{"not_picked":["Body Slam","Anger+1","Clothesline"],"picked":"SKIP","floor":44},{"not_picked":["Shockwave+1","Thunderclap"],"picked":"Armaments+1","floor":46},{"not_picked":["Barricade","Headbutt+1"],"picked":"Berserk","floor":48}],"player_experience":18686,"relics_obtained":[{"floor":6.0,"key":"Orichalcum"},{"floor":9.0,"key":"Pantograph"},{"floor":11.0,"key":"Shuriken"},{"floor":23.0,"key":"Bronze Scales"},{"floor":26.0,"key":"Mercury Hourglass"},{"floor":31.0,"key":"Magic Flower"},{"floor":41.0,"key":"Paper Frog"},{"floor":41.0,"key":"MawBank"},{"floor":43.0,"key":"Strawberry"},{"floor":48,"key":"Ornamental Fan"},{"floor":48,"key":"Molten Egg 2"}],"event_choices":[{"cards_removed":["Bash"],"damage_healed":0.0,"max_hp_gain":0.0,"max_hp_loss":0.0,"gold_gain":0.0,"event_name":"The Cleric","player_choice":"Card Removal","floor":10.0,"gold_loss":50.0,"damage_taken":0.0},{"damage_healed":0.0,"max_hp_gain":0.0,"max_hp_loss":0.0,"gold_gain":0.0,"cards_transformed":["Strike_R"],"event_name":"Transmorgrifier","player_choice":"Transformed","floor":24.0,"gold_loss":0.0,"damage_taken":0.0,"cards_obtained":["Sword Boomerang"]},{"damage_healed":0.0,"max_hp_gain":0.0,"max_hp_loss":0.0,"gold_gain":0.0,"cards_transformed":["Strike_R"],"event_name":"Transmorgrifier","player_choice":"Transformed","floor":37.0,"gold_loss":0.0,"damage_taken":0.0,"cards_obtained":["Shockwave"]},{"damage_healed":0,"gold_gain":0,"player_choice":"Trade","damage_taken":0,"relics_obtained":["GremlinMask"],"max_hp_gain":0,"max_hp_loss":0,"event_name":"FaceTrader","floor":45,"gold_loss":0}],"is_beta":false,"boss_relics":[{"not_picked":["Busted Crown","Velvet Choker"],"picked":"Lizard Tail"},{"not_picked":["Tiny House","Empty Cage"],"picked":"Black Star"}],"items_purged_floors":[],"is_endless":false,"potions_floor_spawned":[4,5,6,14,18,22,28,31,33,35,41,46],"killed_by":"Donu and Deca","ascension_level":0}