{"gold_per_floor":[117,136,156,176,190,190,190,206,258,105,105,132,132,165,165,236,236,251],"floor_reached":18,"playtime":1065,"items_purged":[],"score":287,"play_id":"80342e03-dc9a-41b2-99a7-b573782979ff","local_time":"20190510112049","is_ascension_mode":true,"campfire_choices":[{"data":"Unload","floor":6,"key":"SMITH"},{"floor":13,"key":"REST"},{"floor":15,"key":"REST"}],"neow_cost":"NONE","seed_source_timestamp":143752102190952,"circlet_count":0,"master_deck":["AscendersBane","Defend_G+1","Defend_G","Defend_G","Defend_G","Defend_G","Strike_G+1","Strike_G","Strike_G","Strike_G","Survivor","Neutralize","Flying Knee","Poisoned Stab","Poisoned Stab","Flying Knee","Unload+1","Leg Sweep","Malaise","Dash","Noxious Fumes","Tools of the Trade","Dodge and Roll+1"],"relics":["Ring of the Snake","Bag of Preparation","PreservedInsect","Anchor","Meat on the Bone"],"potions_floor_usage":[8,14,16,18],"damage_taken":[{"damage":3,"enemies":"Cultist","floor":1,"turns":4},{"damage":6,"enemies":"Jaw Worm","floor":2,"turns":5},{"damage":1,"enemies":"Small Slimes","floor":3,"turns":4},{"damage":5,"enemies":"2 Fungi Beasts","floor":4,"turns":4},{"damage":8,"enemies":"Blue Slaver","floor":5,"turns":4},{"damage":2,"enemies":"Exordium Wildlife","floor":8,"turns":2},{"damage":24,"enemies":"Lagavulin","floor":12,"turns":5},{"damage":4,"enemies":"Gremlin Nob","floor":14,"turns":4},{"damage":19,"enemies":"Slime Boss","floor":16,"turns":13},{"damage":10,"enemies":"Spheric Guardian","floor":18,"turns":5}],"seed_played":"7542344156884145768","potions_obtained":[{"floor":4,"key":"GhostInAJar"},{"floor":5,"key":"Energy Potion"},{"floor":12,"key":"Weak Potion"},{"floor":14,"key":"Weak Potion"}],"is_trial":false,"path_per_floor":["M","M","M","M","M","R","?","M","T","$","?","E","R","E","R","B",null,"M"],"character_chosen":"THE_SILENT","items_purchased":["PreservedInsect"],"campfire_rested":2,"item_purchase_floors":[10],"current_hp_per_floor":[67,61,60,55,47,47,32,30,30,30,30,6,29,25,48,41,68,58],"gold":251,"neow_bonus":"TEN_PERCENT_HP_BONUS","is_prod":false,"is_daily":false,"chose_seed":false,"campfire_upgraded":1,"win_rate":0,"timestamp":1557505249,"path_taken":["M","M","M","M","M","R","?","M","T","$","?","E","R","E","R","BOSS","M"],"build_version":"2019-01-23","purchased_purges":0,"victory":false,"max_hp_per_floor":[77,77,77,77,77,77,77,77,77,77,77,77,77,77,77,77,77,77],"card_choices":[{"not_picked":["Dagger Throw","Leg Sweep"],"picked":"Flying Knee","floor":1},{"not_picked":["Dagger Throw","Riddle With Holes"],"picked":"Poisoned Stab","floor":2},{"not_picked":["Heel Hook","Concentrate"],"picked":"Poisoned Stab","floor":3},{"not_picked":["Leg Sweep","Slice"],"picked":"Flying Knee","floor":4},{"not_picked":["Outmaneuver","Underhanded Strike"],"picked":"Unload","floor":5},{"not_picked":["PiercingWail","Bane"],"picked":"Leg Sweep","floor":8},{"not_picked":["Dodge and Roll","Footwork"],"picked":"Dash","floor":12},{"not_picked":["Predator","Dagger Spray"],"picked":"Noxious Fumes","floor":14},{"not_picked":["Venomology","Storm of Steel"],"picked":"Tools of the Trade","floor":16},{"not_picked":["Cloak And Dagger","Footwork"],"picked":"Dodge and Roll+1","floor":18}],"player_experience":1375748,"relics_obtained":[{"floor":9,"key":"Bag of Preparation"},{"floor":12,"key":"Anchor"},{"floor":14,"key":"Meat on the Bone"}],"event_choices":[{"damage_healed":0,"gold_gain":0,"player_choice":"Entered Light","damage_taken":15,"max_hp_gain":0,"max_hp_loss":0,"event_name":"Shining Light","floor":7,"gold_loss":0,"cards_upgraded":["Defend_G","Strike_G"]},{"damage_healed":0,"gold_gain":0,"cards_transformed":["Strike_G"],"player_choice":"Transformed","damage_taken":0,"max_hp_gain":0,"max_hp_loss":0,"event_name":"Transmorgrifier","floor":11,"gold_loss":0,"cards_obtained":["Malaise"]}],"is_beta":false,"boss_relics":[{"not_picked":["Fusion Hammer","Ectoplasm","Coffee Dripper"]}],"items_purged_floors":[],"is_endless":false,"potions_floor_spawned":[4,5,12,14],"killed_by":"Spheric Guardian","ascension_level":13}