{"gold_per_floor":[219,219,237,237,257,287,287,314,314,314,340,340],"floor_reached":12,"playtime":550,"items_purged":[],"score":192,"play_id":"715a2f58-0f1f-46f9-a6cd-ebe996462596","local_time":"20190625172833","is_ascension_mode":true,"campfire_choices":[{"floor":7,"key":"REST"},{"floor":10,"key":"REST"}],"neow_cost":"NONE","seed_source_timestamp":17715393650867,"circlet_count":0,"master_deck":["AscendersBane","Strike_R","Strike_R","Strike_R","Defend_R","Defend_R","Defend_R","Defend_R","Bash","Headbutt","Rampage","True Grit","Feed","Shrug It Off","Clothesline","Disarm"],"relics":["Burning Blood","Dream Catcher","Letter Opener","Centennial Puzzle","Mercury Hourglass"],"potions_floor_usage":[],"damage_taken":[{"damage":4,"enemies":"Jaw Worm","floor":1,"turns":5},{"damage":7,"enemies":"Small Slimes","floor":3,"turns":3},{"damage":2,"enemies":"Cultist","floor":5,"turns":4},{"damage":54,"enemies":"3 Sentries","floor":6,"turns":16},{"damage":39,"enemies":"Lagavulin","floor":8,"turns":7},{"damage":35,"enemies":"3 Sentries","floor":11,"turns":9},{"damage":10,"enemies":"Red Slaver","floor":12,"turns":1}],"seed_played":"5354379539166529250","potions_obtained":[{"floor":3,"key":"FairyPotion"},{"floor":8,"key":"LiquidBronze"}],"is_trial":false,"path_per_floor":["M","?","M","?","M","E","R","E","T","R","E","M"],"character_chosen":"IRONCLAD","items_purchased":[],"campfire_rested":2,"item_purchase_floors":[],"current_hp_per_floor":[70,63,62,62,66,18,40,7,7,29,8,0],"gold":340,"neow_bonus":"HUNDRED_GOLD","is_prod":false,"is_daily":false,"chose_seed":false,"campfire_upgraded":0,"win_rate":0,"timestamp":1561476513,"path_taken":["M","?","M","?","?","E","R","E","T","R","E","M"],"build_version":"2019-01-23","purchased_purges":0,"victory":false,"max_hp_per_floor":[75,75,75,75,75,75,75,75,75,75,75,75],"card_choices":[{"not_picked":["Thunderclap","Flame Barrier"],"picked":"Headbutt","floor":1},{"not_picked":["Iron Wave","Armaments"],"picked":"Rampage","floor":3},{"not_picked":["Rage","Dual Wield"],"picked":"True Grit","floor":5},{"not_picked":["Shrug It Off","Warcry"],"picked":"Feed","floor":6},{"not_picked":["Cleave","Sword Boomerang"],"picked":"Shrug It Off","floor":7},{"not_picked":["Berserk","Heavy Blade"],"picked":"Clothesline","floor":8},{"not_picked":["Inflame","Reaper"],"picked":"Disarm","floor":11}],"player_experience":1421297,"relics_obtained":[{"floor":6,"key":"Dream Catcher"},{"floor":8,"key":"Letter Opener"},{"floor":9,"key":"Centennial Puzzle"},{"floor":11,"key":"Mercury Hourglass"}],"event_choices":[{"cards_removed":["Strike_R"],"damage_healed":0,"gold_gain":0,"player_choice":"Card Removal","damage_taken":7,"max_hp_gain":0,"max_hp_loss":0,"event_name":"Golden Wing","floor":2,"gold_loss":0},{"cards_removed":["Strike_R"],"damage_healed":0,"gold_gain":0,"player_choice":"Offered Basic","damage_taken":0,"max_hp_gain":0,"max_hp_loss":0,"event_name":"Bonfire Elementals","floor":4,"gold_loss":0}],"is_beta":false,"boss_relics":[],"items_purged_floors":[],"is_endless":false,"potions_floor_spawned":[3,8],"killed_by":"Red Slaver","ascension_level":20}