{"gold_per_floor":[118,193,193,206,206,206,506,506,506,524,542,574,574,610,610,739,739,759,684,705,465,565,609,609,397,422,422,422,422,521,535,535,659,659,684,684,69,90,90,90,115,146,146,146,161,61,84,84,84,84],"floor_reached":51,"playtime":2652,"items_purged":["Strike_G","Strike_G","Defend_G"],"score":807,"play_id":"af7652d3-f323-470f-9844-33cdf1ebfd40","local_time":"20180808105811","is_ascension_mode":true,"campfire_choices":[{"data":"Dagger Spray","floor":6.0,"key":"SMITH"},{"data":"Dagger Spray","floor":8.0,"key":"SMITH"},{"floor":15.0,"key":"REST"},{"data":"A Thousand Cuts","floor":24.0,"key":"SMITH"},{"data":"A Thousand Cuts","floor":27.0,"key":"SMITH"},{"floor":32.0,"key":"REST"},{"data":"Storm of Steel","floor":40.0,"key":"SMITH"},{"floor":44.0,"key":"REST"},{"floor":49.0,"key":"REST"}],"neow_cost":"NONE","seed_source_timestamp":0,"circlet_count":0,"master_deck":["Defend_G","Defend_G","Defend_G","Defend_G","Strike_G+1","Survivor","Neutralize+1","Dagger Spray+1","Dagger Spray+1","Cloak And Dagger","Dagger Spray","Leg Sweep","Cloak And Dagger","Malaise","Blur+1","A Thousand Cuts+1","Dagger Spray","Slice","A Thousand Cuts+1","Slice+1","Infinite Blades","Backstab","Endless Agony+1","Storm of Steel+1","Quick Slash+1","Accuracy+1","Accuracy+1","Master of Strategy","Slice","Concentrate+1","Endless Agony+1"],"special_seed":0,"relics":["Ring of the Snake","Mercury Hourglass","Old Coin","The Courier","Juzu Bracelet","Golden Idol","Potion Belt","WristBlade","Strawberry","Gambling Chip","Snake Skull","Letter Opener","Spirit Poop","Busted Crown","Frozen Egg 2","Whetstone","Du-Vu Doll","Boot","Bronze Scales"],"potions_floor_usage":[50,50],"damage_taken":[{"damage":0.0,"enemies":"Jaw Worm","floor":1.0,"turns":4.0},{"damage":0.0,"enemies":"Small Slimes","floor":4.0,"turns":3.0},{"damage":0.0,"enemies":"2 Louse","floor":10.0,"turns":2.0},{"damage":0.0,"enemies":"Looter","floor":11.0,"turns":3.0},{"damage":0.0,"enemies":"3 Sentries","floor":12.0,"turns":2.0},{"damage":15.0,"enemies":"Gremlin Nob","floor":14.0,"turns":4.0},{"damage":25.0,"enemies":"Slime Boss","floor":16.0,"turns":9.0},{"damage":4.0,"enemies":"Chosen","floor":18.0,"turns":6.0},{"damage":12.0,"enemies":"2 Thieves","floor":20.0,"turns":4.0},{"damage":6.0,"enemies":"Slavers","floor":23.0,"turns":3.0},{"damage":15.0,"enemies":"Snake Plant","floor":31.0,"turns":4.0},{"damage":10.0,"enemies":"Collector","floor":33.0,"turns":6.0},{"damage":0.0,"enemies":"Orb Walker","floor":35.0,"turns":2.0},{"damage":20.0,"enemies":"3 Darklings","floor":38.0,"turns":4.0},{"damage":8.0,"floor":39.0,"turns":5.0},{"damage":7.0,"enemies":"Sphere and 2 Shapes","floor":41.0,"turns":4.0},{"damage":13.0,"enemies":"2 Orb Walkers","floor":42.0,"turns":3.0},{"damage":0.0,"enemies":"Flame Bruiser 2 Orb","floor":45.0,"turns":4.0},{"damage":6.0,"enemies":"Spire Growth","floor":47.0,"turns":3.0},{"damage":66,"enemies":"Donu and Deca","floor":50,"turns":6}],"seed_played":"7625582149850289475","potions_obtained":[{"floor":4.0,"key":"Regen Potion"},{"floor":12.0,"key":"GamblersBrew"},{"floor":14.0,"key":"SteroidPotion"},{"floor":20.0,"key":"Energy Potion"},{"floor":23.0,"key":"Energy Potion"},{"floor":39.0,"key":"Energy Potion"},{"floor":41.0,"key":"GamblersBrew"},{"floor":47.0,"key":"LiquidBronze"}],"is_trial":false,"path_per_floor":["M","?","?","M","?","R","T","R","T","M","M","E","?","E","R","B",null,"M","?","M","$","?","E","R","$","T","R","?","?","?","M","R","B",null,"M","?","$","M","?","R","M","E","T","R","M","$","M","?","R","B"],"character_chosen":"THE_SILENT","items_purchased":["Dagger Spray","Slice","Strawberry","Slice","Infinite Blades","Backstab","Frozen Egg 2","Whetstone","Accuracy+1","Accuracy+1","Master of Strategy"],"campfire_rested":4,"item_purchase_floors":[21,21,21,25,25,25,37,37,37,37,37],"current_hp_per_floor":[70,59,59,59,47,47,47,47,47,47,47,52,35,20,41,16,70,66,66,54,61,61,55,55,55,55,55,55,55,55,40,63,53,77,77,77,77,57,49,49,42,29,29,52,52,52,46,46,69,3],"gold":84,"neow_bonus":"UPGRADE_CARD","is_prod":false,"is_daily":false,"chose_seed":false,"campfire_upgraded":5,"win_rate":0,"timestamp":1533743891,"path_taken":["M","?","?","M","?","R","?","R","T","M","M","E","?","E","R","BOSS","M","?","M","$","?","E","R","$","T","R","?","?","?","M","R","BOSS","M","?","$","M","?","R","M","E","T","R","M","$","M","?","R","BOSS"],"build_version":"2018-08-02","purchased_purges":3,"victory":true,"max_hp_per_floor":[70,70,70,70,70,70,70,70,70,70,70,70,70,70,70,70,70,70,70,70,77,77,77,77,77,77,77,77,77,77,77,77,77,77,77,77,77,77,77,77,77,77,77,77,77,77,77,77,77,77],"card_choices":[{"not_picked":["Flying Knee","Outmaneuver"],"picked":"Dagger Spray","floor":1.0},{"not_picked":["Acrobatics","Escape Plan"],"picked":"Dagger Spray","floor":4.0},{"not_picked":["Prepared","Blade Dance"],"picked":"Cloak And Dagger","floor":10.0},{"not_picked":["Outmaneuver","Riddle With Holes"],"picked":"Dagger Spray","floor":11.0},{"not_picked":["Predator","Underhanded Strike"],"picked":"Leg Sweep","floor":12.0},{"not_picked":["Acrobatics","Calculated Gamble"],"picked":"Cloak And Dagger","floor":14.0},{"not_picked":["Die Die Die","Unload"],"picked":"Malaise","floor":16.0},{"not_picked":["Backflip","Quick Slash"],"picked":"Blur+1","floor":18.0},{"not_picked":["Setup+1","Dagger Throw"],"picked":"A Thousand Cuts","floor":20.0},{"not_picked":["Accuracy","Bane"],"picked":"A Thousand Cuts","floor":23.0},{"not_picked":["Skewer+1","Tactician"],"picked":"Endless Agony+1","floor":31.0},{"not_picked":["Doppelganger","Night Terror"],"picked":"Storm of Steel","floor":33.0},{"not_picked":[],"picked":"Quick Slash+1","floor":35.0},{"not_picked":[],"picked":"Slice","floor":38.0},{"not_picked":[],"picked":"Deflect","floor":39.0},{"not_picked":["Bane+1"],"picked":"SKIP","floor":41.0},{"not_picked":[],"picked":"Concentrate+1","floor":42.0},{"not_picked":[],"picked":"Endless Agony+1","floor":45.0},{"not_picked":["Poisoned Stab+1"],"picked":"SKIP","floor":47.0}],"player_experience":446809,"relics_obtained":[{"floor":7.0,"key":"Old Coin"},{"floor":9.0,"key":"The Courier"},{"floor":12.0,"key":"Juzu Bracelet"},{"floor":14.0,"key":"Potion Belt"},{"floor":23.0,"key":"Gambling Chip"},{"floor":26.0,"key":"Snake Skull"},{"floor":39.0,"key":"Du-Vu Doll"},{"floor":42.0,"key":"Boot"},{"floor":43.0,"key":"Bronze Scales"}],"event_choices":[{"event_name":"World of Goop","player_choice":"Gather Gold","floor":2.0,"damage_taken":0.0},{"event_name":"Living Wall","player_choice":"Forget","floor":3.0,"damage_taken":0.0},{"event_name":"Scrap Ooze","player_choice":"success","floor":5.0,"damage_taken":12.0},{"event_name":"Golden Idol","player_choice":"Take Damage","floor":13.0,"damage_taken":0.0},{"event_name":"Beggar","player_choice":"Gave Gold","floor":19.0,"damage_taken":0.0},{"event_name":"Golden Shrine","player_choice":"Pray","floor":22.0,"damage_taken":0.0},{"event_name":"The Mausoleum","player_choice":"Yes","floor":28.0,"damage_taken":0.0},{"event_name":"Bonfire Elementals","player_choice":"CURSE","floor":29.0,"damage_taken":0.0},{"event_name":"Nest","player_choice":"Stole From Cult","floor":30.0,"damage_taken":0.0},{"event_name":"SensoryStone","player_choice":"Memory 1","floor":36.0,"damage_taken":0.0},{"event_name":"MindBloom","player_choice":"Fight","floor":39.0,"damage_taken":0.0},{"event_name":"Falling","player_choice":"Removed Skill","floor":48.0,"damage_taken":0.0}],"is_beta":false,"boss_relics":[{"not_picked":["Black Star","Runic Pyramid"],"picked":"WristBlade"},{"not_picked":["Lizard Tail","Orrery"],"picked":"Busted Crown"}],"items_purged_floors":[21,25,46],"is_endless":false,"potions_floor_spawned":[4,12,14,20,23,39,41,47],"ascension_level":1}