{"gold_per_floor":[113,63,82,82,98,98,132,132,180,192,203,203,221,234,234,331,381,397,72,72,82,82,108,108,122,202,218,218,275,275,292,292,292],"floor_reached":33,"playtime":2998,"items_purged":["Strike_G"],"score":343,"play_id":"8ead19cd-530d-4639-9cf6-b96b318a184b","local_time":"20180806175359","is_ascension_mode":true,"campfire_choices":[{"floor":6,"key":"REST"},{"data":"Crippling Poison","floor":8,"key":"SMITH"},{"floor":12,"key":"REST"},{"data":"Poisoned Stab","floor":15,"key":"SMITH"},{"data":"Deadly Poison","floor":30,"key":"SMITH"},{"data":"Ghostly","floor":32,"key":"SMITH"}],"neow_cost":"NONE","seed_source_timestamp":118890625491962,"circlet_count":0,"master_deck":["Defend_G","Defend_G","Defend_G","Defend_G","Defend_G+1","Strike_G","Strike_G","Strike_G","Survivor","Neutralize","Dagger Spray","Poisoned Stab+1","Crippling Poison+1","Noxious Fumes+1","Backflip","Bane","Infinite Blades+1","Die Die Die","Noxious Fumes+1","Bouncing Flask+1","Deadly Poison+1","Ghostly+1","Ghostly","Ghostly","Ghostly","Ghostly","Adrenaline"],"relics":["Ring of the Snake","Orichalcum","Regal Pillow","Frozen Egg 2","Lantern","Tiny House","Snake Skull","Pen Nib","Meat on the Bone","Happy Flower","Tiny Chest"],"potions_floor_usage":[7,11,16,16,18,23,23,27,33],"damage_taken":[{"damage":4,"enemies":"2 Louse","floor":1,"turns":3},{"damage":0,"enemies":"Cultist","floor":3,"turns":6},{"damage":3,"enemies":"Jaw Worm","floor":5,"turns":6},{"damage":11,"enemies":"Lagavulin","floor":7,"turns":6},{"damage":0,"enemies":"Lots of Slimes","floor":10,"turns":2},{"damage":18,"enemies":"Exordium Thugs","floor":11,"turns":3},{"damage":0,"enemies":"Red Slaver","floor":13,"turns":4},{"damage":3,"enemies":"Looter","floor":14,"turns":3},{"damage":22,"enemies":"Hexaghost","floor":16,"turns":7},{"damage":15,"enemies":"Spheric Guardian","floor":18,"turns":5},{"damage":22,"enemies":"2 Thieves","floor":21,"turns":4},{"damage":30,"enemies":"Slavers","floor":23,"turns":4},{"damage":0,"enemies":"3 Cultists","floor":25,"turns":6},{"damage":0,"enemies":"Centurion and Healer","floor":27,"turns":6},{"damage":10,"enemies":"Book of Stabbing","floor":29,"turns":5},{"damage":0,"enemies":"Snake Plant","floor":31,"turns":4},{"damage":40,"enemies":"Champ","floor":33,"turns":8}],"seed_played":"505932182724010549","potions_obtained":[{"floor":5,"key":"Fire Potion"},{"floor":7,"key":"SkillPotion"},{"floor":11,"key":"Dexterity Potion"},{"floor":14,"key":"Strength Potion"},{"floor":17,"key":"SkillPotion"},{"floor":23,"key":"FearPotion"},{"floor":25,"key":"Regen Potion"},{"floor":31,"key":"Regen Potion"}],"is_trial":false,"path_per_floor":["M","?","M","?","M","R","E","R","T","M","M","R","M","M","R","B",null,"M","$","?","M","?","E","?","M","T","M","?","E","R","M","R"],"character_chosen":"THE_SILENT","items_purchased":["Snake Skull","Explosive Potion","Swift Potion"],"campfire_rested":2,"item_purchase_floors":[19,19,19],"current_hp_per_floor":[66,66,66,48,45,70,59,59,59,59,41,70,70,67,67,45,75,60,60,75,53,53,23,23,23,23,37,37,27,27,27,27,0],"gold":292,"neow_bonus":"RANDOM_COMMON_RELIC","is_prod":false,"is_daily":false,"chose_seed":false,"campfire_upgraded":4,"win_rate":0,"timestamp":1533603239,"path_taken":["M","?","M","?","M","R","E","R","T","M","M","R","?","M","R","BOSS","M","$","?","M","?","E","?","M","T","?","?","E","R","M","R","BOSS"],"build_version":"2018-08-02","purchased_purges":1,"victory":false,"max_hp_per_floor":[70,70,70,70,70,70,70,70,70,70,70,70,70,70,70,70,75,75,75,75,75,75,75,37,37,37,37,37,37,37,37,37,37],"card_choices":[{"not_picked":["Blade Dance","Deflect"],"picked":"Dagger Spray","floor":1},{"not_picked":["Concentrate","Quick Slash"],"picked":"Poisoned Stab","floor":3},{"not_picked":["Escape Plan","Cloak And Dagger"],"picked":"Crippling Poison","floor":5},{"not_picked":["Escape Plan","Cloak And Dagger"],"picked":"Noxious Fumes","floor":7},{"not_picked":["Catalyst","Prepared"],"picked":"Backflip","floor":10},{"not_picked":["Blade Dance","Dagger Spray"],"picked":"Bane","floor":11},{"not_picked":["Blur","Concentrate","Grand Finale"],"picked":"SKIP","floor":13},{"not_picked":["Acrobatics","Prepared"],"picked":"Infinite Blades+1","floor":14},{"not_picked":["Night Terror","Grand Finale"],"picked":"Die Die Die","floor":16},{"not_picked":["Escape Plan","Deflect"],"picked":"Noxious Fumes+1","floor":17},{"not_picked":["Footwork+1","Deflect"],"picked":"Bouncing Flask+1","floor":18},{"not_picked":["Blade Dance","Deflect","Skewer"],"picked":"SKIP","floor":21},{"not_picked":["Blade Dance","Acrobatics"],"picked":"Deadly Poison","floor":23},{"not_picked":["Caltrops+1","Underhanded Strike+1"],"picked":"Adrenaline","floor":25},{"not_picked":["Flying Knee","Backflip+1","Crippling Poison"],"picked":"SKIP","floor":27},{"not_picked":["Blade Dance+1","Outmaneuver","Malaise"],"picked":"SKIP","floor":29},{"not_picked":["Deflect","Outmaneuver","Blade Dance"],"picked":"SKIP","floor":31}],"player_experience":213218,"relics_obtained":[{"floor":7,"key":"Frozen Egg 2"},{"floor":9,"key":"Lantern"},{"floor":23,"key":"Pen Nib"},{"floor":26,"key":"Meat on the Bone"},{"floor":29,"key":"Tiny Chest"}],"event_choices":[{"event_name":"The Cleric","player_choice":"Card Removal","floor":2,"damage_taken":0},{"event_name":"Scrap Ooze","player_choice":"success","floor":4,"damage_taken":18},{"event_name":"The Library","player_choice":"Heal","floor":20,"damage_taken":0},{"event_name":"Addict","player_choice":"Ignored","floor":22,"damage_taken":0},{"event_name":"Ghosts","player_choice":"Became a Ghost","floor":24,"damage_taken":0},{"event_name":"WeMeetAgain","player_choice":"Potion","floor":28,"damage_taken":0}],"is_beta":false,"boss_relics":[{"not_picked":["Philosopher\u0027s Stone","Snecko Eye"],"picked":"Tiny House"}],"items_purged_floors":[19],"is_endless":false,"potions_floor_spawned":[5,7,11,14,23,25,31],"killed_by":"Champ","ascension_level":2}