{"gold_per_floor":[110,124,124,137,50,84,84,102,102,132,132,145,91,116,116,217,267,278,278,278,297,8,8,18,18,44,78,3,3,28,45,45,45],"floor_reached":33,"playtime":2294,"items_purged":["Defend_R"],"score":344,"play_id":"33fe6ecc-35ac-4881-aed2-d9b9a53d215e","local_time":"20190630214858","is_ascension_mode":true,"campfire_choices":[{"data":"Twin Strike","floor":7,"key":"SMITH"},{"data":"Twin Strike","floor":11,"key":"SMITH"},{"data":"Perfected Strike","floor":15,"key":"SMITH"},{"data":"Infernal Blade","floor":23,"key":"SMITH"},{"data":"Shrug It Off","floor":29,"key":"SMITH"},{"data":"True Grit","floor":32,"key":"SMITH"}],"neow_cost":"NONE","seed_source_timestamp":2008784010647849,"circlet_count":0,"master_deck":["Strike_R+1","Strike_R","Strike_R","Strike_R+1","Strike_R","Defend_R","Defend_R","Bash","Shrug It Off+1","Twin Strike+1","Intimidate","Sentinel","Swift Strike","Wild Strike+1","Flex","Twin Strike+1","Thunderclap","Perfected Strike+1","Reaper","Intimidate","True Grit+1","Seeing Red+1","Infernal Blade+1","Offering","Warcry","Wild Strike+1","Fiend Fire+1"],"relics":["Burning Blood","Strawberry","Oddly Smooth Stone","Paper Frog","Happy Flower","Tiny House","MutagenicStrength","Molten Egg 2","Bag of Marbles","Pantograph","Lantern"],"potions_floor_usage":[10,14,16,24,24,27,33],"damage_taken":[{"damage":11,"enemies":"2 Louse","floor":1,"turns":3},{"damage":3,"enemies":"Jaw Worm","floor":2,"turns":5},{"damage":2,"enemies":"Small Slimes","floor":4,"turns":3},{"damage":24,"enemies":"Gremlin Nob","floor":6,"turns":4},{"damage":0,"enemies":"3 Louse","floor":8,"turns":3},{"damage":31,"enemies":"Lagavulin","floor":10,"turns":5},{"damage":3,"enemies":"Red Slaver","floor":12,"turns":3},{"damage":0,"enemies":"Gremlin Nob","floor":14,"turns":2},{"damage":16,"enemies":"Hexaghost","floor":16,"turns":6},{"damage":0,"enemies":"Spheric Guardian","floor":18,"turns":2},{"damage":19,"enemies":"3 Byrds","floor":21,"turns":6},{"damage":5,"enemies":"3 Cultists","floor":24,"turns":5},{"damage":12,"enemies":"Gremlin Leader","floor":27,"turns":3},{"damage":29,"enemies":"Book of Stabbing","floor":30,"turns":4},{"damage":21,"enemies":"Snake Plant","floor":31,"turns":2},{"damage":98,"enemies":"Champ","floor":33,"turns":7}],"seed_played":"5754218298977338629","potions_obtained":[{"floor":6,"key":"LiquidBronze"},{"floor":10,"key":"SteroidPotion"},{"floor":12,"key":"FearPotion"},{"floor":16,"key":"LiquidBronze"},{"floor":17,"key":"AttackPotion"},{"floor":21,"key":"Explosive Potion"},{"floor":27,"key":"Regen Potion"},{"floor":31,"key":"SpeedPotion"}],"is_trial":false,"path_per_floor":["M","M","?","M","$","E","R","M","T","E","R","M","$","E","R","B",null,"M","?","?","M","$","R","M","?","T","E","$","R","E","M","R","B"],"character_chosen":"IRONCLAD","items_purchased":["Swift Strike","Perfected Strike","Molten Egg 2","Infernal Blade"],"campfire_rested":0,"item_purchase_floors":[5,13,22,22],"current_hp_per_floor":[75,78,62,66,66,55,55,61,61,36,36,39,39,45,45,35,92,92,92,92,79,79,79,88,88,88,92,92,92,69,54,54,0],"gold":45,"neow_bonus":"THREE_CARDS","is_prod":false,"is_daily":false,"chose_seed":false,"campfire_upgraded":6,"win_rate":0,"timestamp":1561952938,"path_taken":["M","M","?","M","$","E","R","M","T","E","R","M","$","E","R","BOSS","M","?","?","M","$","R","M","?","T","E","$","R","E","?","R","BOSS"],"build_version":"2019-01-23","purchased_purges":1,"victory":false,"max_hp_per_floor":[80,80,80,80,80,87,87,87,87,87,87,87,87,87,87,87,92,92,92,92,92,92,92,92,92,92,92,92,92,92,92,92,92],"card_choices":[{"not_picked":["Evolve","Cleave"],"picked":"Shrug It Off","floor":0},{"not_picked":["Thunderclap","Sever Soul"],"picked":"Twin Strike","floor":1},{"not_picked":["Flame Barrier","Body Slam"],"picked":"Intimidate","floor":2},{"not_picked":["Exhume","Dual Wield"],"picked":"Sentinel","floor":4},{"not_picked":["Evolve","Rage"],"picked":"Wild Strike","floor":6},{"not_picked":["Power Through","Heavy Blade"],"picked":"Flex","floor":8},{"not_picked":["Flex","Limit Break"],"picked":"Twin Strike","floor":10},{"not_picked":["Iron Wave","Entrench"],"picked":"Thunderclap","floor":12},{"not_picked":["Body Slam","Immolate","Clothesline"],"picked":"SKIP","floor":14},{"not_picked":["Dark Embrace","Exhume"],"picked":"Reaper","floor":16},{"not_picked":["Dropkick","Clash"],"picked":"Intimidate","floor":17},{"not_picked":["Clothesline","Thunderclap+1"],"picked":"True Grit","floor":18},{"not_picked":["Clash+1","Armaments+1"],"picked":"Seeing Red+1","floor":21},{"not_picked":["Warcry","Thunderclap+1"],"picked":"Offering","floor":24},{"not_picked":["Heavy Blade+1","Clothesline+1"],"picked":"Warcry","floor":27},{"not_picked":["Clothesline+1","Cleave+1"],"picked":"Wild Strike+1","floor":30},{"not_picked":["Fire Breathing","Anger+1"],"picked":"Fiend Fire+1","floor":31}],"player_experience":62292,"relics_obtained":[{"floor":6,"key":"Strawberry"},{"floor":9,"key":"Oddly Smooth Stone"},{"floor":10,"key":"Paper Frog"},{"floor":14,"key":"Happy Flower"},{"floor":26,"key":"Bag of Marbles"},{"floor":27,"key":"Pantograph"},{"floor":30,"key":"Lantern"}],"event_choices":[{"damage_healed":0,"gold_gain":0,"player_choice":"Entered Light","damage_taken":16,"max_hp_gain":0,"max_hp_loss":0,"event_name":"Shining Light","floor":3,"gold_loss":0,"cards_upgraded":["Strike_R","Strike_R"]},{"damage_healed":0,"gold_gain":0,"player_choice":"Inject Mutagens","damage_taken":0,"relics_obtained":["MutagenicStrength"],"max_hp_gain":0,"max_hp_loss":0,"event_name":"Drug Dealer","floor":19,"gold_loss":0},{"damage_healed":0,"gold_gain":0,"player_choice":"Ignored","damage_taken":0,"max_hp_gain":0,"max_hp_loss":0,"event_name":"Ghosts","floor":20,"gold_loss":0},{"cards_removed":["Defend_R"],"damage_healed":0,"gold_gain":0,"player_choice":"Offered Basic","damage_taken":0,"max_hp_gain":0,"max_hp_loss":0,"event_name":"Bonfire Elementals","floor":25,"gold_loss":0}],"is_beta":false,"boss_relics":[{"not_picked":["Ectoplasm","Runic Cube"],"picked":"Tiny House"}],"items_purged_floors":[28],"is_endless":false,"potions_floor_spawned":[6,10,12,16,21,27,31],"killed_by":"Champ","ascension_level":1}