{"gold_per_floor":[116,116,116,37,51,51,91,91,146,167,205,229,229,248,248,248],"floor_reached":16,"playtime":997,"items_purged":[],"score":187,"play_id":"03bd289e-0cb3-4ba9-9b1a-3a581d9e69c2","local_time":"20190516203859","is_ascension_mode":true,"campfire_choices":[{"data":"Footwork","floor":6,"key":"SMITH"},{"floor":8,"key":"REST"},{"floor":13,"key":"REST"},{"floor":15,"key":"REST"}],"neow_cost":"NONE","seed_source_timestamp":158971656270921,"circlet_count":0,"master_deck":["AscendersBane","Defend_G","Defend_G","Defend_G","Defend_G","Defend_G","Strike_G","Strike_G","Strike_G","Strike_G","Strike_G","Survivor","Neutralize","Endless Agony+1","Escape Plan","Footwork+1","Backstab","Storm of Steel","Acrobatics","Endless Agony","Flying Knee","Blade Dance"],"relics":["Ring of the Snake","Golden Idol","Lantern","Tiny Chest","Dead Branch"],"potions_floor_usage":[7,11],"damage_taken":[{"damage":1,"enemies":"Jaw Worm","floor":1,"turns":4},{"damage":4,"enemies":"Small Slimes","floor":5,"turns":4},{"damage":12,"enemies":"Lagavulin","floor":7,"turns":6},{"damage":0,"enemies":"Cultist","floor":10,"turns":3},{"damage":27,"enemies":"Gremlin Nob","floor":11,"turns":4},{"damage":0,"enemies":"2 Fungi Beasts","floor":12,"turns":2},{"damage":0,"enemies":"Blue Slaver","floor":14,"turns":2},{"damage":51,"enemies":"The Guardian","floor":16,"turns":7}],"seed_played":"-6376515221423554431","potions_obtained":[{"floor":1,"key":"Strength Potion"},{"floor":5,"key":"Ancient Potion"},{"floor":10,"key":"Strength Potion"},{"floor":11,"key":"Ancient Potion"},{"floor":14,"key":"Dexterity Potion"}],"is_trial":false,"path_per_floor":["M","?","?","$","M","R","E","R","T","M","E","M","R","M","R","B"],"character_chosen":"THE_SILENT","items_purchased":["Footwork"],"campfire_rested":3,"item_purchase_floors":[4],"current_hp_per_floor":[58,58,42,42,38,38,26,45,45,45,18,18,37,37,56,5],"gold":248,"neow_bonus":"THREE_CARDS","is_prod":false,"is_daily":false,"chose_seed":false,"campfire_upgraded":1,"win_rate":0,"timestamp":1558057139,"path_taken":["M","?","?","?","M","R","E","R","T","M","E","M","R","M","R","BOSS"],"build_version":"2019-01-23","purchased_purges":0,"victory":false,"max_hp_per_floor":[66,66,66,66,66,66,66,66,66,66,66,66,66,66,66,66],"card_choices":[{"not_picked":["Acrobatics","Dagger Throw"],"picked":"Endless Agony","floor":0},{"not_picked":["Leg Sweep","Noxious Fumes"],"picked":"Escape Plan","floor":1},{"not_picked":["Bouncing Flask","Finisher"],"picked":"Backstab","floor":5},{"not_picked":["Terror","Poisoned Stab"],"picked":"Storm of Steel","floor":7},{"not_picked":["Bane","Dagger Throw"],"picked":"Acrobatics","floor":10},{"not_picked":["Leg Sweep","Slice"],"picked":"Endless Agony","floor":11},{"not_picked":["Wraith Form v2","Poisoned Stab"],"picked":"Flying Knee","floor":12},{"not_picked":["Bane","Sucker Punch"],"picked":"Blade Dance","floor":14}],"player_experience":1387864,"relics_obtained":[{"floor":7,"key":"Lantern"},{"floor":9,"key":"Tiny Chest"},{"floor":11,"key":"Dead Branch"}],"event_choices":[{"damage_healed":0,"gold_gain":0,"player_choice":"Grow","damage_taken":0,"max_hp_gain":0,"max_hp_loss":0,"event_name":"Living Wall","floor":2,"gold_loss":0,"cards_upgraded":["Endless Agony"]},{"damage_healed":0,"gold_gain":0,"player_choice":"Take Damage","damage_taken":16,"relics_obtained":["Golden Idol"],"max_hp_gain":0,"max_hp_loss":0,"event_name":"Golden Idol","floor":3,"gold_loss":0}],"is_beta":false,"boss_relics":[],"items_purged_floors":[],"is_endless":false,"potions_floor_spawned":[1,5,10,11,14],"killed_by":"The Guardian","ascension_level":14}