{"gold_per_floor":[114,126,143,160,160,160,185,185,185,185,214,214,269,42,42,146,146,161,76,76,1,18,50,50,60,84,84],"floor_reached":27,"playtime":3330,"items_purged":["Normality"],"score":249,"play_id":"ac27e439-5ff4-4513-ace2-f73b024c02f7","local_time":"20190619140332","is_ascension_mode":false,"campfire_choices":[{"data":"Zap","floor":6,"key":"SMITH"},{"data":"Rainbow","floor":8,"key":"SMITH"},{"data":"Dualcast","floor":10,"key":"SMITH"},{"data":"Reinforced Body","floor":12,"key":"SMITH"},{"floor":15,"key":"REST"},{"floor":24,"key":"REST"}],"neow_cost":"NONE","seed_source_timestamp":0,"circlet_count":0,"master_deck":["Strike_B+1","Strike_B+1","Strike_B","Strike_B","Defend_B","Defend_B","Defend_B","Defend_B","Zap+1","Dualcast+1","Rebound+1","Lockon+1","Reinforced Body+1","Conserve Battery","Rainbow+1","Gash","Gash","Conserve Battery","Seek","Parasite","Injury","Rebound","Compile Driver+1","Streamline+1","Loop","Ball Lightning+1"],"special_seed":0,"relics":["Cracked Core","PreservedInsect","Whetstone","Singing Bowl","Peace Pipe","Tiny Chest","Medical Kit","Calling Bell","Boot","Mummified Hand","Mango","Molten Egg 2","Sundial","Ancient Tea Set"],"potions_floor_usage":[27,27],"damage_taken":[{"damage":0.0,"enemies":"Small Slimes","floor":1.0,"turns":3.0},{"damage":0.0,"enemies":"2 Louse","floor":2.0,"turns":2.0},{"damage":1.0,"enemies":"Cultist","floor":3.0,"turns":3.0},{"damage":2,"enemies":"Large Slime","floor":4,"turns":5},{"damage":8,"enemies":"Lagavulin","floor":7,"turns":4},{"damage":9,"enemies":"Gremlin Nob","floor":11,"turns":3},{"damage":11,"enemies":"3 Sentries","floor":13,"turns":5},{"damage":35,"enemies":"Slime Boss","floor":16,"turns":10},{"damage":1,"enemies":"Spheric Guardian","floor":18,"turns":3},{"damage":24,"enemies":"2 Thieves","floor":22,"turns":4},{"damage":74,"enemies":"Gremlin Leader","floor":23,"turns":11},{"damage":18,"enemies":"Sentry and Sphere","floor":25,"turns":5},{"damage":16,"enemies":"Shelled Parasite and Fungi","floor":27,"turns":4}],"seed_played":"-5643496820535085348","potions_obtained":[{"floor":3,"key":"Fire Potion"},{"floor":4,"key":"EntropicBrew"},{"floor":7,"key":"Poison Potion"},{"floor":11,"key":"FairyPotion"},{"floor":16,"key":"Energy Potion"}],"is_trial":false,"path_per_floor":["M","M","M","M","?","R","E","R","T","R","E","R","E","$","R","B",null,"M","?","?","$","M","E","R","M","T","M"],"character_chosen":"DEFECT","items_purchased":["Medical Kit","Conserve Battery"],"campfire_rested":2,"item_purchase_floors":[14,14],"current_hp_per_floor":[75,75,74,72,57,57,49,49,49,49,40,40,29,29,51,16,89,88,88,88,88,64,8,34,16,16,0],"gold":84,"neow_bonus":"RANDOM_COMMON_RELIC","is_prod":false,"is_daily":false,"chose_seed":false,"campfire_upgraded":4,"win_rate":0.0,"timestamp":1560945812,"path_taken":["M","M","M","M","?","R","E","R","T","R","E","R","E","$","R","BOSS","M","?","?","$","M","E","R","M","T","M"],"build_version":"2019-01-23","purchased_purges":1,"victory":false,"max_hp_per_floor":[75,75,75,75,75,75,75,75,75,75,75,75,75,75,75,75,89,89,89,89,89,89,89,89,89,89,89],"card_choices":[{"not_picked":["Sunder","Hello World"],"picked":"Rebound","floor":1.0},{"not_picked":["Steam","Barrage"],"picked":"Lockon","floor":2.0},{"not_picked":["Self Repair","Ball Lightning"],"picked":"Reinforced Body","floor":3},{"not_picked":["Streamline","Reprogram"],"picked":"Conserve Battery","floor":4},{"not_picked":["Leap","Streamline"],"picked":"Rainbow","floor":7},{"not_picked":["Coolheaded","Leap"],"picked":"Gash","floor":11},{"not_picked":["Streamline","Tempest"],"picked":"Gash","floor":13},{"not_picked":["Creative AI","Amplify"],"picked":"Seek","floor":16},{"not_picked":["Glacier","Storm"],"picked":"Rebound","floor":18},{"not_picked":["BootSequence+1","Aggregate"],"picked":"Streamline+1","floor":22},{"not_picked":["Leap","Reinforced Body+1"],"picked":"Loop","floor":23},{"not_picked":["Darkness+1","Creative AI"],"picked":"Ball Lightning+1","floor":25}],"player_experience":79857,"relics_obtained":[{"floor":7,"key":"Whetstone"},{"floor":9,"key":"Singing Bowl"},{"floor":11,"key":"Peace Pipe"},{"floor":13,"key":"Tiny Chest"},{"floor":17,"key":"Boot"},{"floor":17,"key":"Mummified Hand"},{"floor":17,"key":"Mango"},{"floor":23,"key":"Sundial"},{"floor":26,"key":"Ancient Tea Set"}],"event_choices":[{"damage_healed":0,"gold_gain":0,"player_choice":"Entered Light","damage_taken":15,"max_hp_gain":0,"max_hp_loss":0,"event_name":"Shining Light","floor":5,"gold_loss":0,"cards_upgraded":["Rebound","Lockon"]},{"damage_healed":0,"gold_gain":0,"player_choice":"Obtained Relic","damage_taken":0,"relics_obtained":["Molten Egg 2"],"max_hp_gain":0,"max_hp_loss":0,"event_name":"Addict","floor":19,"gold_loss":85},{"damage_healed":0,"gold_gain":0,"player_choice":"1 cards matched","damage_taken":0,"max_hp_gain":0,"max_hp_loss":0,"event_name":"Match and Keep!","floor":20,"gold_loss":0,"cards_obtained":["Compile Driver"]}],"is_beta":false,"boss_relics":[{"not_picked":["Coffee Dripper","Astrolabe"],"picked":"Calling Bell"}],"items_purged_floors":[21],"is_endless":false,"potions_floor_spawned":[3,4,7,11,16,22],"killed_by":"Shelled Parasite and Fungi","ascension_level":0}