{"gold_per_floor":[359,370,382,382,396,427,427,51,51,67,92,92,102,117,117,214,214,229,209,59,59,73,73,86,110,110,25,59,77,77,42,42,42],"floor_reached":33,"playtime":2492,"items_purged":["Strike_R","Defend_R"],"score":293,"play_id":"8cf22bc2-193d-43db-b83b-5c8fbb3a14f9","local_time":"20180804101315","is_ascension_mode":true,"campfire_choices":[{"floor":7,"key":"REST"},{"floor":12,"key":"REST"},{"floor":15,"key":"REST"},{"data":"Shockwave","floor":23,"key":"SMITH"},{"floor":32,"key":"REST"}],"neow_cost":"FIFTY_PERCENT_DAMAGE","seed_source_timestamp":1002436896428,"circlet_count":0,"master_deck":["Strike_R","Strike_R","Strike_R","Defend_R","Defend_R","Defend_R","Bash","Ghostly Armor","Pommel Strike","Pommel Strike","Shockwave+1","Impervious+1","Thunderclap","Wild Strike+1","Pain","Injury","Cleave+1","Combust+1"],"relics":["Burning Blood","Incense Burner","Boot","Torii","Paper Frog","Cursed Key","Juzu Bracelet","Frozen Egg 2","StoneCalendar","Regal Pillow"],"potions_floor_usage":[2,6,10,10,11,16,16,22,28,29,33],"damage_taken":[{"damage":5,"enemies":"Small Slimes","floor":1,"turns":3},{"damage":1,"enemies":"Cultist","floor":2,"turns":3},{"damage":0,"enemies":"2 Louse","floor":3,"turns":3},{"damage":11,"enemies":"2 Fungi Beasts","floor":5,"turns":5},{"damage":26,"enemies":"3 Sentries","floor":6,"turns":13},{"damage":10,"enemies":"Exordium Thugs","floor":10,"turns":6},{"damage":45,"enemies":"Lagavulin","floor":11,"turns":7},{"damage":1,"enemies":"Exordium Wildlife","floor":13,"turns":7},{"damage":0,"enemies":"2 Fungi Beasts","floor":14,"turns":4},{"damage":66,"enemies":"Hexaghost","floor":16,"turns":10},{"damage":0,"enemies":"Chosen","floor":18,"turns":4},{"damage":0,"enemies":"2 Thieves","floor":19,"turns":4},{"damage":2,"enemies":"Slaver and Parasite","floor":22,"turns":5},{"damage":16,"enemies":"Centurion and Healer","floor":24,"turns":6},{"damage":4,"enemies":"Slavers","floor":28,"turns":5},{"damage":3,"enemies":"Snecko","floor":29,"turns":3},{"damage":96,"enemies":"Champ","floor":33,"turns":11}],"seed_played":"-2146030021208466703","potions_obtained":[{"floor":1,"key":"Energy Potion"},{"floor":2,"key":"Ancient Potion"},{"floor":6,"key":"Swift Potion"},{"floor":10,"key":"Regen Potion"},{"floor":11,"key":"GamblersBrew"},{"floor":14,"key":"AttackPotion"},{"floor":19,"key":"AttackPotion"},{"floor":24,"key":"SpeedPotion"}],"is_trial":false,"path_per_floor":["M","M","M","?","M","E","R","$","T","M","E","R","M","M","R","B",null,"M","M","$","?","M","R","M","T","T","?","E","M","?","$","R"],"character_chosen":"IRONCLAD","items_purchased":["Fruit Juice","Boot","Poison Potion","Swift Potion","Combust+1"],"campfire_rested":4,"item_purchase_floors":[8,8,8,20,31],"current_hp_per_floor":[41,46,52,52,47,27,51,51,51,52,28,53,58,64,85,25,85,85,85,85,69,73,73,63,63,63,63,65,68,68,68,90,0],"gold":42,"neow_bonus":"TWO_FIFTY_GOLD","is_prod":false,"is_daily":false,"chose_seed":false,"campfire_upgraded":1,"win_rate":0,"timestamp":1533402795,"path_taken":["M","M","M","?","M","E","R","$","T","M","E","R","M","M","R","BOSS","M","M","$","?","M","R","M","?","T","?","E","M","?","$","R","BOSS"],"build_version":"2018-08-02","purchased_purges":2,"victory":false,"max_hp_per_floor":[80,80,80,80,80,80,80,80,80,85,85,85,85,85,85,85,85,85,85,85,90,90,90,90,90,90,90,90,90,90,90,90,90],"card_choices":[{"not_picked":["Entrench","Headbutt","Armaments"],"picked":"SKIP","floor":1},{"not_picked":["Pommel Strike","Armaments"],"picked":"Ghostly Armor","floor":2},{"not_picked":["Sword Boomerang","Reckless Charge","Armaments"],"picked":"SKIP","floor":3},{"not_picked":["Warcry","Power Through"],"picked":"Pommel Strike","floor":5},{"not_picked":["Heavy Blade","Havoc"],"picked":"Pommel Strike","floor":6},{"not_picked":["Seeing Red","Headbutt","Heavy Blade"],"picked":"SKIP","floor":10},{"not_picked":["Sword Boomerang","Anger"],"picked":"Shockwave","floor":11},{"not_picked":["Havoc","Headbutt","Heavy Blade"],"picked":"SKIP","floor":13},{"not_picked":["Wild Strike","Clash","Dark Embrace"],"picked":"SKIP","floor":14},{"not_picked":["Limit Break","Dark Embrace"],"picked":"Impervious","floor":16},{"not_picked":["Feel No Pain","Anger"],"picked":"Thunderclap","floor":18},{"not_picked":["Clash","Sword Boomerang"],"picked":"Wild Strike+1","floor":19},{"not_picked":["Heavy Blade","Thunderclap+1","Twin Strike"],"picked":"SKIP","floor":22},{"not_picked":["Thunderclap","Sword Boomerang+1","Heavy Blade+1"],"picked":"SKIP","floor":24},{"not_picked":["Body Slam","Anger","Power Through"],"picked":"SKIP","floor":28},{"not_picked":["Heavy Blade","Flex"],"picked":"Cleave+1","floor":29}],"player_experience":184922,"relics_obtained":[{"floor":6,"key":"Incense Burner"},{"floor":9,"key":"Torii"},{"floor":11,"key":"Paper Frog"},{"floor":25,"key":"Juzu Bracelet"},{"floor":26,"key":"Frozen Egg 2"},{"floor":28,"key":"Regal Pillow"}],"event_choices":[{"event_name":"Bonfire Elementals","player_choice":"BASIC","floor":4,"damage_taken":0},{"event_name":"Forgotten Altar","player_choice":"Shed Blood","floor":21,"damage_taken":0},{"event_name":"Addict","player_choice":"Obtained Relic","floor":27,"damage_taken":0},{"event_name":"Accursed Blacksmith","player_choice":"Forge","floor":30,"damage_taken":0}],"is_beta":false,"boss_relics":[{"not_picked":["Runic Pyramid","Black Star"],"picked":"Cursed Key"}],"items_purged_floors":[8,20],"is_endless":false,"potions_floor_spawned":[1,2,6,10,11,14,19,24],"killed_by":"Champ","ascension_level":1}