{"gold_per_floor":[115,215,235,251,263,294,39,39,66,66,86,112,38,93,93,194,194,214,214,234,264,564,590,590,624,624,506,506,516,535,551,551,656,656,666,666,85,135,147,180,198,7,61,61,73,73,295,315,315,315,315,315,58,92,92],"floor_reached":56,"playtime":5701,"items_purged":["Parasite"],"score":1335,"play_id":"b727f556-9c3c-4c3e-9c8f-47ab30c04c60","local_time":"20190314143049","is_ascension_mode":false,"campfire_choices":[{"data":"Bouncing Flask","floor":8.0,"key":"SMITH"},{"data":"Prepared","floor":10.0,"key":"SMITH"},{"floor":15.0,"key":"REST"},{"floor":32.0,"key":"REST"},{"data":"Catalyst","floor":46.0,"key":"SMITH"},{"floor":49.0,"key":"RECALL"},{"data":"Catalyst","floor":52.0,"key":"SMITH"}],"neow_cost":"NONE","seed_source_timestamp":0,"circlet_count":0,"master_deck":["Defend_G+1","Defend_G+1","Defend_G+1","Defend_G+1","Defend_G+1","Strike_G+1","Strike_G+1","Strike_G+1","Strike_G+1","Strike_G+1","Survivor","Neutralize","Bouncing Flask+1","Dagger Throw+1","Poisoned Stab+1","Reflex","Acrobatics","Prepared+1","Underhanded Strike","Underhanded Strike","Catalyst+1","Backflip","Concentrate","After Image","Footwork+1","Dodge and Roll+1","Bouncing Flask","Backflip","Bane+1","Calculated Gamble","Flying Knee","Noxious Fumes+1","A Thousand Cuts","Dramatic Entrance","Quick Slash+1","Backflip+1","Catalyst+1","Footwork","Acrobatics+1"],"special_seed":0,"relics":["Ring of the Snake","Centennial Puzzle","TwistedFunnel","Dream Catcher","Whetstone","Tiny Chest","Black Star","Red Mask","Old Coin","Mummified Hand","Pantograph","The Courier","Bronze Scales","Gremlin Horn","Happy Flower","MutagenicStrength","Sozu","Incense Burner","Anchor","Kunai","StoneCalendar","Ninja Scroll","Bird Faced Urn","DollysMirror","Mercury Hourglass","Du-Vu Doll","Gambling Chip"],"potions_floor_usage":[],"damage_taken":[{"damage":1.0,"enemies":"2 Louse","floor":1.0,"turns":3.0},{"damage":0.0,"enemies":"Cultist","floor":3.0,"turns":3.0},{"damage":0.0,"enemies":"Jaw Worm","floor":4.0,"turns":4.0},{"damage":0.0,"enemies":"3 Louse","floor":5.0,"turns":3.0},{"damage":9.0,"enemies":"3 Sentries","floor":6.0,"turns":11.0},{"damage":2.0,"enemies":"Looter","floor":11.0,"turns":2.0},{"damage":31.0,"enemies":"Lagavulin","floor":12.0,"turns":5.0},{"damage":8.0,"enemies":"3 Sentries","floor":14.0,"turns":5.0},{"damage":28.0,"enemies":"Hexaghost","floor":16.0,"turns":5.0},{"damage":0.0,"enemies":"Chosen","floor":18.0,"turns":4.0},{"damage":0.0,"enemies":"Shell Parasite","floor":20.0,"turns":4.0},{"damage":15.0,"enemies":"Masked Bandits","floor":21.0,"turns":8.0},{"damage":25.0,"enemies":"Slavers","floor":23.0,"turns":6.0},{"damage":0.0,"enemies":"Gremlin Leader","floor":25.0,"turns":5.0},{"damage":0.0,"enemies":"Snecko","floor":29.0,"turns":3.0},{"damage":8.0,"enemies":"3 Cultists","floor":30.0,"turns":5.0},{"damage":0.0,"enemies":"Sentry and Sphere","floor":31.0,"turns":2.0},{"damage":39.0,"enemies":"Champ","floor":33.0,"turns":10.0},{"damage":0.0,"enemies":"3 Shapes","floor":35.0,"turns":3.0},{"damage":0.0,"enemies":"2 Orb Walkers","floor":38.0,"turns":4.0},{"damage":1.0,"enemies":"Orb Walker","floor":39.0,"turns":2.0},{"damage":12.0,"enemies":"Reptomancer","floor":40.0,"turns":4.0},{"damage":0.0,"enemies":"Writhing Mass","floor":41.0,"turns":3.0},{"damage":0.0,"enemies":"Transient","floor":45.0,"turns":5.0},{"damage":0.0,"enemies":"Spire Growth","floor":48.0,"turns":3.0},{"damage":65.0,"enemies":"Time Eater","floor":50.0,"turns":13.0},{"damage":0.0,"enemies":"Shield and Spear","floor":54.0,"turns":5.0},{"damage":37,"enemies":"The Heart","floor":55,"turns":5}],"seed_played":"4575814703537231151","potions_obtained":[{"floor":3.0,"key":"SpeedPotion"},{"floor":4.0,"key":"Fire Potion"},{"floor":5.0,"key":"EssenceOfSteel"},{"floor":12.0,"key":"Swift Potion"},{"floor":16.0,"key":"Explosive Potion"},{"floor":23.0,"key":"LiquidBronze"},{"floor":31.0,"key":"Block Potion"}],"is_trial":false,"path_per_floor":["M","?","M","M","M","E","$","R","T","R","M","E","$","E","R","B",null,"M","?","M","?","T","E","?","E","T","$","?","M","M","M","R","B",null,"M","?","$","?","M","E","M","$","T","?","M","R","?","M","R","B",null,"R","$","E","B",null],"character_chosen":"THE_SILENT","items_purchased":["Prepared","TwistedFunnel","Catalyst","Happy Flower","Incense Burner","Anchor","Kunai","DollysMirror","Footwork","Mercury Hourglass"],"campfire_rested":2,"item_purchase_floors":[7,7,13,27,37,37,37,42,42,53],"current_hp_per_floor":[76,76,76,76,76,67,67,67,67,67,65,34,34,26,49,21,77,77,77,77,62,62,37,37,37,37,37,37,37,29,29,52,38,77,77,77,77,77,76,64,70,70,70,70,77,77,77,77,77,14,77,77,74,74,41],"gold":92,"neow_bonus":"TEN_PERCENT_HP_BONUS","is_prod":false,"is_daily":false,"chose_seed":false,"campfire_upgraded":4,"win_rate":0,"timestamp":1552591849,"path_taken":["M","?","?","M","M","E","$","R","T","R","M","E","?","E","R","BOSS","M","?","M","?","?","E","?","E","T","$","?","M","M","M","R","BOSS","M","?","$","?","M","E","M","$","T","?","M","R","?","M","R","BOSS","R","$","E","BOSS"],"build_version":"2019-01-23","purchased_purges":1,"victory":true,"max_hp_per_floor":[77,77,77,77,77,77,77,77,77,77,77,77,77,77,77,77,77,77,77,77,77,77,77,77,77,77,77,77,77,77,77,77,77,77,77,77,77,77,77,77,77,77,77,77,77,77,77,77,77,77,77,77,74,74,74],"card_choices":[{"not_picked":["Deflect","Flying Knee"],"picked":"Bouncing Flask","floor":1.0},{"not_picked":["Riddle With Holes","Deflect"],"picked":"Dagger Throw","floor":3.0},{"not_picked":["Dash","Flying Knee"],"picked":"Poisoned Stab","floor":4.0},{"not_picked":["Outmaneuver","Deflect"],"picked":"Reflex","floor":5.0},{"not_picked":["Flying Knee","Night Terror"],"picked":"Acrobatics","floor":6.0},{"not_picked":["Flying Knee","Infinite Blades"],"picked":"Underhanded Strike","floor":11.0},{"not_picked":["Sucker Punch","Prepared"],"picked":"Underhanded Strike","floor":12.0},{"not_picked":["Heel Hook","Outmaneuver"],"picked":"Backflip","floor":14.0},{"not_picked":["Riddle With Holes","Skewer"],"picked":"Concentrate","floor":15.0},{"not_picked":["Phantasmal Killer","Doppelganger"],"picked":"After Image","floor":16.0},{"not_picked":["Infinite Blades","Cloak And Dagger"],"picked":"Footwork+1","floor":18.0},{"not_picked":["Accuracy+1","Outmaneuver+1"],"picked":"Dodge and Roll+1","floor":20.0},{"not_picked":["Dagger Spray+1","Acrobatics"],"picked":"Bouncing Flask","floor":21.0},{"not_picked":["Crippling Poison","Reflex"],"picked":"Backflip","floor":23.0},{"not_picked":["Quick Slash","Slice"],"picked":"Bane+1","floor":25.0},{"not_picked":["Crippling Poison","Concentrate"],"picked":"Calculated Gamble","floor":29.0},{"not_picked":["Calculated Gamble","Slice+1"],"picked":"Flying Knee","floor":30.0},{"not_picked":["Well Laid Plans","Expertise"],"picked":"Noxious Fumes+1","floor":31.0},{"not_picked":["Unload","Bullet Time"],"picked":"A Thousand Cuts","floor":33.0},{"not_picked":["Deflect+1","Flechettes+1","Well Laid Plans+1"],"picked":"SKIP","floor":35.0},{"not_picked":["Panacea","Chrysalis"],"picked":"Dramatic Entrance","floor":36.0},{"not_picked":["Flying Knee","Calculated Gamble+1"],"picked":"Underhanded Strike","floor":38.0},{"not_picked":["Concentrate","Dodge and Roll","Underhanded Strike"],"picked":"SKIP","floor":39.0},{"not_picked":["Masterful Stab+1","Deflect+1"],"picked":"Quick Slash+1","floor":40.0},{"not_picked":["Flechettes","Expertise+1"],"picked":"Backflip+1","floor":41.0},{"not_picked":["Bane","Outmaneuver","Eviscerate+1"],"picked":"SKIP","floor":45.0},{"not_picked":["Outmaneuver","Deflect+1","Masterful Stab"],"picked":"SKIP","floor":48.0},{"not_picked":["Caltrops","Slice"],"picked":"Acrobatics+1","floor":54.0}],"player_experience":1168633,"relics_obtained":[{"floor":6.0,"key":"Centennial Puzzle"},{"floor":9.0,"key":"Dream Catcher"},{"floor":12.0,"key":"Whetstone"},{"floor":14.0,"key":"Tiny Chest"},{"floor":21.0,"key":"Red Mask"},{"floor":22.0,"key":"Old Coin"},{"floor":23.0,"key":"Mummified Hand"},{"floor":23.0,"key":"Pantograph"},{"floor":25.0,"key":"The Courier"},{"floor":25.0,"key":"Bronze Scales"},{"floor":26.0,"key":"Gremlin Horn"},{"floor":38.0,"key":"StoneCalendar"},{"floor":40.0,"key":"Ninja Scroll"},{"floor":40.0,"key":"Bird Faced Urn"},{"floor":54.0,"key":"Du-Vu Doll"},{"floor":54.0,"key":"Gambling Chip"}],"event_choices":[{"damage_healed":0.0,"max_hp_gain":0.0,"max_hp_loss":0.0,"gold_gain":100.0,"event_name":"Golden Shrine","player_choice":"Pray","floor":2.0,"gold_loss":0.0,"damage_taken":0.0},{"damage_healed":0.0,"max_hp_gain":0.0,"max_hp_loss":0.0,"gold_gain":0.0,"event_name":"Back to Basics","player_choice":"Simplicity","floor":19.0,"gold_loss":0.0,"damage_taken":0.0,"cards_upgraded":["Defend_G","Defend_G","Defend_G","Defend_G","Defend_G","Strike_G","Strike_G","Strike_G","Strike_G","Strike_G"]},{"damage_healed":0.0,"max_hp_gain":0.0,"max_hp_loss":0.0,"gold_gain":0.0,"event_name":"Masked Bandits","player_choice":"Fought Bandits","floor":21.0,"gold_loss":0.0,"damage_taken":0.0},{"damage_healed":0.0,"max_hp_gain":0.0,"max_hp_loss":0.0,"gold_gain":0.0,"event_name":"Vampires","player_choice":"Ignored","floor":24.0,"gold_loss":0.0,"damage_taken":0.0},{"damage_healed":0.0,"max_hp_gain":0.0,"max_hp_loss":0.0,"gold_gain":0.0,"event_name":"Drug Dealer","player_choice":"Inject Mutagens","floor":28.0,"gold_loss":0.0,"damage_taken":0.0,"relics_obtained":["MutagenicStrength"]},{"damage_healed":0.0,"max_hp_gain":0.0,"max_hp_loss":0.0,"gold_gain":0.0,"event_name":"SensoryStone","player_choice":"Memory 1","floor":36.0,"gold_loss":0.0,"damage_taken":0.0},{"damage_healed":0.0,"max_hp_gain":0.0,"max_hp_loss":0.0,"gold_gain":0.0,"event_name":"Mysterious Sphere","player_choice":"Fight","floor":38.0,"gold_loss":0.0,"damage_taken":0.0},{"cards_removed":["Underhanded Strike"],"damage_healed":0.0,"max_hp_gain":0.0,"max_hp_loss":0.0,"gold_gain":0.0,"event_name":"Falling","player_choice":"Removed Attack","floor":44.0,"gold_loss":0.0,"damage_taken":0.0},{"damage_healed":0.0,"max_hp_gain":0.0,"max_hp_loss":0.0,"gold_gain":222.0,"event_name":"Tomb of Lord Red Mask","player_choice":"Wore Mask","floor":47.0,"gold_loss":0.0,"damage_taken":0.0}],"is_beta":false,"boss_relics":[{"not_picked":["Coffee Dripper","Pandora\u0027s Box"],"picked":"Black Star"},{"not_picked":["Astrolabe","WristBlade"],"picked":"Sozu"}],"items_purged_floors":[53],"is_endless":false,"potions_floor_spawned":[3,4,5,12,16,23,25,31,39,45,48],"ascension_level":0}