{"gold_per_floor":[118,193,193,207,86,120,140,151,177,177,177],"floor_reached":11,"playtime":372,"items_purged":["Strike_R"],"score":127,"play_id":"fcd85bbb-a8ee-44a0-894a-fcacb8c6d1d2","local_time":"20190614095517","is_ascension_mode":true,"campfire_choices":[{"data":"Armaments","floor":10,"key":"SMITH"}],"neow_cost":"NONE","seed_source_timestamp":1886147959041165,"circlet_count":0,"master_deck":["Strike_R","Strike_R","Strike_R","Defend_R","Defend_R","Defend_R","Defend_R","Bash","Armaments+1","Thunderclap","Shrug It Off","Rampage","Intimidate"],"relics":["Burning Blood","NeowsBlessing","Pen Nib","Orichalcum"],"potions_floor_usage":[],"damage_taken":[{"damage":0,"enemies":"2 Louse","floor":1,"turns":1},{"damage":0,"enemies":"Small Slimes","floor":4,"turns":1},{"damage":0,"enemies":"Lagavulin","floor":6,"turns":1},{"damage":2,"enemies":"Cultist","floor":7,"turns":4},{"damage":59,"enemies":"Gremlin Gang","floor":8,"turns":5},{"damage":27,"enemies":"3 Sentries","floor":11,"turns":10}],"seed_played":"204030669084950126","potions_obtained":[{"floor":8,"key":"Ancient Potion"}],"is_trial":false,"path_per_floor":["M","?","?","M","$","E","M","M","T","R","E"],"character_chosen":"IRONCLAD","items_purchased":["Shrug It Off"],"campfire_rested":0,"item_purchase_floors":[5],"current_hp_per_floor":[78,67,67,73,73,79,80,27,27,27,0],"gold":177,"neow_bonus":"THREE_ENEMY_KILL","is_prod":false,"is_daily":false,"chose_seed":false,"campfire_upgraded":1,"win_rate":0,"timestamp":1560498917,"path_taken":["M","?","?","M","$","E","M","?","T","R","E"],"build_version":"2019-06-12","purchased_purges":1,"victory":false,"max_hp_per_floor":[80,80,80,80,80,80,80,80,80,80,80],"card_choices":[{"not_picked":["Pommel Strike","Disarm"],"picked":"Armaments","floor":1},{"not_picked":["Headbutt","Wild Strike"],"picked":"Thunderclap","floor":4},{"not_picked":["Body Slam","Wild Strike","Anger"],"picked":"SKIP","floor":6},{"not_picked":["Corruption","Intimidate"],"picked":"Rampage","floor":7},{"not_picked":["Infernal Blade","Flex"],"picked":"Intimidate","floor":8}],"player_experience":380145,"relics_obtained":[{"floor":6,"key":"Pen Nib"},{"floor":9,"key":"Orichalcum"}],"event_choices":[{"damage_healed":0,"gold_gain":75,"player_choice":"Gather Gold","damage_taken":11,"max_hp_gain":0,"max_hp_loss":0,"event_name":"World of Goop","floor":2,"gold_loss":0},{"cards_removed":["Strike_R"],"damage_healed":0,"gold_gain":0,"player_choice":"Card Removal","damage_taken":0,"max_hp_gain":0,"max_hp_loss":0,"event_name":"Wheel of Change","floor":3,"gold_loss":0}],"is_beta":true,"boss_relics":[],"items_purged_floors":[5],"is_endless":false,"potions_floor_spawned":[8],"killed_by":"3 Sentries","ascension_level":6}