{"gold_per_floor":[369,154,154,165,12,12,22,51,100,118,147,147,172,187,187,290,290,301,155,155,167,92,92,92],"floor_reached":24,"playtime":1736,"items_purged":["Defend_R","Strike_R"],"score":214,"play_id":"c217df1d-86bd-4869-a0e6-9302079ff833","local_time":"20180727111654","is_ascension_mode":true,"campfire_choices":[{"floor":6,"key":"REST"},{"data":"Fiend Fire","floor":12,"key":"SMITH"},{"floor":15,"key":"REST"},{"data":"Fiend Fire","floor":23,"key":"SMITH"}],"neow_cost":"FIFTY_PERCENT_DAMAGE","seed_source_timestamp":0,"circlet_count":0,"master_deck":["Strike_R","Strike_R","Defend_R","Defend_R","Defend_R","Bash","Shrug It Off","Fiend Fire+1","Iron Wave","Flame Barrier","Inflame","Fiend Fire+1","Heavy Blade","Shrug It Off"],"special_seed":0,"relics":["Burning Blood","Bag of Preparation","Boot","Oddly Smooth Stone","Odd Mushroom","Shuriken","Eternal Feather"],"potions_floor_usage":[16,16],"damage_taken":[{"damage":20.0,"enemies":"Jaw Worm","floor":1.0,"turns":4.0},{"damage":0.0,"enemies":"Cultist","floor":4.0,"turns":4.0},{"damage":5,"enemies":"Small Slimes","floor":7,"turns":4},{"damage":28,"enemies":"3 Sentries","floor":8,"turns":11},{"damage":0,"enemies":"2 Fungi Beasts","floor":10,"turns":4},{"damage":0,"floor":11,"turns":6},{"damage":11,"enemies":"Gremlin Nob","floor":13,"turns":4},{"damage":0,"enemies":"Exordium Thugs","floor":14,"turns":4},{"damage":19,"enemies":"The Guardian","floor":16,"turns":12},{"damage":5,"enemies":"3 Byrds","floor":18,"turns":4},{"damage":1,"enemies":"Chosen","floor":21,"turns":5},{"damage":49,"enemies":"Gremlin Leader","floor":24,"turns":6}],"seed_played":"-5875245705627509807","potions_obtained":[{"floor":1.0,"key":"Ancient Potion"},{"floor":10,"key":"SkillPotion"},{"floor":11,"key":"LiquidBronze"}],"is_trial":false,"path_per_floor":["M","$","?","M","$","R","M","E","T","M","?","R","E","M","R","B",null,"M","$","?","M","?","R"],"character_chosen":"IRONCLAD","items_purchased":["Fiend Fire","Bag of Preparation","Heavy Blade"],"campfire_rested":2,"item_purchase_floors":[2,5,19],"current_hp_per_floor":[26,26,26,32,32,56,57,35,35,41,47,47,42,48,72,59,80,80,80,64,69,69,75,26],"gold":92,"neow_bonus":"TWO_FIFTY_GOLD","is_prod":false,"is_daily":false,"chose_seed":false,"campfire_upgraded":2,"win_rate":0,"timestamp":1532708214,"path_taken":["M","$","?","M","$","R","M","E","T","M","?","R","E","?","R","BOSS","M","$","?","M","?","R","E"],"build_version":"2018-07-26","purchased_purges":2,"victory":false,"max_hp_per_floor":[80,80,80,80,80,80,80,80,80,80,80,80,80,80,80,80,80,80,80,80,80,80,80,80],"card_choices":[{"not_picked":["Sentinel","Body Slam"],"picked":"Shrug It Off","floor":1.0},{"not_picked":["Warcry","Brutality","Flex"],"picked":"SKIP","floor":4},{"not_picked":["Pommel Strike","Armaments"],"picked":"Iron Wave","floor":7},{"not_picked":["Anger","Searing Blow"],"picked":"Flame Barrier","floor":8},{"not_picked":["Havoc","Rage","Seeing Red"],"picked":"SKIP","floor":10},{"not_picked":["Seeing Red","Perfected Strike"],"picked":"Inflame","floor":13},{"not_picked":["Perfected Strike","Clothesline","Dual Wield"],"picked":"SKIP","floor":14},{"not_picked":["Double Tap","Berserk"],"picked":"Fiend Fire","floor":16},{"not_picked":["Corruption+1","Blood for Blood","Pummel"],"picked":"SKIP","floor":18},{"not_picked":["Clash+1","Heavy Blade"],"picked":"Shrug It Off","floor":21}],"player_experience":353119,"relics_obtained":[{"floor":8,"key":"Boot"},{"floor":9,"key":"Oddly Smooth Stone"},{"floor":11,"key":"Odd Mushroom"},{"floor":13,"key":"Shuriken"}],"event_choices":[{"event_name":"Purifier","player_choice":"One Purge","floor":3.0,"damage_taken":0.0},{"event_name":"Mushrooms","player_choice":"Fought Mushrooms","floor":11,"damage_taken":0},{"event_name":"Cursed Tome","player_choice":"Obtained Book","floor":20,"damage_taken":0},{"event_name":"Beggar","player_choice":"Gave Gold","floor":22,"damage_taken":0}],"is_beta":false,"boss_relics":[{"not_picked":["Coffee Dripper","Velvet Choker"],"picked":"Eternal Feather"}],"items_purged_floors":[2,19],"is_endless":false,"potions_floor_spawned":[1,10,11],"killed_by":"Gremlin Leader","ascension_level":1}