{"gold_per_floor":[114,130,149,5,17,17,92,92,92,92,112,131,131,81,81,210,210,224,224,212,227,127,127,127],"floor_reached":24,"playtime":1972,"items_purged":["Injury","Strike_R"],"score":213,"play_id":"c2635ba0-dac3-46ac-a036-0339cf32bcde","local_time":"20180715171843","is_ascension_mode":false,"campfire_choices":[{"data":"Thunderclap","floor":6,"key":"SMITH"},{"floor":8,"key":"REST"},{"data":"Strike_R","floor":10,"key":"SMITH"},{"data":"Bash","floor":15,"key":"SMITH"},{"floor":23,"key":"REST"}],"neow_cost":"CURSE","seed_source_timestamp":26753690284456,"circlet_count":0,"master_deck":["Strike_R","Strike_R","Strike_R","Strike_R+1","Defend_R","Defend_R","Defend_R","Defend_R","Bash+1","Whirlwind","Thunderclap+1","Entrench","Uppercut","Second Wind","Ghostly Armor","Feed","Barricade","Clash","Hemokinesis+1","Combust"],"relics":["Black Blood","Vajra","Bloody Idol"],"potions_floor_usage":[11,16,20,21],"damage_taken":[{"damage":9,"enemies":"Jaw Worm","floor":1,"turns":6},{"damage":2,"enemies":"Cultist","floor":2,"turns":5},{"damage":0,"enemies":"2 Louse","floor":3,"turns":1},{"damage":18,"enemies":"Blue Slaver","floor":5,"turns":5},{"damage":3,"enemies":"Gremlin Gang","floor":11,"turns":4},{"damage":3,"enemies":"Large Slime","floor":12,"turns":5},{"damage":95,"enemies":"Hexaghost","floor":16,"turns":14},{"damage":29,"enemies":"3 Byrds","floor":18,"turns":8},{"damage":16,"enemies":"2 Thieves","floor":20,"turns":4},{"damage":68,"enemies":"3 Cultists","floor":21,"turns":7},{"damage":67,"enemies":"Sentry and Sphere","floor":24,"turns":8}],"seed_played":"-4564372897783751324","potions_obtained":[{"floor":2,"key":"Fire Potion"},{"floor":11,"key":"SpeedPotion"},{"floor":18,"key":"EssenceOfSteel"},{"floor":20,"key":"EssenceOfSteel"}],"is_trial":false,"path_per_floor":["M","M","M","$","M","R","?","R","T","R","M","M","?","?","R","B",null,"M","?","M","M","$","R"],"character_chosen":"IRONCLAD","items_purchased":["Uppercut"],"campfire_rested":2,"item_purchase_floors":[4],"current_hp_per_floor":[93,96,96,96,84,84,75,96,96,96,96,96,96,96,96,7,96,80,80,84,34,34,64,0],"gold":127,"neow_bonus":"TWENTY_PERCENT_HP_BONUS","is_prod":false,"is_daily":false,"chose_seed":false,"campfire_upgraded":3,"win_rate":0.0,"timestamp":1531700323,"path_taken":["M","M","M","$","M","R","?","R","T","R","M","M","?","?","R","BOSS","M","?","M","M","$","R","M"],"build_version":"2018-07-12","purchased_purges":2,"victory":false,"max_hp_per_floor":[96,96,96,96,96,96,96,96,96,96,96,96,96,96,96,96,96,99,99,99,102,102,102,102],"card_choices":[{"not_picked":["Intimidate","Perfected Strike"],"picked":"Whirlwind","floor":1},{"not_picked":["Sever Soul","Heavy Blade"],"picked":"Thunderclap","floor":2},{"not_picked":["Warcry","Infernal Blade"],"picked":"Entrench","floor":3},{"not_picked":["Pommel Strike","Cleave"],"picked":"Second Wind","floor":5},{"not_picked":["Clash","Twin Strike"],"picked":"Ghostly Armor","floor":11},{"not_picked":["Inflame","True Grit"],"picked":"Feed","floor":12},{"not_picked":["Bludgeon","Fiend Fire"],"picked":"Barricade","floor":16},{"not_picked":["Sword Boomerang","Heavy Blade"],"picked":"Clash","floor":18},{"not_picked":["Rupture","Armaments"],"picked":"Hemokinesis+1","floor":20},{"not_picked":["Spot Weakness","Thunderclap"],"picked":"Combust","floor":21}],"player_experience":24548,"relics_obtained":[{"floor":9,"key":"Vajra"}],"event_choices":[{"event_name":"FaceTrader","player_choice":"Touch","floor":7,"damage_taken":0},{"event_name":"Golden Idol","player_choice":"Take Wound","floor":13,"damage_taken":0},{"event_name":"The Cleric","player_choice":"Card Removal","floor":14,"damage_taken":0},{"event_name":"Forgotten Altar","player_choice":"Gave Idol","floor":19,"damage_taken":0}],"boss_relics":[{"not_picked":["White Beast Statue","Fusion Hammer"],"picked":"Black Blood"}],"items_purged_floors":[4,22],"is_endless":false,"potions_floor_spawned":[2,11,18,20],"killed_by":"Sentry and Sphere","ascension_level":0}