{"gold_per_floor":[119,137,155,40,40,69,69,82,82,97,108,88,102,133,133,236,236,251,261,2,22,22,54,69,69,120,132,150,169,94,109,109,109],"floor_reached":33,"playtime":4517,"items_purged":["Defend_R"],"score":299,"play_id":"383c1fc3-d8da-49ea-acb7-a13b3d147ff0","local_time":"20180718153704","is_ascension_mode":true,"campfire_choices":[{"data":"Pommel Strike","floor":7,"key":"SMITH"},{"data":"Shockwave","floor":15,"key":"SMITH"},{"floor":25,"key":"REST"},{"floor":32,"key":"REST"}],"neow_cost":"NONE","seed_source_timestamp":14577161470407,"circlet_count":0,"master_deck":["Strike_R","Strike_R","Strike_R","Strike_R","Defend_R","Defend_R","Defend_R","Bash+1","Clash","Shrug It Off","Pommel Strike+1","Flame Barrier","Offering","Shockwave+1","Blood for Blood","Carnage+1","Ghostly Armor+1"],"relics":["Burning Blood","Smiling Mask","Kunai","Matryoshka","Potion Belt","Velvet Choker","Gremlin Horn","Letter Opener","Anchor","Regal Pillow"],"potions_floor_usage":[11,13,14,16,21,23,23,33,33,33],"damage_taken":[{"damage":1,"enemies":"Cultist","floor":1,"turns":4},{"damage":3,"enemies":"Jaw Worm","floor":2,"turns":3},{"damage":9,"enemies":"2 Louse","floor":3,"turns":4},{"damage":12,"enemies":"Gremlin Nob","floor":6,"turns":4},{"damage":8,"enemies":"2 Fungi Beasts","floor":8,"turns":5},{"damage":1,"enemies":"Blue Slaver","floor":10,"turns":5},{"damage":2,"enemies":"Exordium Thugs","floor":11,"turns":3},{"damage":7,"enemies":"3 Louse","floor":13,"turns":3},{"damage":7,"enemies":"Lagavulin","floor":14,"turns":7},{"damage":27,"enemies":"Hexaghost","floor":16,"turns":8},{"damage":18,"enemies":"Spheric Guardian","floor":18,"turns":5},{"damage":5,"enemies":"2 Thieves","floor":19,"turns":3},{"damage":6,"enemies":"Slaver and Parasite","floor":21,"turns":5},{"damage":54,"enemies":"Gremlin Leader","floor":23,"turns":7},{"damage":28,"enemies":"Snake Plant","floor":24,"turns":3},{"damage":10,"enemies":"Centurion and Healer","floor":27,"turns":5},{"damage":4,"enemies":"Cultist and Chosen","floor":28,"turns":3},{"damage":6,"enemies":"Snecko","floor":29,"turns":4},{"damage":4,"enemies":"Centurion and Healer","floor":31,"turns":4},{"damage":74,"enemies":"Automaton","floor":33,"turns":10}],"seed_played":"-8770735084897961831","potions_obtained":[{"floor":2,"key":"Ancient Potion"},{"floor":10,"key":"Fire Potion"},{"floor":11,"key":"LiquidBronze"},{"floor":12,"key":"SneckoOil"},{"floor":13,"key":"BloodPotion"},{"floor":14,"key":"FearPotion"},{"floor":19,"key":"Dexterity Potion"},{"floor":24,"key":"Swift Potion"},{"floor":27,"key":"Swift Potion"},{"floor":31,"key":"Regen Potion"}],"is_trial":false,"path_per_floor":["M","M","M","$","?","E","R","M","T","M","M","?","M","E","R","B",null,"M","M","$","M","$","E","M","R","T","M","M","M","?","M","R"],"character_chosen":"IRONCLAD","items_purchased":["Flame Barrier","Gremlin Horn"],"campfire_rested":2,"item_purchase_floors":[4,20],"current_hp_per_floor":[80,80,77,77,70,64,64,62,62,67,71,71,70,69,69,48,80,68,69,69,69,69,29,7,31,31,27,29,29,29,31,70,9],"gold":109,"neow_bonus":"UPGRADE_CARD","is_prod":false,"is_daily":false,"chose_seed":false,"campfire_upgraded":2,"win_rate":0,"timestamp":1531953424,"path_taken":["M","?","M","$","?","E","R","M","T","M","M","?","M","E","R","BOSS","M","?","$","M","?","E","M","R","T","M","M","?","?","M","R","BOSS"],"build_version":"2018-07-12","purchased_purges":1,"victory":false,"max_hp_per_floor":[80,80,80,80,80,80,80,80,80,80,80,80,80,80,80,80,80,80,80,80,80,80,80,80,80,80,80,80,80,80,80,80,80],"card_choices":[{"not_picked":["Wild Strike","Perfected Strike"],"picked":"Clash","floor":1},{"not_picked":["Sword Boomerang","True Grit"],"picked":"Shrug It Off","floor":2},{"not_picked":["Flex","Burning Pact"],"picked":"Pommel Strike","floor":3},{"not_picked":["Twin Strike","Body Slam"],"picked":"Offering","floor":6},{"not_picked":["Feel No Pain","Perfected Strike"],"picked":"Shockwave","floor":8},{"not_picked":["Combust","Clothesline","Battle Trance"],"picked":"SKIP","floor":10},{"not_picked":["Shrug It Off","Body Slam"],"picked":"Blood for Blood","floor":11},{"not_picked":["Perfected Strike","Entrench","Clash"],"picked":"SKIP","floor":13},{"not_picked":["Burning Pact","Feed","Intimidate"],"picked":"SKIP","floor":14},{"not_picked":["Flame Barrier","Armaments","Inflame"],"picked":"SKIP","floor":18},{"not_picked":["Burning Pact","Clash","Wild Strike"],"picked":"SKIP","floor":19},{"not_picked":["Rage","Reckless Charge","Heavy Blade"],"picked":"SKIP","floor":21},{"not_picked":["Disarm+1","Clash+1","Warcry+1"],"picked":"SKIP","floor":23},{"not_picked":["Wild Strike","Dual Wield"],"picked":"Carnage+1","floor":24},{"not_picked":["Evolve","Power Through","Inflame"],"picked":"SKIP","floor":27},{"not_picked":["Rampage+1","Clash+1","Heavy Blade"],"picked":"SKIP","floor":28},{"not_picked":["Demon Form","Inflame"],"picked":"Ghostly Armor+1","floor":29},{"not_picked":["Second Wind","Infernal Blade","Searing Blow"],"picked":"SKIP","floor":31}],"player_experience":99771,"relics_obtained":[{"floor":6,"key":"Kunai"},{"floor":9,"key":"Matryoshka"},{"floor":14,"key":"Potion Belt"},{"floor":23,"key":"Letter Opener"},{"floor":26,"key":"Anchor"},{"floor":26,"key":"Regal Pillow"}],"event_choices":[{"event_name":"Scrap Ooze","player_choice":"success","floor":5,"damage_taken":7},{"event_name":"The Woman in Blue","player_choice":"Bought 1 Potion","floor":12,"damage_taken":0},{"event_name":"Beggar","player_choice":"Gave Gold","floor":30,"damage_taken":0}],"boss_relics":[{"not_picked":["Mark of Pain","Pandora\u0027s Box"],"picked":"Velvet Choker"}],"items_purged_floors":[4],"is_endless":false,"potions_floor_spawned":[2,10,11,13,14,19,24,27,31],"killed_by":"Automaton","ascension_level":1}