{"gold_per_floor":[116,116,131,81,81,113,113,141,190,37,37,55,84,109,109,206,206,221,181,196,16,32,32,62,78,103,10,10],"floor_reached":28,"playtime":952,"items_purged":[],"score":395,"play_id":"228a9ce2-32cb-4b65-acf6-22c51dc34634","local_time":"20190701103442","is_ascension_mode":true,"campfire_choices":[{"data":"Rupture","floor":7.0,"key":"SMITH"},{"data":"Bash","floor":11.0,"key":"SMITH"},{"data":"Limit Break","floor":15.0,"key":"SMITH"},{"floor":23.0,"key":"REST"}],"neow_cost":"NONE","seed_source_timestamp":0,"circlet_count":0,"master_deck":["Strike_R","Strike_R+1","Strike_R","Strike_R+1","Defend_R","Defend_R","Defend_R","Defend_R","Bash+1","Inflame+1","Combust","Rupture+1","Burning Pact","Rage","Limit Break+1","Twin Strike+1","Brutality+1","Blood for Blood","Headbutt","Apotheosis","Shrug It Off+1","Whirlwind+1","Thunderclap+1","Bandage Up"],"special_seed":0,"relics":["Burning Blood","NeowsBlessing","Bag of Preparation","WingedGreaves","Ice Cream","PreservedInsect","Odd Mushroom","Whetstone","Runic Cube","Boot","Potion Belt"],"potions_floor_usage":[],"damage_taken":[{"damage":0.0,"enemies":"Cultist","floor":1.0,"turns":1.0},{"damage":0.0,"enemies":"Jaw Worm","floor":3.0,"turns":1.0},{"damage":0.0,"enemies":"Lagavulin","floor":6.0,"turns":1.0},{"damage":7.0,"enemies":"Gremlin Nob","floor":8.0,"turns":3.0},{"damage":13.0,"enemies":"2 Louse","floor":12.0,"turns":3.0},{"damage":18.0,"enemies":"The Mushroom Lair","floor":13.0,"turns":4.0},{"damage":18.0,"enemies":"3 Sentries","floor":14.0,"turns":4.0},{"damage":35.0,"enemies":"The Guardian","floor":16.0,"turns":9.0},{"damage":50.0,"enemies":"2 Thieves","floor":18.0,"turns":4.0},{"damage":7.0,"enemies":"Spheric Guardian","floor":20.0,"turns":3.0},{"damage":25.0,"enemies":"Centurion and Healer","floor":22.0,"turns":5.0},{"damage":20.0,"enemies":"Gremlin Leader","floor":24.0,"turns":3.0},{"damage":9.0,"enemies":"Chosen and Byrds","floor":25.0,"turns":6.0},{"damage":36,"enemies":"Colosseum Slavers","floor":28,"turns":2}],"seed_played":"5012561225708225914","potions_obtained":[{"floor":1.0,"key":"Energy Potion"},{"floor":8.0,"key":"Regen Potion"},{"floor":16.0,"key":"BloodPotion"},{"floor":20.0,"key":"Strength Potion"},{"floor":22.0,"key":"Explosive Potion"}],"is_trial":false,"path_per_floor":["M","?","M","?","?","E","R","E","T","$","R","M","?","E","R","B",null,"M","?","M","$","M","R","E","M","T","$","?"],"character_chosen":"IRONCLAD","items_purchased":["PreservedInsect","Apotheosis","Bandage Up"],"campfire_rested":1,"item_purchase_floors":[10,21,27],"current_hp_per_floor":[78,75,80,80,64,70,70,69,69,69,69,62,50,50,50,21,65,41,41,40,40,21,45,31,28,28,28,0],"gold":10,"neow_bonus":"THREE_ENEMY_KILL","is_prod":false,"is_daily":false,"chose_seed":false,"campfire_upgraded":3,"win_rate":0,"timestamp":1561970082,"path_taken":["M","?","M","?","?","E","R","E","T","$","R","M","?","E","R","BOSS","M","?","M","$","M","R","E","M","T","?","?"],"build_version":"2019-06-30","purchased_purges":0,"victory":false,"max_hp_per_floor":[80,80,80,80,80,80,80,80,80,80,80,80,80,80,80,80,80,80,80,80,80,80,80,80,80,80,80,80],"card_choices":[{"not_picked":["Armaments","Flex"],"picked":"Inflame","floor":1.0},{"not_picked":["Entrench","Fire Breathing"],"picked":"Combust","floor":3.0},{"not_picked":["Burning Pact","Warcry"],"picked":"Rupture","floor":6.0},{"not_picked":["Fire Breathing","Clash"],"picked":"Burning Pact","floor":8.0},{"not_picked":["Armaments","Whirlwind"],"picked":"Rage","floor":12.0},{"not_picked":["Clothesline","Body Slam"],"picked":"Limit Break","floor":13.0},{"not_picked":["Iron Wave","Rage"],"picked":"Twin Strike","floor":14.0},{"not_picked":["Impervious","Demon Form"],"picked":"Brutality","floor":16.0},{"not_picked":["Shockwave","Shrug It Off"],"picked":"Blood for Blood","floor":18.0},{"not_picked":["Warcry+1","Armaments"],"picked":"Headbutt","floor":20.0},{"not_picked":["Anger","Armaments"],"picked":"Shrug It Off+1","floor":22.0},{"not_picked":["Dual Wield","Perfected Strike"],"picked":"Whirlwind+1","floor":24.0},{"not_picked":["Searing Blow","Perfected Strike+1"],"picked":"Thunderclap+1","floor":25.0}],"player_experience":403238,"relics_obtained":[{"floor":6.0,"key":"WingedGreaves"},{"floor":8.0,"key":"Ice Cream"},{"floor":13.0,"key":"Odd Mushroom"},{"floor":14.0,"key":"Whetstone"},{"floor":24.0,"key":"Boot"},{"floor":26.0,"key":"Potion Belt"}],"event_choices":[{"damage_healed":0.0,"max_hp_gain":0.0,"max_hp_loss":0.0,"gold_gain":0.0,"event_name":"Scrap Ooze","player_choice":"Success","floor":2.0,"gold_loss":0.0,"damage_taken":3.0,"relics_obtained":["Bag of Preparation"]},{"cards_removed":["Strike_R"],"damage_healed":0.0,"max_hp_gain":0.0,"max_hp_loss":0.0,"gold_gain":0.0,"event_name":"The Cleric","player_choice":"Card Removal","floor":4.0,"gold_loss":50.0,"damage_taken":0.0},{"damage_healed":0.0,"max_hp_gain":0.0,"max_hp_loss":0.0,"gold_gain":0.0,"event_name":"Shining Light","player_choice":"Entered Light","floor":5.0,"gold_loss":0.0,"damage_taken":16.0,"cards_upgraded":["Strike_R","Inflame"]},{"damage_healed":0.0,"max_hp_gain":0.0,"max_hp_loss":0.0,"gold_gain":0.0,"event_name":"Mushrooms","player_choice":"Fought Mushrooms","floor":13.0,"gold_loss":0.0,"damage_taken":0.0},{"damage_healed":0.0,"max_hp_gain":0.0,"max_hp_loss":0.0,"gold_gain":0.0,"event_name":"Designer","player_choice":"Upgrade","floor":19.0,"gold_loss":40.0,"damage_taken":0.0,"cards_upgraded":["Brutality"]},{"damage_healed":0,"gold_gain":0,"player_choice":"Fight","damage_taken":0,"max_hp_gain":0,"max_hp_loss":0,"event_name":"Colosseum","floor":28,"gold_loss":0}],"is_beta":true,"boss_relics":[{"not_picked":["Tiny House","Busted Crown"],"picked":"Runic Cube"}],"items_purged_floors":[],"is_endless":false,"potions_floor_spawned":[1,8,16,20,22],"killed_by":"Colosseum Slavers","ascension_level":6}