{"gold_per_floor":[110,110,126,139,153,180,180,60,60,72,99,136,160,184,196,282,294,323,1,17,27,27,27,27,27,27,39,67,67,167,196,196,275,275,286,12,62,62,73,73,90,122,122,142,168,168,184,201,201,201],"floor_reached":51,"playtime":3496,"items_purged":["Strike_R","Defend_R"],"score":1301,"play_id":"9f70aa49-1202-4087-a14b-f3057541782f","local_time":"20181015144018","is_ascension_mode":true,"campfire_choices":[{"data":"Twin Strike","floor":7.0,"key":"SMITH"},{"floor":15.0,"key":"REST"},{"data":"Perfected Strike","floor":23.0,"key":"SMITH"},{"data":"Perfected Strike","floor":25.0,"key":"SMITH"},{"data":"Armaments","floor":29.0,"key":"SMITH"},{"floor":32.0,"key":"REST"},{"data":"Immolate","floor":40.0,"key":"SMITH"},{"data":"Body Slam","floor":46.0,"key":"SMITH"},{"data":"Rage","floor":49.0,"key":"SMITH"}],"neow_cost":"NONE","seed_source_timestamp":0,"circlet_count":0,"master_deck":["Strike_R+1","Strike_R","Strike_R","Strike_R","Defend_R+1","Bash","AscendersBane","Shrug It Off","Twin Strike+1","Battle Trance","Wild Strike","Dropkick","Inflame","Cleave","Perfected Strike+1","Clothesline","Twin Strike","Immolate+1","Body Slam+1","Perfected Strike+1","Pommel Strike","Pommel Strike+1","Iron Wave","Armaments+1","Rage+1","Fiend Fire","Clothesline+1","Ghostly Armor","Infernal Blade+1","Iron Wave","Anger","Headbutt+1"],"special_seed":0,"relics":["Burning Blood","Art of War","MawBank","Mummified Hand","Sozu","Bag of Marbles","Meat on the Bone","Sundial","FossilizedHelix","Gremlin Horn","Torii","Busted Crown","Pear","Dead Branch","Bronze Scales","Pantograph","Potion Belt"],"potions_floor_usage":[],"damage_taken":[{"damage":3.0,"enemies":"Small Slimes","floor":1.0,"turns":4.0},{"damage":6.0,"enemies":"Cultist","floor":3.0,"turns":3.0},{"damage":0.0,"enemies":"2 Louse","floor":4.0,"turns":3.0},{"damage":13.0,"enemies":"Blue Slaver","floor":5.0,"turns":3.0},{"damage":8.0,"enemies":"Gremlin Nob","floor":6.0,"turns":3.0},{"damage":0.0,"enemies":"Large Slime","floor":11.0,"turns":3.0},{"damage":24.0,"enemies":"Lagavulin","floor":12.0,"turns":5.0},{"damage":0.0,"enemies":"2 Fungi Beasts","floor":13.0,"turns":2.0},{"damage":12.0,"enemies":"Gremlin Gang","floor":14.0,"turns":3.0},{"damage":30.0,"enemies":"Slime Boss","floor":16.0,"turns":7.0},{"damage":6.0,"enemies":"Spheric Guardian","floor":18.0,"turns":3.0},{"damage":11.0,"enemies":"2 Thieves","floor":20.0,"turns":2.0},{"damage":25.0,"enemies":"Sentry and Sphere","floor":21.0,"turns":4.0},{"damage":0.0,"enemies":"Snecko","floor":27.0,"turns":2.0},{"damage":12.0,"enemies":"Gremlin Leader","floor":28.0,"turns":3.0},{"damage":3.0,"enemies":"Colosseum Slavers","floor":30.0,"turns":2.0},{"damage":16.0,"enemies":"Colosseum Nobs","floor":30.0,"turns":3.0},{"damage":28.0,"enemies":"Book of Stabbing","floor":31.0,"turns":3.0},{"damage":56.0,"enemies":"Collector","floor":33.0,"turns":8.0},{"damage":0.0,"enemies":"3 Darklings","floor":35.0,"turns":3.0},{"damage":0.0,"enemies":"Mind Bloom Boss Battle","floor":38.0,"turns":3.0},{"damage":0.0,"enemies":"3 Shapes","floor":39.0,"turns":1.0},{"damage":0.0,"enemies":"Reptomancer","floor":41.0,"turns":2.0},{"damage":9.0,"enemies":"2 Orb Walkers","floor":42.0,"turns":3.0},{"damage":0.0,"enemies":"3 Darklings","floor":44.0,"turns":2.0},{"damage":1.0,"enemies":"Nemesis","floor":45.0,"turns":5.0},{"damage":0.0,"enemies":"Maw","floor":47.0,"turns":5.0},{"damage":1.0,"enemies":"Transient","floor":48.0,"turns":5.0},{"damage":86,"enemies":"Time Eater","floor":50,"turns":10}],"seed_played":"-712526880353168663","potions_obtained":[{"floor":3.0,"key":"Poison Potion"},{"floor":4.0,"key":"SteroidPotion"},{"floor":12.0,"key":"Weak Potion"}],"is_trial":false,"path_per_floor":["M","?","M","M","M","E","R","$","T","?","M","E","M","M","R","B",null,"M","$","M","M","$","R","?","R","T","M","E","R","?","E","R","B",null,"M","$","?","?","M","R","M","E","T","M","E","R","M","M","R","B"],"character_chosen":"IRONCLAD","items_purchased":["Inflame","Perfected Strike","Bag of Marbles","Pear"],"campfire_rested":2,"item_purchase_floors":[8,19,19,36],"current_hp_per_floor":[78,78,78,82,75,73,73,73,73,48,54,36,42,36,60,36,71,71,71,66,47,47,47,47,47,47,53,59,59,52,42,66,28,69,75,85,76,82,88,88,92,89,89,92,92,92,92,92,92,24],"gold":201,"neow_bonus":"TEN_PERCENT_HP_BONUS","is_prod":false,"is_daily":false,"chose_seed":false,"campfire_upgraded":7,"win_rate":0,"timestamp":1539632418,"path_taken":["M","?","M","M","M","E","R","$","T","?","M","E","?","?","R","BOSS","M","$","M","M","$","R","?","R","T","M","E","R","?","E","R","BOSS","M","$","?","?","?","R","M","E","T","M","E","R","M","M","R","BOSS"],"build_version":"2018-10-11","purchased_purges":2,"victory":true,"max_hp_per_floor":[82,82,82,82,82,82,82,82,82,82,82,82,82,82,82,82,82,82,82,82,82,82,82,82,82,82,82,82,82,82,82,82,82,82,82,92,92,92,92,92,92,92,92,92,92,92,92,92,92,92],"card_choices":[{"not_picked":["Seeing Red","Headbutt"],"picked":"Shrug It Off","floor":1.0},{"not_picked":["True Grit","Bloodletting"],"picked":"Twin Strike","floor":3.0},{"not_picked":["Anger","Havoc"],"picked":"Battle Trance","floor":4.0},{"not_picked":["Hemokinesis","True Grit"],"picked":"Wild Strike","floor":5.0},{"not_picked":["Reckless Charge","Second Wind"],"picked":"Dropkick","floor":6.0},{"not_picked":["Armaments","Sword Boomerang"],"picked":"Cleave","floor":11.0},{"not_picked":["Armaments","Sword Boomerang"],"picked":"Perfected Strike","floor":12.0},{"not_picked":["Havoc","Sword Boomerang"],"picked":"Clothesline","floor":13.0},{"not_picked":["Double Tap","Corruption"],"picked":"Twin Strike","floor":14.0},{"not_picked":["Limit Break","Exhume"],"picked":"Immolate","floor":16.0},{"not_picked":["Whirlwind","Rampage"],"picked":"Body Slam","floor":18.0},{"not_picked":["Bloodletting","Clothesline"],"picked":"Pommel Strike","floor":20.0},{"not_picked":["Warcry","Bloodletting"],"picked":"Pommel Strike+1","floor":21.0},{"not_picked":["Thunderclap","Armaments"],"picked":"Iron Wave","floor":27.0},{"not_picked":["Dropkick","Seeing Red"],"picked":"Armaments","floor":28.0},{"not_picked":["Headbutt","Feel No Pain+1"],"picked":"Rage","floor":30.0},{"not_picked":["Body Slam","Wild Strike","Burning Pact"],"picked":"SKIP","floor":31.0},{"not_picked":["Brutality","Reaper"],"picked":"Fiend Fire","floor":33.0},{"not_picked":[],"picked":"Clothesline+1","floor":35.0},{"not_picked":[],"picked":"Ghostly Armor","floor":39.0},{"not_picked":["Corruption"],"picked":"SKIP","floor":41.0},{"not_picked":[],"picked":"Infernal Blade+1","floor":42.0},{"not_picked":[],"picked":"Iron Wave","floor":44.0},{"not_picked":[],"picked":"Anger","floor":45.0},{"not_picked":[],"picked":"Headbutt+1","floor":47.0},{"not_picked":["Blood for Blood+1"],"picked":"SKIP","floor":48.0}],"player_experience":769871,"relics_obtained":[{"floor":6.0,"key":"Art of War"},{"floor":9.0,"key":"MawBank"},{"floor":12.0,"key":"Mummified Hand"},{"floor":26.0,"key":"Meat on the Bone"},{"floor":28.0,"key":"Sundial"},{"floor":30.0,"key":"FossilizedHelix"},{"floor":30.0,"key":"Gremlin Horn"},{"floor":31.0,"key":"Torii"},{"floor":38.0,"key":"Dead Branch"},{"floor":42.0,"key":"Bronze Scales"},{"floor":43.0,"key":"Pantograph"},{"floor":45.0,"key":"Potion Belt"}],"event_choices":[{"event_name":"Purifier","player_choice":"One Purge","floor":2.0,"damage_taken":0.0},{"event_name":"Shining Light","player_choice":"Entered Light","floor":10.0,"damage_taken":0.0},{"event_name":"Back to Basics","player_choice":"Elegance","floor":24.0,"damage_taken":0.0},{"event_name":"Colosseum","player_choice":"Fight","floor":30.0,"damage_taken":0.0},{"event_name":"Colosseum","player_choice":"Fought Nobs","floor":30.0,"damage_taken":0.0},{"event_name":"FaceTrader","player_choice":"Touch","floor":37.0,"damage_taken":0.0},{"event_name":"MindBloom","player_choice":"Fight","floor":38.0,"damage_taken":0.0}],"is_beta":false,"boss_relics":[{"not_picked":["Runic Dome","Black Blood"],"picked":"Sozu"},{"not_picked":["Orrery","Pandora\u0027s Box"],"picked":"Busted Crown"}],"items_purged_floors":[8,19],"is_endless":false,"potions_floor_spawned":[3,4,12,20,21,38,39,41,44,48],"ascension_level":16}