{"gold_per_floor":[117,137,153,173,193,193,42,42,93,119,119,152,152,172,172,267,267,282,300,150,75,0,27,127,127,154,187,187,187,187,187,187,286,286,298,298,230,230,190,190,190,190,190,201,211,11,21,21,21,21],"floor_reached":51,"playtime":4080,"items_purged":["Strike_R"],"score":792,"play_id":"8466c7ca-f080-4a17-9620-798d077ec15e","local_time":"20180901184710","is_ascension_mode":true,"campfire_choices":[{"data":"Rampage","floor":6.0,"key":"SMITH"},{"data":"Headbutt","floor":13.0,"key":"SMITH"},{"data":"Inflame","floor":15.0,"key":"SMITH"},{"floor":25.0,"key":"REST"},{"floor":28.0,"key":"REST"},{"data":"Armaments","floor":32.0,"key":"SMITH"},{"data":"Pommel Strike","floor":40.0,"key":"SMITH"},{"data":"Cleave","floor":42.0,"key":"SMITH"},{"data":"Fiend Fire","floor":49.0,"key":"SMITH"}],"neow_cost":"NONE","seed_source_timestamp":0,"circlet_count":0,"master_deck":["Strike_R+1","Strike_R+1","Strike_R+1","Defend_R+1","Defend_R+1","Defend_R+1","Defend_R+1","Bash+1","Cleave+1","Rampage+1","Headbutt+1","Inflame+1","Iron Wave+1","Shrug It Off+1","Feed","Armaments+1","Pommel Strike+1","Necronomicurse","Bludgeon+1","Secret Weapon+1","Panacea+1","Good Instincts+1","Flame Barrier+1","Flame Barrier+1","Pommel Strike","Flex+1","Inflame","Flex+1","Fiend Fire+1","Flex+1"],"special_seed":0,"relics":["Burning Blood","Bronze Scales","Darkstone Periapt","Lantern","Orichalcum","Bottled Lightning","Busted Crown","War Paint","Red Skull","Calipers","Toxic Egg 2","Vajra","Juzu Bracelet","MutagenicStrength","Necronomicon","Mark of Pain","Magic Flower","Dead Branch"],"potions_floor_usage":[50],"damage_taken":[{"damage":1.0,"enemies":"Cultist","floor":1.0,"turns":4.0},{"damage":2.0,"enemies":"2 Louse","floor":2.0,"turns":3.0},{"damage":10.0,"enemies":"Small Slimes","floor":3.0,"turns":4.0},{"damage":12.0,"enemies":"Looter","floor":4.0,"turns":3.0},{"damage":0.0,"enemies":"Large Slime","floor":5.0,"turns":5.0},{"damage":16.0,"enemies":"Gremlin Nob","floor":10.0,"turns":3.0},{"damage":29.0,"enemies":"Lagavulin","floor":12.0,"turns":6.0},{"damage":5.0,"enemies":"2 Fungi Beasts","floor":14.0,"turns":3.0},{"damage":25.0,"enemies":"Slime Boss","floor":16.0,"turns":11.0},{"damage":2.0,"enemies":"3 Byrds","floor":18.0,"turns":3.0},{"damage":6.0,"enemies":"Spheric Guardian","floor":19.0,"turns":3.0},{"damage":32.0,"enemies":"Slavers","floor":23.0,"turns":6.0},{"damage":18.0,"enemies":"Colosseum Slavers","floor":24.0,"turns":5.0},{"damage":25.0,"enemies":"Colosseum Nobs","floor":24.0,"turns":4.0},{"damage":24.0,"enemies":"Gremlin Leader","floor":27.0,"turns":4.0},{"damage":50.0,"enemies":"Champ","floor":33.0,"turns":8.0},{"damage":0.0,"enemies":"Orb Walker","floor":35.0,"turns":2.0},{"damage":0.0,"enemies":"Mind Bloom Boss Battle","floor":41.0,"turns":2.0},{"damage":8.0,"enemies":"3 Shapes","floor":44.0,"turns":3.0},{"damage":13.0,"enemies":"Maw","floor":45.0,"turns":3.0},{"damage":7.0,"enemies":"Sphere and 2 Shapes","floor":47.0,"turns":4.0},{"damage":62,"enemies":"Donu and Deca","floor":50,"turns":5}],"seed_played":"-2091546632896099351","potions_obtained":[{"floor":2.0,"key":"Dexterity Potion"},{"floor":5.0,"key":"SpeedPotion"},{"floor":14.0,"key":"Fruit Juice"},{"floor":16.0,"key":"GamblersBrew"},{"floor":18.0,"key":"Swift Potion"},{"floor":27.0,"key":"EssenceOfSteel"},{"floor":41.0,"key":"Energy Potion"},{"floor":47.0,"key":"LiquidBronze"}],"is_trial":false,"path_per_floor":["M","M","M","M","M","R","$","?","T","E","?","E","R","M","R","B",null,"M","M","$","?","$","E","?","R","T","E","R","?","?","?","R","B",null,"M","?","$","?","?","R","?","R","T","M","M","$","M","?","R","B"],"character_chosen":"IRONCLAD","items_purchased":["Bronze Scales","War Paint","Flame Barrier+1","Inflame","Flex+1","Fiend Fire"],"campfire_rested":2,"item_purchase_floors":[7,20,37,46,46,46],"current_hp_per_floor":[80,80,76,70,76,76,76,76,76,66,50,27,27,28,28,9,80,83,83,83,83,83,60,37,65,65,47,75,75,75,65,65,21,100,100,90,90,90,90,90,96,96,96,103,99,99,101,101,101,48],"gold":21,"neow_bonus":"UPGRADE_CARD","is_prod":false,"is_daily":false,"chose_seed":false,"campfire_upgraded":7,"win_rate":0,"timestamp":1535845630,"path_taken":["M","?","M","M","M","R","$","?","T","E","?","E","R","M","R","BOSS","M","M","$","?","$","E","?","R","T","E","R","?","?","?","R","BOSS","M","?","$","?","?","R","?","R","T","M","M","$","M","?","R","BOSS"],"build_version":"2018-08-30","purchased_purges":1,"victory":true,"max_hp_per_floor":[80,80,80,80,80,80,80,80,80,80,80,80,80,80,80,80,80,83,83,83,83,83,86,94,94,94,94,94,94,94,100,100,100,100,100,100,100,100,100,100,100,100,100,104,104,104,104,104,104,104],"card_choices":[{"not_picked":["Clash","True Grit"],"picked":"Cleave","floor":1.0},{"not_picked":["Shockwave","Warcry"],"picked":"Rampage","floor":2.0},{"not_picked":["Body Slam","Pummel"],"picked":"Headbutt","floor":3.0},{"not_picked":["Hemokinesis","Wild Strike"],"picked":"Inflame","floor":4.0},{"not_picked":["Twin Strike","Anger"],"picked":"Inflame","floor":5.0},{"not_picked":["True Grit","Ghostly Armor"],"picked":"Iron Wave","floor":10.0},{"not_picked":["Exhume","Barricade","Second Wind"],"picked":"SKIP","floor":12.0},{"not_picked":["Cleave","Heavy Blade"],"picked":"Shrug It Off","floor":14.0},{"not_picked":["Limit Break","Exhume"],"picked":"Feed","floor":16.0},{"not_picked":["Corruption"],"picked":"SKIP","floor":18.0},{"not_picked":[],"picked":"Armaments","floor":19.0},{"not_picked":["Hemokinesis"],"picked":"SKIP","floor":23.0},{"not_picked":[],"picked":"Pommel Strike","floor":24.0},{"not_picked":["True Grit+1"],"picked":"SKIP","floor":27.0},{"not_picked":[],"picked":"Bludgeon","floor":33.0},{"not_picked":["Combust"],"picked":"SKIP","floor":35.0},{"not_picked":[],"picked":"Secret Weapon+1","floor":36.0},{"not_picked":[],"picked":"Panacea+1","floor":36.0},{"not_picked":[],"picked":"Good Instincts+1","floor":36.0},{"not_picked":[],"picked":"Flame Barrier+1","floor":41.0},{"not_picked":[],"picked":"Pommel Strike","floor":44.0},{"not_picked":[],"picked":"Flex+1","floor":45.0},{"not_picked":[],"picked":"Flex+1","floor":47.0}],"player_experience":566890,"relics_obtained":[{"floor":9.0,"key":"Lantern"},{"floor":10.0,"key":"Orichalcum"},{"floor":12.0,"key":"Bottled Lightning"},{"floor":23.0,"key":"Red Skull"},{"floor":24.0,"key":"Calipers"},{"floor":24.0,"key":"Toxic Egg 2"},{"floor":26.0,"key":"Vajra"},{"floor":27.0,"key":"Juzu Bracelet"},{"floor":31.0,"key":"Necronomicon"},{"floor":41.0,"key":"Magic Flower"},{"floor":43.0,"key":"Dead Branch"}],"event_choices":[{"event_name":"WeMeetAgain","player_choice":"Potion","floor":8.0,"damage_taken":0.0},{"event_name":"Shining Light","player_choice":"Entered Light","floor":11.0,"damage_taken":0.0},{"event_name":"Beggar","player_choice":"Gave Gold","floor":21.0,"damage_taken":0.0},{"event_name":"Colosseum","player_choice":"Fight","floor":24.0,"damage_taken":0.0},{"event_name":"Colosseum","player_choice":"Fought Nobs","floor":24.0,"damage_taken":0.0},{"event_name":"Back to Basics","player_choice":"Simplicity","floor":29.0,"damage_taken":0.0},{"event_name":"Drug Dealer","player_choice":"Inject Mutagens","floor":30.0,"damage_taken":0.0},{"event_name":"Cursed Tome","player_choice":"Obtained Book","floor":31.0,"damage_taken":0.0},{"event_name":"SensoryStone","player_choice":"Memory 3","floor":36.0,"damage_taken":0.0},{"event_name":"Tomb of Lord Red Mask","player_choice":"Ignored","floor":38.0,"damage_taken":0.0},{"event_name":"Designer","player_choice":"Upgrade 2 Random Cards","floor":39.0,"damage_taken":0.0},{"event_name":"MindBloom","player_choice":"Fight","floor":41.0,"damage_taken":0.0},{"event_name":"Falling","player_choice":"Removed Power","floor":48.0,"damage_taken":0.0}],"is_beta":false,"boss_relics":[{"not_picked":["Runic Pyramid","Philosopher\u0027s Stone"],"picked":"Busted Crown"},{"not_picked":["Empty Cage","Cursed Key"],"picked":"Mark of Pain"}],"items_purged_floors":[22],"is_endless":false,"potions_floor_spawned":[2,5,14,16,18,27,41,47],"ascension_level":4}