{"gold_per_floor":[111,121,140,152,152,152,165,190,241,62,90,110,124,151,151,255,255,270,296,296,311,311,375,392,392,392,402,402,415,450,114,114,219,219,230,244,244,466,491,524,524,539,539,559,559,579,322,340,340,340,340,340,44,70,70],"floor_reached":55,"playtime":4210,"items_purged":["Dual Wield"],"score":816,"play_id":"e1d986ab-e791-4368-bdce-fdfe479756b3","local_time":"20181121090743","is_ascension_mode":false,"campfire_choices":[{"floor":6.0,"key":"RECALL"},{"data":"Mayhem","floor":15.0,"key":"SMITH"},{"data":"Immolate","floor":25.0,"key":"SMITH"},{"floor":28.0,"key":"REST"},{"data":"Shrug It Off","floor":32.0,"key":"SMITH"},{"data":"Shockwave","floor":41.0,"key":"SMITH"},{"floor":45.0,"key":"REST"},{"floor":49.0,"key":"REST"},{"data":"Fiend Fire","floor":52.0,"key":"SMITH"}],"neow_cost":"NONE","seed_source_timestamp":0,"circlet_count":0,"master_deck":["Strike_R","Strike_R","Strike_R","Strike_R","Strike_R","Defend_R","Defend_R","Defend_R","Defend_R","Bash","Headbutt","Whirlwind","Cleave","Power Through+1","Spot Weakness","Pummel","Mayhem+1","Pommel Strike","Pummel","Cleave","Anger","Immolate+1","Shockwave+1","Pummel","Dropkick+1","Shrug It Off+1","Rage+1","Shrug It Off+1","Thinking Ahead+1","Fiend Fire+1","Body Slam","Reckless Charge+1","True Grit+1","Sword Boomerang+1","Spot Weakness+1","Havoc+1","Shrug It Off+1","Anger","Trip+1","Clothesline+1","Flex+1","True Grit+1","Sword Boomerang+1"],"special_seed":0,"relics":["Burning Blood","Thread and Needle","Blue Candle","Dream Catcher","Letter Opener","Velvet Choker","Red Mask","Tiny Chest","Strawberry","Toxic Egg 2","Bronze Scales","Runic Cube","Happy Flower","Lantern","Shuriken","Ornamental Fan","Pen Nib"],"potions_floor_usage":[55],"damage_taken":[{"damage":6.0,"enemies":"Cultist","floor":1.0,"turns":3.0},{"damage":0.0,"enemies":"2 Louse","floor":2.0,"turns":3.0},{"damage":0.0,"enemies":"Small Slimes","floor":3.0,"turns":2.0},{"damage":3.0,"enemies":"Gremlin Gang","floor":4.0,"turns":4.0},{"damage":0.0,"enemies":"Blue Slaver","floor":7.0,"turns":3.0},{"damage":5.0,"enemies":"3 Sentries","floor":8.0,"turns":4.0},{"damage":14.0,"enemies":"Gremlin Nob","floor":11.0,"turns":4.0},{"damage":0.0,"enemies":"Exordium Thugs","floor":12.0,"turns":4.0},{"damage":0.0,"enemies":"Large Slime","floor":13.0,"turns":4.0},{"damage":9.0,"enemies":"Lagavulin","floor":14.0,"turns":3.0},{"damage":31.0,"enemies":"Slime Boss","floor":16.0,"turns":7.0},{"damage":1.0,"enemies":"Spheric Guardian","floor":18.0,"turns":3.0},{"damage":15.0,"enemies":"Masked Bandits","floor":19.0,"turns":4.0},{"damage":14.0,"enemies":"2 Thieves","floor":21.0,"turns":4.0},{"damage":36.0,"enemies":"Gremlin Leader","floor":23.0,"turns":8.0},{"damage":2.0,"enemies":"Chosen and Byrds","floor":24.0,"turns":4.0},{"damage":2.0,"enemies":"3 Cultists","floor":27.0,"turns":4.0},{"damage":0.0,"enemies":"Cultist and Chosen","floor":29.0,"turns":4.0},{"damage":19.0,"enemies":"Book of Stabbing","floor":30.0,"turns":3.0},{"damage":30.0,"enemies":"Automaton","floor":33.0,"turns":8.0},{"damage":9.0,"enemies":"3 Darklings","floor":35.0,"turns":4.0},{"damage":8.0,"enemies":"3 Shapes","floor":36.0,"turns":2.0},{"damage":31.0,"enemies":"Reptomancer","floor":40.0,"turns":6.0},{"damage":35.0,"enemies":"Writhing Mass","floor":42.0,"turns":4.0},{"damage":0.0,"enemies":"Transient","floor":44.0,"turns":5.0},{"damage":12.0,"enemies":"4 Shapes","floor":46.0,"turns":3.0},{"damage":22.0,"enemies":"Spire Growth","floor":48.0,"turns":3.0},{"damage":62.0,"enemies":"Donu and Deca","floor":50.0,"turns":8.0},{"damage":52.0,"enemies":"Shield and Spear","floor":54.0,"turns":6.0},{"damage":65,"enemies":"The Heart","floor":55,"turns":6}],"seed_played":"-5965198635145626755","potions_obtained":[{"floor":2.0,"key":"FearPotion"},{"floor":7.0,"key":"Block Potion"},{"floor":8.0,"key":"SteroidPotion"},{"floor":12.0,"key":"FearPotion"},{"floor":13.0,"key":"Strength Potion"},{"floor":19.0,"key":"Poison Potion"},{"floor":21.0,"key":"Weak Potion"},{"floor":27.0,"key":"FearPotion"},{"floor":29.0,"key":"Strength Potion"},{"floor":33.0,"key":"Strength Potion"},{"floor":36.0,"key":"SkillPotion"},{"floor":40.0,"key":"GamblersBrew"},{"floor":42.0,"key":"SpeedPotion"}],"is_trial":false,"path_per_floor":["M","M","M","M","?","R","M","E","T","$","E","M","M","E","R","B",null,"M","?","?","M","?","E","M","R","T","M","R","M","E","$","R","B",null,"M","M","T","?","T","E","R","M","T","M","R","M","$","M","R","B",null,"R","$","E","B"],"character_chosen":"IRONCLAD","items_purchased":["Mayhem","Bronze Scales","Thinking Ahead+1","Anger","Fire Potion","EssenceOfSteel","Trip+1","PowerPotion","SkillPotion","Regen Potion","True Grit+1"],"campfire_rested":3,"item_purchase_floors":[10,31,31,47,47,47,47,53,53,53,53],"current_hp_per_floor":[88,88,88,88,88,88,88,88,88,88,80,86,88,85,85,60,88,88,79,79,71,71,41,45,45,52,56,84,90,77,77,77,53,95,92,90,90,90,90,65,65,36,36,42,70,64,64,48,76,20,95,95,95,49,0],"gold":70,"neow_bonus":"TEN_PERCENT_HP_BONUS","is_prod":false,"is_daily":false,"chose_seed":false,"campfire_upgraded":5,"win_rate":0,"timestamp":1542812863,"path_taken":["M","?","M","M","?","R","?","E","T","$","E","M","M","E","R","BOSS","M","?","?","?","?","E","M","R","T","M","R","M","E","$","R","BOSS","M","M","?","?","?","E","R","M","T","M","R","M","$","M","R","BOSS","R","$","E","BOSS"],"build_version":"2018-11-15","purchased_purges":1,"victory":false,"max_hp_per_floor":[88,88,88,88,88,88,88,88,88,88,88,88,88,88,88,88,88,88,88,88,88,88,88,88,88,95,95,95,95,95,95,95,95,95,95,95,95,95,95,95,95,95,95,95,95,95,95,95,95,95,95,95,95,95,95],"card_choices":[{"not_picked":["Warcry","Wild Strike"],"picked":"Headbutt","floor":1.0},{"not_picked":["Flex","Armaments"],"picked":"Whirlwind","floor":2.0},{"not_picked":["Anger","Inflame"],"picked":"Cleave","floor":3.0},{"not_picked":["Whirlwind","Twin Strike"],"picked":"Power Through","floor":4.0},{"not_picked":["Limit Break","Headbutt"],"picked":"Spot Weakness","floor":7.0},{"not_picked":["Anger","Wild Strike"],"picked":"Pummel","floor":8.0},{"not_picked":["Sentinel","Clash"],"picked":"Pommel Strike","floor":11.0},{"not_picked":["Body Slam","Armaments"],"picked":"Pummel","floor":12.0},{"not_picked":["Body Slam","Armaments"],"picked":"Cleave","floor":13.0},{"not_picked":["Bludgeon","Clothesline"],"picked":"Anger","floor":14.0},{"not_picked":["Reaper","Barricade"],"picked":"Immolate","floor":16.0},{"not_picked":["Wild Strike","Clash"],"picked":"Shockwave","floor":18.0},{"not_picked":["Sword Boomerang","Hemokinesis"],"picked":"Pummel","floor":19.0},{"not_picked":["Armaments","Seeing Red","Burning Pact+1"],"picked":"SKIP","floor":21.0},{"not_picked":["Seeing Red","Brutality","Rupture"],"picked":"SKIP","floor":23.0},{"not_picked":["Sever Soul","Anger"],"picked":"Dropkick+1","floor":24.0},{"not_picked":["Perfected Strike","Warcry"],"picked":"Dual Wield","floor":27.0},{"not_picked":["Second Wind+1","Iron Wave"],"picked":"Shrug It Off","floor":28.0},{"not_picked":["Heavy Blade+1","Fire Breathing"],"picked":"Rage+1","floor":29.0},{"not_picked":["Metallicize","Sword Boomerang"],"picked":"Shrug It Off","floor":30.0},{"not_picked":["Bludgeon","Dark Embrace"],"picked":"Fiend Fire","floor":33.0},{"not_picked":["Warcry+1","Anger"],"picked":"Body Slam","floor":35.0},{"not_picked":["Warcry+1","Searing Blow+1"],"picked":"Reckless Charge+1","floor":36.0},{"not_picked":["Combust+1","Evolve"],"picked":"True Grit+1","floor":40.0},{"not_picked":["Immolate","Seeing Red+1"],"picked":"Sword Boomerang+1","floor":42.0},{"not_picked":["Burning Pact+1","Shockwave+1"],"picked":"Spot Weakness+1","floor":44.0},{"not_picked":["Blood for Blood+1","Pommel Strike"],"picked":"Havoc+1","floor":45.0},{"not_picked":["Perfected Strike+1","Second Wind+1"],"picked":"Shrug It Off+1","floor":46.0},{"not_picked":["Wild Strike","Carnage"],"picked":"Clothesline+1","floor":48.0},{"not_picked":["Fire Breathing+1","Wild Strike"],"picked":"Flex+1","floor":49.0},{"not_picked":["Clash","Rage+1"],"picked":"Sword Boomerang+1","floor":54.0}],"player_experience":1042937,"relics_obtained":[{"floor":8.0,"key":"Blue Candle"},{"floor":11.0,"key":"Dream Catcher"},{"floor":14.0,"key":"Letter Opener"},{"floor":19.0,"key":"Red Mask"},{"floor":23.0,"key":"Tiny Chest"},{"floor":26.0,"key":"Strawberry"},{"floor":30.0,"key":"Toxic Egg 2"},{"floor":37.0,"key":"Happy Flower"},{"floor":39.0,"key":"Lantern"},{"floor":40.0,"key":"Shuriken"},{"floor":43.0,"key":"Ornamental Fan"},{"floor":54.0,"key":"Pen Nib"}],"event_choices":[{"damage_healed":0.0,"max_hp_gain":0.0,"max_hp_loss":0.0,"gold_gain":0.0,"event_name":"WeMeetAgain","player_choice":"Gave Potion","floor":5.0,"gold_loss":0.0,"damage_taken":0.0,"relics_obtained":["Thread and Needle"]},{"damage_healed":0.0,"max_hp_gain":0.0,"max_hp_loss":0.0,"gold_gain":0.0,"event_name":"Masked Bandits","player_choice":"Fought Bandits","floor":19.0,"gold_loss":0.0,"damage_taken":0.0},{"damage_healed":0.0,"max_hp_gain":0.0,"max_hp_loss":0.0,"gold_gain":0.0,"event_name":"The Woman in Blue","player_choice":"Bought 0 Potions","floor":20.0,"gold_loss":0.0,"damage_taken":0.0},{"damage_healed":0.0,"max_hp_gain":0.0,"max_hp_loss":0.0,"gold_gain":0.0,"event_name":"Upgrade Shrine","player_choice":"Upgraded","floor":22.0,"gold_loss":0.0,"damage_taken":0.0,"cards_upgraded":["Power Through"]},{"damage_healed":0.0,"max_hp_gain":0.0,"max_hp_loss":0.0,"gold_gain":222.0,"event_name":"Tomb of Lord Red Mask","player_choice":"Wore Mask","floor":38.0,"gold_loss":0.0,"damage_taken":0.0}],"is_beta":false,"boss_relics":[{"not_picked":["Philosopher\u0027s Stone","Black Blood"],"picked":"Velvet Choker"},{"not_picked":["Calling Bell","Runic Pyramid"],"picked":"Runic Cube"}],"items_purged_floors":[53],"is_endless":false,"potions_floor_spawned":[2,7,8,12,13,19,21,27,29,33,36,40,42],"killed_by":"The Heart","ascension_level":0}