{"gold_per_floor":[116,66,81,93,93,126,139,139,139,214,224,224,241,256,256,352,352,368,382,382,401,38,38],"floor_reached":23,"playtime":2166,"items_purged":[],"score":293,"play_id":"f8d0436f-0cda-4abc-9975-1ece4167b39f","local_time":"20180920082410","is_ascension_mode":true,"campfire_choices":[{"data":"Armaments","floor":8.0,"key":"SMITH"},{"floor":12.0,"key":"REST"},{"floor":15.0,"key":"REST"}],"neow_cost":"NONE","seed_source_timestamp":0,"circlet_count":0,"master_deck":["Strike_R","Strike_R","Strike_R","Defend_R","Defend_R","Defend_R","Defend_R","Bash+1","AscendersBane","Armaments+1","Dropkick","Body Slam","Rampage","Flex","Body Slam","Flame Barrier","Impervious","Pommel Strike","Inflame+1","Inflame","Demon Form","Battle Trance","Shrug It Off","Madness"],"special_seed":0,"relics":["Burning Blood","Sundial","Bottled Lightning","White Beast Statue"],"potions_floor_usage":[23],"damage_taken":[{"damage":4.0,"enemies":"Small Slimes","floor":1.0,"turns":4.0},{"damage":3.0,"enemies":"2 Louse","floor":3.0,"turns":4.0},{"damage":0.0,"enemies":"Cultist","floor":4.0,"turns":3.0},{"damage":32.0,"enemies":"Gremlin Nob","floor":6.0,"turns":4.0},{"damage":10.0,"enemies":"Red Slaver","floor":7.0,"turns":4.0},{"damage":1.0,"enemies":"Looter","floor":11.0,"turns":4.0},{"damage":6.0,"enemies":"Blue Slaver","floor":13.0,"turns":4.0},{"damage":29.0,"enemies":"Lots of Slimes","floor":14.0,"turns":5.0},{"damage":52.0,"enemies":"The Guardian","floor":16.0,"turns":12.0},{"damage":12.0,"enemies":"3 Byrds","floor":18.0,"turns":6.0},{"damage":11.0,"enemies":"Shell Parasite","floor":19.0,"turns":8.0},{"damage":27.0,"enemies":"Cultist and Chosen","floor":21.0,"turns":6.0},{"damage":44,"enemies":"Book of Stabbing","floor":23,"turns":7}],"seed_played":"39538946011528965","potions_obtained":[{"floor":4.0,"key":"EssenceOfSteel"},{"floor":7.0,"key":"Strength Potion"},{"floor":13.0,"key":"Ancient Potion"},{"floor":16.0,"key":"Ancient Potion"},{"floor":18.0,"key":"Poison Potion"},{"floor":19.0,"key":"Explosive Potion"},{"floor":21.0,"key":"Weak Potion"}],"is_trial":false,"path_per_floor":["M","?","M","M","?","E","M","R","T","?","M","R","M","M","R","B",null,"M","M","?","M","$"],"character_chosen":"IRONCLAD","items_purchased":["Demon Form","Battle Trance","Shrug It Off","Madness"],"campfire_rested":2,"item_purchase_floors":[22,22,22,22],"current_hp_per_floor":[74,74,77,80,73,47,43,43,43,32,37,61,61,38,62,16,64,58,53,79,58,58,14],"gold":38,"neow_bonus":"UPGRADE_CARD","is_prod":false,"is_daily":false,"chose_seed":false,"campfire_upgraded":1,"win_rate":0,"timestamp":1537449850,"path_taken":["M","?","M","?","?","E","?","R","T","?","M","R","M","M","R","BOSS","M","M","?","M","$","E"],"build_version":"2018-09-06","purchased_purges":0,"victory":false,"max_hp_per_floor":[80,80,80,80,80,80,80,80,80,80,80,80,80,80,80,80,80,80,80,80,80,80,80],"card_choices":[{"not_picked":["Sword Boomerang","Seeing Red"],"picked":"Armaments","floor":1.0},{"not_picked":["Armaments","Perfected Strike"],"picked":"Dropkick","floor":3.0},{"not_picked":["True Grit","Corruption"],"picked":"Body Slam","floor":4.0},{"not_picked":["Iron Wave","Anger"],"picked":"Rampage","floor":6.0},{"not_picked":["Perfected Strike","Offering"],"picked":"Flex","floor":7.0},{"not_picked":["Feel No Pain","Sever Soul"],"picked":"Body Slam","floor":11.0},{"not_picked":["Clothesline","Heavy Blade","True Grit"],"picked":"SKIP","floor":13.0},{"not_picked":["Seeing Red","Rupture"],"picked":"Flame Barrier","floor":14.0},{"not_picked":["Barricade","Berserk"],"picked":"Impervious","floor":16.0},{"not_picked":["Perfected Strike","Combust+1"],"picked":"Pommel Strike","floor":18.0},{"not_picked":["Perfected Strike+1","Dual Wield"],"picked":"Inflame+1","floor":19.0},{"not_picked":["Anger","Sword Boomerang"],"picked":"Inflame","floor":21.0}],"player_experience":622919,"relics_obtained":[{"floor":6.0,"key":"Sundial"},{"floor":9.0,"key":"Bottled Lightning"}],"event_choices":[{"event_name":"The Cleric","player_choice":"Card Removal","floor":2.0,"damage_taken":0.0},{"event_name":"Golden Wing","player_choice":"Card Removal","floor":5.0,"damage_taken":0.0},{"event_name":"World of Goop","player_choice":"Gather Gold","floor":10.0,"damage_taken":0.0},{"event_name":"The Library","player_choice":"Heal","floor":20.0,"damage_taken":0.0}],"is_beta":false,"boss_relics":[{"not_picked":["Coffee Dripper","Runic Dome"],"picked":"White Beast Statue"}],"items_purged_floors":[],"is_endless":false,"potions_floor_spawned":[4,7,13,16,18,19,21],"killed_by":"Book of Stabbing","ascension_level":10}