{"gold_per_floor":[110,285,303,378,390,420,436,436,517,527,539,256,256,226,226,322,322,333,248,248,260,278,278],"floor_reached":23,"playtime":1400,"items_purged":["Defend_R"],"score":218,"play_id":"ed78958c-46c3-4790-8fda-0142c0d36f7c","local_time":"20180706124921","is_ascension_mode":false,"campfire_choices":[{"floor":13,"key":"REST"},{"data":"Flex","floor":15,"key":"SMITH"}],"neow_cost":"NONE","seed_source_timestamp":852274085272930,"circlet_count":0,"master_deck":["Strike_R","Strike_R","Strike_R","Strike_R+1","Defend_R","Defend_R","Bash","Anger","Doubt","Flex+1","Rampage","Shockwave","Heavy Blade+1","Shrug It Off","Bludgeon","Headbutt+1","Cleave","Heavy Blade+1"],"relics":["Burning Blood","Bag of Marbles","Ginger","Pear","TwistedFunnel","Empty Cage","Vajra"],"potions_floor_usage":[6,6,10,16,16,16,16,16,16,21,21,22,23,23],"damage_taken":[{"damage":5,"enemies":"Small Slimes","floor":1,"turns":4},{"damage":15,"enemies":"Jaw Worm","floor":3,"turns":4},{"damage":2,"enemies":"2 Louse","floor":5,"turns":2},{"damage":20,"enemies":"Gremlin Nob","floor":6,"turns":4},{"damage":7,"enemies":"Exordium Thugs","floor":7,"turns":4},{"damage":4,"enemies":"Lots of Slimes","floor":10,"turns":3},{"damage":9,"enemies":"2 Fungi Beasts","floor":11,"turns":3},{"damage":36,"enemies":"Hexaghost","floor":16,"turns":9},{"damage":25,"enemies":"3 Byrds","floor":18,"turns":5},{"damage":10,"enemies":"Spheric Guardian","floor":21,"turns":3},{"damage":30,"enemies":"Centurion and Healer","floor":22,"turns":4},{"damage":52,"enemies":"Book of Stabbing","floor":23,"turns":5}],"seed_played":"6405971065597937586","potions_obtained":[{"floor":3,"key":"Poison Potion"},{"floor":5,"key":"FearPotion"},{"floor":6,"key":"GamblersBrew"},{"floor":11,"key":"EntropicBrew"},{"floor":14,"key":"Block Potion"},{"floor":14,"key":"SneckoOil"},{"floor":20,"key":"Fruit Juice"},{"floor":20,"key":"EssenceOfSteel"},{"floor":20,"key":"Poison Potion"},{"floor":21,"key":"SkillPotion"},{"floor":22,"key":"Strength Potion"}],"is_trial":false,"path_per_floor":["M","?","M","?","M","E","M","?","T","M","M","$","R","?","R","B",null,"M","?","?","M","M"],"character_chosen":"IRONCLAD","items_purchased":["TwistedFunnel"],"campfire_rested":1,"item_purchase_floors":[12],"current_hp_per_floor":[80,80,71,60,64,50,49,33,43,45,42,42,69,69,69,39,90,71,71,71,72,48,0],"gold":278,"neow_bonus":"RANDOM_COMMON_RELIC","is_prod":false,"is_daily":false,"chose_seed":false,"campfire_upgraded":1,"win_rate":0,"timestamp":1530899361,"path_taken":["M","?","M","?","?","E","M","?","T","?","?","$","R","?","R","BOSS","M","?","?","M","M","E"],"build_version":"2018-07-05","purchased_purges":1,"victory":false,"max_hp_per_floor":[80,80,80,80,80,80,80,80,90,90,90,90,90,90,90,90,90,90,90,90,95,95,95],"card_choices":[{"not_picked":["Wild Strike","Rupture"],"picked":"Anger","floor":1},{"not_picked":["Pummel","Thunderclap"],"picked":"Flex","floor":3},{"not_picked":["Dual Wield","Anger"],"picked":"Rampage","floor":5},{"not_picked":["Warcry","Uppercut"],"picked":"Shockwave","floor":6},{"not_picked":["True Grit","Body Slam"],"picked":"Heavy Blade","floor":7},{"not_picked":["Wild Strike","Perfected Strike","Dual Wield"],"picked":"SKIP","floor":10},{"not_picked":["Headbutt","Perfected Strike"],"picked":"Shrug It Off","floor":11},{"not_picked":["Juggernaut","Impervious"],"picked":"Bludgeon","floor":16},{"not_picked":["Second Wind","Sword Boomerang+1"],"picked":"Headbutt+1","floor":18},{"not_picked":["Warcry","Thunderclap"],"picked":"Cleave","floor":21},{"not_picked":["Fire Breathing","Seeing Red"],"picked":"Heavy Blade+1","floor":22}],"player_experience":108670,"relics_obtained":[{"floor":6,"key":"Ginger"},{"floor":9,"key":"Pear"}],"event_choices":[{"event_name":"Liars Game","player_choice":"agreed","floor":2,"damage_taken":0},{"event_name":"World of Goop","player_choice":"Gather Gold","floor":4,"damage_taken":0},{"event_name":"Shining Light","player_choice":"Entered Light","floor":8,"damage_taken":0},{"event_name":"The Woman in Blue","player_choice":"Bought 2 Potions","floor":14,"damage_taken":0},{"event_name":"Addict","player_choice":"Obtained Relic","floor":19,"damage_taken":0},{"event_name":"The Lab","player_choice":"Got Potions","floor":20,"damage_taken":0}],"boss_relics":[{"not_picked":["Orrery","Velvet Choker"],"picked":"Empty Cage"}],"items_purged_floors":[12],"is_endless":false,"potions_floor_spawned":[3,5,6,11,21,22],"killed_by":"Book of Stabbing","ascension_level":0}