{"gold_per_floor":[117,292,302,302,323,196,196,44,44,59,78,96,96,120,120,244,244,260,280,280,280,79,119,135,135,160,160,160,160,10,23,23,23],"floor_reached":33,"playtime":3109,"items_purged":["Doubt","Strike_R","Defend_R","Parasite"],"score":259,"play_id":"564d92c2-5d26-478c-b3b8-69a0c187fcbf","local_time":"20180705100526","is_ascension_mode":false,"campfire_choices":[{"floor":7,"key":"REST"},{"data":"Iron Wave","floor":15,"key":"SMITH"},{"floor":25,"key":"REST"},{"data":"Heavy Blade","floor":27,"key":"SMITH"},{"data":"Pommel Strike","floor":32,"key":"SMITH"}],"neow_cost":"FIFTY_PERCENT_DAMAGE","seed_source_timestamp":754305151903371,"circlet_count":0,"master_deck":["Strike_R","Strike_R","Strike_R","Defend_R","Defend_R","Bash","Spot Weakness","Flex","Flex","Heavy Blade","Twin Strike","Flex","Shrug It Off","Shrug It Off","Intimidate","Iron Wave+1","Fiend Fire","Anger","Spot Weakness","Heavy Blade+1","Battle Trance","Cleave","Pommel Strike+1"],"relics":["Burning Blood","Bloody Idol","Letter Opener","Cursed Key","Anchor","Happy Flower"],"potions_floor_usage":[14,16,29,33],"damage_taken":[{"damage":5,"enemies":"Small Slimes","floor":1,"turns":4},{"damage":11,"enemies":"Jaw Worm","floor":3,"turns":5},{"damage":7,"enemies":"Cultist","floor":5,"turns":5},{"damage":6,"enemies":"2 Fungi Beasts","floor":10,"turns":3},{"damage":3,"enemies":"Red Slaver","floor":11,"turns":2},{"damage":6,"enemies":"Large Slime","floor":12,"turns":4},{"damage":0,"enemies":"Exordium Thugs","floor":14,"turns":4},{"damage":41,"enemies":"Hexaghost","floor":16,"turns":10},{"damage":3,"enemies":"Shell Parasite","floor":18,"turns":4},{"damage":21,"enemies":"Chosen","floor":19,"turns":5},{"damage":19,"enemies":"Gremlin Leader","floor":23,"turns":7},{"damage":17,"enemies":"Slaver and Parasite","floor":24,"turns":4},{"damage":1,"enemies":"Snecko","floor":29,"turns":3},{"damage":8,"enemies":"3 Cultists","floor":31,"turns":4},{"damage":71,"enemies":"Collector","floor":33,"turns":8}],"seed_played":"5894049014927224581","potions_obtained":[{"floor":1,"key":"Ancient Potion"},{"floor":5,"key":"Weak Potion"},{"floor":10,"key":"Block Potion"},{"floor":23,"key":"SmokeBomb"}],"is_trial":false,"path_per_floor":["M","?","M","?","M","$","R","$","T","M","M","M","?","M","R","B",null,"M","M","?","?","$","E","M","R","T","R","?","M","$","M","R"],"character_chosen":"IRONCLAD","items_purchased":["Heavy Blade","Twin Strike","Battle Trance"],"campfire_rested":2,"item_purchase_floors":[6,8,22],"current_hp_per_floor":[41,41,36,36,35,35,57,57,57,57,60,60,60,66,66,31,74,74,59,59,59,59,46,35,57,57,57,57,62,62,65,65,0],"gold":23,"neow_bonus":"REMOVE_TWO","is_prod":false,"is_daily":false,"chose_seed":false,"campfire_upgraded":3,"win_rate":0,"timestamp":1530803126,"path_taken":["M","?","M","?","M","$","R","$","T","M","M","M","?","?","R","BOSS","M","M","?","?","?","E","M","R","T","R","?","?","$","M","R","BOSS"],"build_version":"2018-06-28","purchased_purges":4,"victory":false,"max_hp_per_floor":[80,80,80,74,74,74,74,74,74,74,74,74,74,74,74,74,74,74,74,74,74,74,74,74,74,74,74,74,74,71,71,71,71],"card_choices":[{"not_picked":["Sentinel","Warcry"],"picked":"Spot Weakness","floor":1},{"not_picked":["Whirlwind","Dropkick"],"picked":"Flex","floor":3},{"not_picked":["Iron Wave","Body Slam"],"picked":"Flex","floor":5},{"not_picked":["Warcry","Second Wind"],"picked":"Flex","floor":10},{"not_picked":["Juggernaut","Headbutt"],"picked":"Shrug It Off","floor":11},{"not_picked":["Carnage","Clash"],"picked":"Shrug It Off","floor":12},{"not_picked":["Perfected Strike","Bloodletting"],"picked":"Iron Wave","floor":14},{"not_picked":["Limit Break","Impervious"],"picked":"Fiend Fire","floor":16},{"not_picked":["Perfected Strike+1","Reckless Charge"],"picked":"Anger","floor":18},{"not_picked":["Flex","Perfected Strike"],"picked":"Spot Weakness","floor":19},{"not_picked":["Clothesline","Feel No Pain","Dual Wield"],"picked":"SKIP","floor":23},{"not_picked":["Havoc","Body Slam"],"picked":"Cleave","floor":24},{"not_picked":["Rampage","Havoc"],"picked":"Pommel Strike","floor":31}],"player_experience":84319,"relics_obtained":[{"floor":9,"key":"Letter Opener"},{"floor":23,"key":"Anchor"},{"floor":26,"key":"Happy Flower"}],"event_choices":[{"event_name":"Liars Game","player_choice":"agreed","floor":2,"damage_taken":0},{"event_name":"Golden Idol","player_choice":"Lose Max HP","floor":4,"damage_taken":0},{"event_name":"Match and Keep!","player_choice":"1 cards matched","floor":13,"damage_taken":0},{"event_name":"Duplicator","player_choice":"One dupe","floor":20,"damage_taken":0},{"event_name":"Drug Dealer","player_choice":"Ignored","floor":21,"damage_taken":0},{"event_name":"Forgotten Altar","player_choice":"Gave Idol","floor":28,"damage_taken":0}],"boss_relics":[{"not_picked":["Coffee Dripper","Runic Cube"],"picked":"Cursed Key"}],"items_purged_floors":[6,8,22,30],"is_endless":false,"potions_floor_spawned":[1,5,10,23],"killed_by":"Collector","ascension_level":0}