{"gold_per_floor":[114,114,134,148,160,160,335,348,375,117,148,148,479,492,492,587,587,599,613,624,624,638,666,666,679,679,679,604,631,644,654,654,759,759,775,787,446,459,473,473,473,473,497,497,497,513,127,227,227,227],"floor_reached":51,"playtime":6561,"items_purged":["Doubt"],"score":946,"play_id":"9d8e5d68-2c06-4716-9e8a-40cfd99634a3","local_time":"20180910145002","is_ascension_mode":true,"campfire_choices":[{"floor":6.0,"key":"REST"},{"data":"Apotheosis","floor":12.0,"key":"SMITH"},{"floor":15.0,"key":"REST"},{"data":"Fiend Fire","floor":27,"key":"SMITH"},{"floor":32,"key":"REST"},{"data":"Dramatic Entrance","floor":40,"key":"SMITH"},{"data":"Spot Weakness","floor":42,"key":"SMITH"},{"data":"Pommel Strike","floor":44,"key":"SMITH"},{"data":"Pommel Strike","floor":49,"key":"SMITH"}],"neow_cost":"NONE","seed_source_timestamp":0,"circlet_count":0,"master_deck":["Strike_R+1","Strike_R+1","Strike_R+1","Strike_R+1","Strike_R+1","Defend_R+1","Defend_R+1","Defend_R+1","Defend_R+1","Bash","Iron Wave","Headbutt","Spot Weakness+1","Power Through+1","Apotheosis+1","Feed","Iron Wave","Twin Strike","Fiend Fire+1","Flex+1","Pommel Strike+1","Flame Barrier+1","Pommel Strike+1","Ghostly Armor+1","Body Slam+1","Body Slam+1","Headbutt+1","Flame Barrier+1","Twin Strike+1","Shrug It Off+1","Dramatic Entrance+1","Iron Wave+1","Shrug It Off+1","Cleave","Iron Wave+1"],"special_seed":0,"relics":["Burning Blood","Bag of Preparation","Anchor","Dream Catcher","Oddly Smooth Stone","Old Coin","Sozu","Red Skull","Meat on the Bone","Champion Belt","Mark of Pain","Bottled Flame","War Paint","Unceasing Top","Centennial Puzzle","Pear"],"potions_floor_usage":[],"damage_taken":[{"damage":8.0,"enemies":"2 Louse","floor":1.0,"turns":4.0},{"damage":10.0,"enemies":"Small Slimes","floor":3.0,"turns":3.0},{"damage":0.0,"enemies":"Jaw Worm","floor":4.0,"turns":4.0},{"damage":2.0,"enemies":"Large Slime","floor":5.0,"turns":6.0},{"damage":0.0,"enemies":"3 Louse","floor":8.0,"turns":4.0},{"damage":6.0,"enemies":"Lagavulin","floor":11.0,"turns":8.0},{"damage":38.0,"enemies":"Gremlin Nob","floor":13.0,"turns":4.0},{"damage":0.0,"enemies":"Exordium Thugs","floor":14.0,"turns":4.0},{"damage":43.0,"enemies":"Hexaghost","floor":16.0,"turns":9.0},{"damage":20.0,"enemies":"Spheric Guardian","floor":18.0,"turns":6.0},{"damage":3.0,"enemies":"2 Thieves","floor":19.0,"turns":4.0},{"damage":9.0,"enemies":"Cultist and Chosen","floor":20.0,"turns":6.0},{"damage":7.0,"enemies":"Centurion and Healer","floor":22.0,"turns":4.0},{"damage":12.0,"enemies":"Slavers","floor":23.0,"turns":5.0},{"damage":1,"enemies":"3 Cultists","floor":25,"turns":6},{"damage":4,"enemies":"Gremlin Leader","floor":29,"turns":5},{"damage":0,"enemies":"Snake Plant","floor":30,"turns":3},{"damage":14,"enemies":"Centurion and Healer","floor":31,"turns":4},{"damage":63,"enemies":"Champ","floor":33,"turns":13},{"damage":0,"enemies":"Orb Walker","floor":35,"turns":2},{"damage":0,"enemies":"3 Shapes","floor":36,"turns":3},{"damage":22,"enemies":"Sphere and 2 Shapes","floor":38,"turns":4},{"damage":0,"enemies":"4 Shapes","floor":39,"turns":5},{"damage":0,"enemies":"Mind Bloom Boss Battle","floor":45,"turns":3},{"damage":10,"enemies":"3 Darklings","floor":46,"turns":3},{"damage":53,"enemies":"Awakened One","floor":50,"turns":14}],"seed_played":"4333799578893437392","potions_obtained":[{"floor":1.0,"key":"GamblersBrew"},{"floor":5.0,"key":"Block Potion"},{"floor":8.0,"key":"Fire Potion"},{"floor":11.0,"key":"SpeedPotion"},{"floor":13.0,"key":"Block Potion"}],"is_trial":false,"path_per_floor":["M","?","M","M","M","R","?","M","T","$","E","R","E","M","R","B",null,"M","M","M","?","M","E","?","M","T","R","?","E","M","M","R","B",null,"M","M","$","M","M","R","?","R","T","R","?","M","$","?","R","B"],"character_chosen":"IRONCLAD","items_purchased":["Apotheosis","Dramatic Entrance","Bottled Flame","Centennial Puzzle","Pear"],"campfire_rested":3,"item_purchase_floors":[10,37,37,47,47],"current_hp_per_floor":[70,37,33,39,43,67,67,73,73,73,73,73,41,47,71,34,69,55,58,55,60,63,57,57,66,66,66,66,68,78,70,92,47,81,87,92,92,76,82,82,82,82,82,82,88,84,94,94,94,59],"gold":227,"neow_bonus":"RANDOM_COMMON_RELIC","is_prod":false,"is_daily":false,"chose_seed":false,"campfire_upgraded":6,"win_rate":0,"timestamp":1536609002,"path_taken":["M","?","M","M","M","R","?","?","T","$","E","R","E","M","R","BOSS","M","M","M","?","?","E","?","M","T","R","?","E","M","M","R","BOSS","M","M","$","M","?","R","?","R","T","R","?","?","$","?","R","BOSS"],"build_version":"2018-09-06","purchased_purges":1,"victory":true,"max_hp_per_floor":[80,80,80,80,80,80,80,80,80,80,80,80,80,80,80,80,80,80,80,80,80,84,84,84,88,88,88,88,88,92,92,92,92,92,92,92,92,92,92,92,92,92,92,92,92,92,102,102,102,102],"card_choices":[{"not_picked":["Blood for Blood","Metallicize"],"picked":"Sever Soul","floor":1.0},{"not_picked":["Dual Wield","Wild Strike"],"picked":"Iron Wave","floor":3.0},{"not_picked":["Perfected Strike","Shockwave"],"picked":"Headbutt","floor":4.0},{"not_picked":["Rage","Body Slam"],"picked":"Spot Weakness","floor":5.0},{"not_picked":["Reckless Charge","Heavy Blade"],"picked":"Power Through","floor":8.0},{"not_picked":["Clothesline","Carnage"],"picked":"Feed","floor":11.0},{"not_picked":["Body Slam","Whirlwind"],"picked":"Iron Wave","floor":13.0},{"not_picked":["Perfected Strike","Armaments"],"picked":"Twin Strike","floor":14.0},{"not_picked":["Rupture","Rage"],"picked":"Armaments","floor":15.0},{"not_picked":["Offering","Limit Break"],"picked":"Fiend Fire","floor":16.0},{"not_picked":["Warcry","Burning Pact+1"],"picked":"Flex+1","floor":18.0},{"not_picked":["Infernal Blade+1","Perfected Strike"],"picked":"Pommel Strike","floor":19.0},{"not_picked":["Thunderclap","Warcry+1"],"picked":"Flame Barrier+1","floor":20.0},{"not_picked":["Berserk","Iron Wave"],"picked":"Pommel Strike","floor":22.0},{"not_picked":["Dropkick","True Grit"],"picked":"Ghostly Armor","floor":23},{"not_picked":["Flex+1","Twin Strike"],"picked":"Body Slam+1","floor":25},{"not_picked":["Infernal Blade+1","Whirlwind"],"picked":"Body Slam+1","floor":29},{"not_picked":["Disarm","Warcry"],"picked":"Headbutt+1","floor":30},{"not_picked":["Power Through","Whirlwind"],"picked":"Flame Barrier+1","floor":31},{"not_picked":["Heavy Blade","Armaments"],"picked":"Twin Strike+1","floor":32},{"not_picked":["Sword Boomerang","Seeing Red+1"],"picked":"Shrug It Off+1","floor":35},{"not_picked":["Thunderclap","Havoc","Pummel+1"],"picked":"SKIP","floor":36},{"not_picked":["Reckless Charge","Sword Boomerang+1"],"picked":"Iron Wave+1","floor":38},{"not_picked":["Burning Pact+1","Dropkick"],"picked":"Shrug It Off+1","floor":39},{"not_picked":["Armaments","Burning Pact+1"],"picked":"Cleave","floor":45},{"not_picked":["Cleave","Demon Form"],"picked":"Iron Wave+1","floor":46}],"player_experience":581009,"relics_obtained":[{"floor":9.0,"key":"Dream Catcher"},{"floor":11.0,"key":"Oddly Smooth Stone"},{"floor":13.0,"key":"Old Coin"},{"floor":23,"key":"Red Skull"},{"floor":26,"key":"Meat on the Bone"},{"floor":29,"key":"Champion Belt"},{"floor":43,"key":"War Paint"},{"floor":45,"key":"Unceasing Top"}],"event_choices":[{"event_name":"Scrap Ooze","player_choice":"success","floor":2.0,"damage_taken":33.0},{"event_name":"Liars Game","player_choice":"agreed","floor":7.0,"damage_taken":0.0},{"event_name":"Bonfire Elementals","player_choice":"COMMON","floor":21.0,"damage_taken":0.0},{"event_name":"Back to Basics","player_choice":"Simplicity","floor":24,"damage_taken":0},{"event_name":"Beggar","player_choice":"Gave Gold","floor":28,"damage_taken":0},{"event_name":"The Woman in Blue","player_choice":"Bought 0 Potions","floor":41,"damage_taken":0},{"event_name":"MindBloom","player_choice":"Fight","floor":45,"damage_taken":0},{"event_name":"Golden Shrine","player_choice":"Pray","floor":48,"damage_taken":0}],"is_beta":false,"boss_relics":[{"not_picked":["Runic Cube","Calling Bell"],"picked":"Sozu"},{"not_picked":["Black Star","Astrolabe"],"picked":"Mark of Pain"}],"items_purged_floors":[10],"is_endless":false,"potions_floor_spawned":[1,5,8,11,13,14,18,22,25,29,30,33,38,39],"ascension_level":6}