{"gold_per_floor":[112,112,129,140,140,140,173,193,219,250,274,302,320,337,337,435,435,454,472,472,492,506,506,524,557,557,569,569,598,598,598,598,697,697,710,710,756,767,767,792,802,834,834,834,721,755,74,88,88,88,88,88,8,38,38],"floor_reached":56,"playtime":6896,"items_purged":["Strike_G","Strike_G"],"score":1483,"play_id":"f4b6451f-2649-42b0-8a5f-1111eb546585","local_time":"20190702101505","is_ascension_mode":true,"campfire_choices":[{"data":"Neutralize","floor":6.0,"key":"SMITH"},{"data":"Footwork","floor":15.0,"key":"SMITH"},{"data":"RitualDagger","floor":23.0,"key":"SMITH"},{"data":"Footwork","floor":30.0,"key":"SMITH"},{"data":"Crippling Poison","floor":32.0,"key":"SMITH"},{"data":"Adrenaline","floor":44.0,"key":"SMITH"},{"floor":49.0,"key":"RECALL"},{"data":"Noxious Fumes","floor":52,"key":"SMITH"}],"neow_cost":"NONE","seed_source_timestamp":0,"circlet_count":0,"master_deck":["Strike_G","Strike_G","Strike_G+1","Defend_G","Defend_G","Defend_G+1","Defend_G","Survivor","Neutralize+1","Infinite Blades","Deadly Poison","Adrenaline+1","Cloak And Dagger","Cloak And Dagger","PiercingWail","Footwork+1","Calculated Gamble","Glass Knife","Escape Plan","RitualDagger+1","Prepared+1","PiercingWail+1","Footwork+1","Crippling Poison+1","Caltrops+1","Envenom","Blade Dance+1","Finesse","PiercingWail","Noxious Fumes+1","Dash","Expertise+1","Well Laid Plans"],"special_seed":0,"relics":["Ring of the Serpent","PreservedInsect","Snake Skull","Bag of Preparation","Vajra","Happy Flower","Coffee Dripper","Juzu Bracelet","Letter Opener","Pen Nib","Bird Faced Urn","Boot","Ancient Tea Set","Nunchaku","FossilizedHelix","TwistedFunnel","The Specimen"],"potions_floor_usage":[55,55],"damage_taken":[{"damage":1.0,"enemies":"Jaw Worm","floor":1.0,"turns":3.0},{"damage":0.0,"enemies":"2 Louse","floor":3.0,"turns":3.0},{"damage":0.0,"enemies":"Cultist","floor":4.0,"turns":4.0},{"damage":14.0,"enemies":"3 Sentries","floor":7.0,"turns":8.0},{"damage":1.0,"enemies":"Large Slime","floor":8.0,"turns":5.0},{"damage":0.0,"enemies":"Lagavulin","floor":10.0,"turns":6.0},{"damage":5.0,"enemies":"3 Sentries","floor":12.0,"turns":7.0},{"damage":0.0,"enemies":"3 Louse","floor":13.0,"turns":2.0},{"damage":1.0,"enemies":"Looter","floor":14.0,"turns":3.0},{"damage":15.0,"enemies":"Hexaghost","floor":16.0,"turns":10.0},{"damage":1.0,"enemies":"2 Thieves","floor":18.0,"turns":4.0},{"damage":1.0,"enemies":"Shell Parasite","floor":19.0,"turns":3.0},{"damage":7.0,"enemies":"Sentry and Sphere","floor":21.0,"turns":6.0},{"damage":1.0,"enemies":"Snecko","floor":22.0,"turns":5.0},{"damage":0.0,"enemies":"Snake Plant","floor":24.0,"turns":8.0},{"damage":34.0,"enemies":"Gremlin Leader","floor":25.0,"turns":6.0},{"damage":1.0,"enemies":"Chosen and Byrds","floor":27.0,"turns":7.0},{"damage":0.0,"enemies":"Book of Stabbing","floor":29.0,"turns":7.0},{"damage":22.0,"enemies":"Automaton","floor":33.0,"turns":11.0},{"damage":12.0,"enemies":"3 Darklings","floor":35.0,"turns":4.0},{"damage":6.0,"enemies":"2 Orb Walkers","floor":37.0,"turns":4.0},{"damage":0.0,"enemies":"Orb Walker","floor":38.0,"turns":3.0},{"damage":2.0,"enemies":"Reptomancer","floor":40.0,"turns":6.0},{"damage":5.0,"enemies":"Sphere and 2 Shapes","floor":41.0,"turns":4.0},{"damage":3.0,"enemies":"Giant Head","floor":42.0,"turns":8.0},{"damage":0.0,"enemies":"Reptomancer","floor":46.0,"turns":3.0},{"damage":0.0,"enemies":"Maw","floor":48.0,"turns":5.0},{"damage":41.0,"enemies":"Awakened One","floor":50.0,"turns":13.0},{"damage":2,"enemies":"Shield and Spear","floor":54,"turns":4},{"damage":53,"enemies":"The Heart","floor":55,"turns":9}],"seed_played":"-1589831079630642233","potions_obtained":[{"floor":4.0,"key":"SteroidPotion"},{"floor":7.0,"key":"PowerPotion"},{"floor":8.0,"key":"EntropicBrew"},{"floor":12.0,"key":"Strength Potion"},{"floor":13.0,"key":"Fire Potion"},{"floor":18.0,"key":"PowerPotion"},{"floor":22.0,"key":"Weak Potion"},{"floor":33.0,"key":"Dexterity Potion"},{"floor":40.0,"key":"Weak Potion"},{"floor":41.0,"key":"Regen Potion"},{"floor":42.0,"key":"SteroidPotion"},{"floor":46.0,"key":"Ancient Potion"}],"is_trial":false,"path_per_floor":["M","?","M","M","?","R","E","M","T","E","T","E","M","M","R","B",null,"M","M","?","M","M","R","M","E","T","M","?","E","R","?","R","B",null,"M","?","?","M","?","E","M","E","T","R","$","E","$","M","R","B",null,"R","$","E","B",null],"character_chosen":"THE_SILENT","items_purchased":["Noxious Fumes","FossilizedHelix","TwistedFunnel","Dash","Well Laid Plans"],"campfire_rested":0,"item_purchase_floors":[45,47,47,47,53],"current_hp_per_floor":[76,76,76,76,61,61,47,46,46,46,46,41,41,40,40,25,77,76,75,69,62,61,61,61,42,42,41,77,77,77,63,63,41,82,70,70,64,72,72,80,79,79,79,79,79,82,82,82,82,51,82,82,82,80,52],"gold":38,"neow_bonus":"TEN_PERCENT_HP_BONUS","is_prod":false,"is_daily":false,"chose_seed":false,"campfire_upgraded":7,"win_rate":0,"timestamp":1562055305,"path_taken":["M","?","M","M","?","R","E","M","T","E","?","E","?","M","R","BOSS","M","M","?","M","M","R","M","E","T","M","?","E","R","?","R","BOSS","M","?","?","M","?","E","M","E","T","R","?","E","$","M","R","BOSS","R","$","E","BOSS"],"build_version":"2019-07-01","purchased_purges":2,"victory":true,"max_hp_per_floor":[77,77,77,77,77,77,77,77,77,77,77,77,77,77,77,77,77,77,77,77,77,77,77,77,77,77,77,77,77,77,82,82,82,82,82,82,82,82,82,82,82,82,82,82,82,82,82,82,82,82,82,82,82,82,82],"card_choices":[{"not_picked":["Bane","Underhanded Strike"],"picked":"Infinite Blades","floor":1.0},{"not_picked":["Expertise","Tactician","Flying Knee"],"picked":"SKIP","floor":3.0},{"not_picked":["Setup","Quick Slash"],"picked":"Deadly Poison","floor":4.0},{"not_picked":["Dash","Flying Knee"],"picked":"Adrenaline","floor":7.0},{"not_picked":["Bane","Bouncing Flask"],"picked":"Cloak And Dagger","floor":8.0},{"not_picked":["Bane","Dagger Throw"],"picked":"Cloak And Dagger","floor":10.0},{"not_picked":["Cloak And Dagger","Wraith Form v2"],"picked":"PiercingWail","floor":12.0},{"not_picked":["Sucker Punch","Choke"],"picked":"Footwork","floor":13.0},{"not_picked":["Distraction","Acrobatics"],"picked":"Calculated Gamble","floor":14.0},{"not_picked":["Bullet Time","Phantasmal Killer"],"picked":"Glass Knife","floor":16.0},{"not_picked":["Poisoned Stab+1","Cloak And Dagger","Predator"],"picked":"SKIP","floor":18.0},{"not_picked":["Underhanded Strike","Flying Knee"],"picked":"Escape Plan","floor":19.0},{"not_picked":["Deadly Poison+1","Dagger Throw+1"],"picked":"Prepared+1","floor":21.0},{"not_picked":["Endless Agony","Choke","Flying Knee"],"picked":"SKIP","floor":22.0},{"not_picked":["Bane","Backflip"],"picked":"PiercingWail+1","floor":24.0},{"not_picked":["Quick Slash","Phantasmal Killer"],"picked":"Footwork","floor":25.0},{"not_picked":["Prepared+1","Backflip"],"picked":"Crippling Poison","floor":27.0},{"not_picked":["Grand Finale","Flying Knee"],"picked":"Caltrops+1","floor":29.0},{"not_picked":["Glass Knife","Corpse Explosion"],"picked":"Envenom","floor":33.0},{"not_picked":["Deadly Poison+1","Bane+1"],"picked":"Blade Dance+1","floor":35.0},{"not_picked":["Flying Knee","Terror","Poisoned Stab+1"],"picked":"SKIP","floor":38.0},{"not_picked":["Deep Breath","Secret Weapon"],"picked":"Finesse","floor":39.0},{"not_picked":["Bouncing Flask","Leg Sweep"],"picked":"PiercingWail","floor":40.0},{"not_picked":["Deadly Poison+1","Finisher","Cloak And Dagger"],"picked":"SKIP","floor":41.0},{"not_picked":["Masterful Stab","Blade Dance+1","Dagger Throw+1"],"picked":"SKIP","floor":42.0},{"not_picked":["Flying Knee+1","Deflect","Doppelganger"],"picked":"SKIP","floor":46.0},{"not_picked":["Slice","Deflect"],"picked":"Expertise+1","floor":48.0},{"not_picked":["Distraction","Setup+1","Tactician"],"picked":"SKIP","floor":54}],"player_experience":385213,"relics_obtained":[{"floor":7.0,"key":"PreservedInsect"},{"floor":9.0,"key":"Snake Skull"},{"floor":10.0,"key":"Bag of Preparation"},{"floor":11.0,"key":"Vajra"},{"floor":12.0,"key":"Happy Flower"},{"floor":25.0,"key":"Juzu Bracelet"},{"floor":26.0,"key":"Letter Opener"},{"floor":29.0,"key":"Pen Nib"},{"floor":37.0,"key":"Bird Faced Urn"},{"floor":40.0,"key":"Boot"},{"floor":42.0,"key":"Ancient Tea Set"},{"floor":46.0,"key":"Nunchaku"},{"floor":54,"key":"The Specimen"}],"event_choices":[{"damage_healed":0.0,"max_hp_gain":0.0,"max_hp_loss":0.0,"gold_gain":0.0,"event_name":"Liars Game","player_choice":"Ignored","floor":2.0,"gold_loss":0.0,"damage_taken":0.0},{"damage_healed":0.0,"max_hp_gain":0.0,"max_hp_loss":0.0,"gold_gain":0.0,"event_name":"Shining Light","player_choice":"Entered Light","floor":5.0,"gold_loss":0.0,"damage_taken":15.0,"cards_upgraded":["Defend_G","Strike_G"]},{"damage_healed":0.0,"max_hp_gain":0.0,"max_hp_loss":0.0,"gold_gain":0.0,"event_name":"Nest","player_choice":"Joined the Cult","floor":20.0,"gold_loss":0.0,"damage_taken":6.0,"cards_obtained":["RitualDagger"]},{"damage_healed":36.0,"max_hp_gain":0.0,"max_hp_loss":0.0,"gold_gain":0.0,"event_name":"Wheel of Change","player_choice":"Full Heal","floor":28.0,"gold_loss":0.0,"damage_taken":0.0},{"damage_healed":0.0,"max_hp_gain":5.0,"max_hp_loss":0.0,"gold_gain":0.0,"event_name":"Forgotten Altar","player_choice":"Shed Blood","floor":31.0,"gold_loss":0.0,"damage_taken":19.0},{"cards_removed":["Defend_G"],"damage_healed":0.0,"max_hp_gain":0.0,"max_hp_loss":0.0,"gold_gain":0.0,"event_name":"Falling","player_choice":"Removed Skill","floor":36.0,"gold_loss":0.0,"damage_taken":0.0},{"damage_healed":0.0,"max_hp_gain":0.0,"max_hp_loss":0.0,"gold_gain":0.0,"event_name":"Mysterious Sphere","player_choice":"Fight","floor":37.0,"gold_loss":0.0,"damage_taken":0.0},{"damage_healed":0.0,"max_hp_gain":0.0,"max_hp_loss":0.0,"gold_gain":0.0,"event_name":"SensoryStone","player_choice":"Memory 1","floor":39.0,"gold_loss":0.0,"damage_taken":0.0}],"is_beta":false,"boss_relics":[{"not_picked":["Astrolabe","Velvet Choker"],"picked":"Coffee Dripper"},{"not_picked":["Empty Cage","Tiny House"],"picked":"Ring of the Serpent"}],"items_purged_floors":[45,47],"is_endless":false,"potions_floor_spawned":[4,7,8,12,13,14,18,22,33,40,41,42,46,48],"ascension_level":3}