{"gold_per_floor":[10,10,27,46,46,46,56,74,74,349,349,361,90,100,100,196,196,213,229,244,256,256,256,282,282,282,300,23,23,23,58,58,153,203,221,221,221,72,126,126,226,243,243,243,39,55,66,100,100,100],"floor_reached":51,"playtime":3940,"items_purged":["Regret"],"score":757,"play_id":"c4ba3a76-d2c9-4d5f-8c10-697f3ad29290","local_time":"20181116150655","is_ascension_mode":false,"campfire_choices":[{"data":"Thunderclap","floor":6.0,"key":"SMITH"},{"data":"Body Slam","floor":11.0,"key":"SMITH"},{"data":"Bash","floor":15.0,"key":"SMITH"},{"floor":23.0,"key":"REST"},{"data":"Rage","floor":25.0,"key":"SMITH"},{"data":"Shrug It Off","floor":30.0,"key":"SMITH"},{"data":"Iron Wave","floor":32.0,"key":"SMITH"},{"data":"Twin Strike","floor":40.0,"key":"SMITH"},{"data":"Headbutt","floor":44.0,"key":"SMITH"},{"floor":49.0,"key":"REST"}],"neow_cost":"NO_GOLD","seed_source_timestamp":0,"circlet_count":0,"master_deck":["Strike_R","Strike_R","Strike_R+1","Strike_R+1","Defend_R","Defend_R","Defend_R","Bash+1","Thunderclap+1","Body Slam+1","Rampage+1","Headbutt","Dropkick","Feed","Headbutt","Feed","Rage+1","Twin Strike","Shrug It Off+1","Power Through+1","Headbutt+1","Iron Wave+1","Inflame+1","Armaments+1","Twin Strike+1","Double Tap+1","Flex+1","Dual Wield+1","Pommel Strike+1","Flame Barrier+1","Shockwave+1","Headbutt","Impervious+1"],"special_seed":0,"relics":["Burning Blood","Paper Frog","Bag of Marbles","Toxic Egg 2","Whetstone","Blue Candle","Lantern","Vajra","Tiny House","Bronze Scales","Turnip","Charon\u0027s Ashes","Sundial","Lee\u0027s Waffle","Regal Pillow"],"potions_floor_usage":[50],"damage_taken":[{"damage":5.0,"enemies":"Cultist","floor":1.0,"turns":4.0},{"damage":0.0,"enemies":"Small Slimes","floor":3.0,"turns":3.0},{"damage":1.0,"enemies":"Jaw Worm","floor":4.0,"turns":4.0},{"damage":12.0,"enemies":"Large Slime","floor":7.0,"turns":5.0},{"damage":0.0,"enemies":"2 Fungi Beasts","floor":8.0,"turns":3.0},{"damage":0.0,"enemies":"Blue Slaver","floor":12.0,"turns":2.0},{"damage":6.0,"enemies":"Large Slime","floor":14.0,"turns":4.0},{"damage":44.0,"enemies":"Hexaghost","floor":16.0,"turns":7.0},{"damage":17.0,"enemies":"Shell Parasite","floor":18.0,"turns":4.0},{"damage":15.0,"enemies":"2 Thieves","floor":19.0,"turns":4.0},{"damage":39.0,"enemies":"Shelled Parasite and Fungi","floor":20.0,"turns":5.0},{"damage":7.0,"enemies":"Snecko","floor":21.0,"turns":3.0},{"damage":4.0,"enemies":"Slavers","floor":24.0,"turns":6.0},{"damage":16.0,"enemies":"Cultist and Chosen","floor":27.0,"turns":6.0},{"damage":5.0,"enemies":"Book of Stabbing","floor":31.0,"turns":4.0},{"damage":66.0,"enemies":"Collector","floor":33.0,"turns":9.0},{"damage":18.0,"enemies":"Orb Walker","floor":35.0,"turns":3.0},{"damage":28.0,"enemies":"2 Orb Walkers","floor":39.0,"turns":4.0},{"damage":42.0,"enemies":"Mind Bloom Boss Battle","floor":41.0,"turns":5.0},{"damage":3.0,"enemies":"3 Darklings","floor":42.0,"turns":4.0},{"damage":30.0,"enemies":"4 Shapes","floor":46.0,"turns":6.0},{"damage":21.0,"enemies":"Transient","floor":47.0,"turns":5.0},{"damage":16.0,"enemies":"Reptomancer","floor":48.0,"turns":6.0},{"damage":109,"enemies":"Awakened One","floor":50,"turns":17}],"seed_played":"-8051846678705843617","potions_obtained":[{"floor":3.0,"key":"PowerPotion"},{"floor":7.0,"key":"SkillPotion"},{"floor":14.0,"key":"Weak Potion"},{"floor":16.0,"key":"Poison Potion"},{"floor":18.0,"key":"SpeedPotion"},{"floor":20.0,"key":"Energy Potion"},{"floor":27.0,"key":"Strength Potion"},{"floor":31.0,"key":"BloodPotion"},{"floor":34.0,"key":"Dexterity Potion"},{"floor":35.0,"key":"SpeedPotion"},{"floor":39.0,"key":"EssenceOfSteel"},{"floor":41.0,"key":"Poison Potion"}],"is_trial":false,"path_per_floor":["M","?","M","M","?","R","M","M","T","?","R","M","$","M","R","B",null,"M","M","M","M","?","R","E","R","T","M","$","?","R","E","R","B",null,"M","?","?","$","?","R","?","M","T","R","$","M","M","E","R","B",null],"character_chosen":"IRONCLAD","items_purchased":["Bag of Marbles","Headbutt","Inflame","Armaments+1","Lantern","Bronze Scales","Lee\u0027s Waffle"],"campfire_rested":2,"item_purchase_floors":[13,13,28,28,28,38,45],"current_hp_per_floor":[80,85,85,85,85,85,79,85,85,85,85,85,85,88,88,50,88,80,74,41,43,43,72,80,80,80,73,73,73,73,74,74,17,114,102,102,102,102,83,83,47,50,50,50,124,103,88,78,127,24],"gold":100,"neow_bonus":"REMOVE_TWO","is_prod":false,"is_daily":false,"chose_seed":false,"campfire_upgraded":8,"win_rate":0,"timestamp":1542402415,"path_taken":["M","?","M","M","?","R","M","?","T","?","R","M","$","?","R","BOSS","M","?","M","M","?","R","E","R","T","M","$","?","R","E","R","BOSS","M","?","?","$","?","R","?","?","T","R","?","M","M","E","R","BOSS"],"build_version":"2018-11-15","purchased_purges":1,"victory":true,"max_hp_per_floor":[80,85,85,85,85,85,85,85,85,85,85,85,85,88,88,88,88,91,94,94,97,97,97,103,103,103,106,106,106,106,106,106,109,114,114,114,114,114,117,117,117,117,117,117,124,127,127,127,127,127],"card_choices":[{"not_picked":["True Grit","Body Slam"],"picked":"Thunderclap","floor":1.0},{"not_picked":["Dual Wield","Perfected Strike"],"picked":"Body Slam","floor":3.0},{"not_picked":["Thunderclap","Blood for Blood"],"picked":"Rampage","floor":4.0},{"not_picked":["Burning Pact","Warcry"],"picked":"Headbutt","floor":7.0},{"not_picked":["Feel No Pain","Anger"],"picked":"Dropkick","floor":8.0},{"not_picked":["Corruption","Armaments"],"picked":"Feed","floor":12.0},{"not_picked":["Combust","Clash","Heavy Blade"],"picked":"SKIP","floor":14.0},{"not_picked":["Juggernaut","Offering"],"picked":"Feed","floor":16.0},{"not_picked":["Heavy Blade","Thunderclap"],"picked":"Rage","floor":18.0},{"not_picked":["Wild Strike","Seeing Red"],"picked":"Twin Strike","floor":19.0},{"not_picked":["Headbutt+1","Heavy Blade"],"picked":"Shrug It Off","floor":20.0},{"not_picked":["Sentinel","Clash"],"picked":"Power Through+1","floor":21.0},{"not_picked":["Pommel Strike+1","Berserk"],"picked":"Headbutt","floor":24.0},{"not_picked":["Power Through+1","Headbutt"],"picked":"Iron Wave","floor":27.0},{"not_picked":["Havoc+1","Reckless Charge"],"picked":"Twin Strike","floor":31.0},{"not_picked":["Offering+1","Brutality"],"picked":"Double Tap+1","floor":33.0},{"not_picked":["Body Slam","Pommel Strike+1"],"picked":"Flex+1","floor":34.0},{"not_picked":["Cleave","Havoc+1"],"picked":"Inflame","floor":35.0},{"not_picked":["Wild Strike","True Grit+1"],"picked":"Dual Wield+1","floor":39.0},{"not_picked":["Disarm+1","Heavy Blade"],"picked":"Pommel Strike+1","floor":41.0},{"not_picked":["Headbutt+1","True Grit+1"],"picked":"Flame Barrier+1","floor":42.0},{"not_picked":["Heavy Blade+1","Rampage"],"picked":"Shockwave+1","floor":46.0},{"not_picked":["Bloodletting+1","Feel No Pain"],"picked":"Headbutt","floor":47.0},{"not_picked":["Pommel Strike+1","Corruption+1"],"picked":"Impervious+1","floor":48.0}],"player_experience":1018884,"relics_obtained":[{"floor":9.0,"key":"Paper Frog"},{"floor":24.0,"key":"Whetstone"},{"floor":26.0,"key":"Blue Candle"},{"floor":31.0,"key":"Vajra"},{"floor":39.0,"key":"Turnip"},{"floor":41.0,"key":"Charon\u0027s Ashes"},{"floor":43.0,"key":"Sundial"},{"floor":48.0,"key":"Regal Pillow"}],"event_choices":[{"damage_healed":0.0,"max_hp_gain":5.0,"max_hp_loss":0.0,"gold_gain":0.0,"event_name":"Big Fish","player_choice":"Donut","floor":2.0,"gold_loss":0.0,"damage_taken":0.0},{"damage_healed":0.0,"max_hp_gain":0.0,"max_hp_loss":0.0,"gold_gain":0.0,"event_name":"Accursed Blacksmith","player_choice":"Forge","floor":5.0,"gold_loss":0.0,"damage_taken":0.0,"cards_upgraded":["Rampage"]},{"damage_healed":0.0,"max_hp_gain":0.0,"max_hp_loss":0.0,"gold_gain":275.0,"event_name":"Golden Shrine","player_choice":"Desecrate","floor":10.0,"gold_loss":0.0,"damage_taken":0.0,"cards_obtained":["Regret"]},{"damage_healed":0.0,"max_hp_gain":0.0,"max_hp_loss":0.0,"gold_gain":0.0,"event_name":"The Mausoleum","player_choice":"Opened","floor":22.0,"gold_loss":0.0,"damage_taken":0.0,"relics_obtained":["Toxic Egg 2"]},{"damage_healed":0.0,"max_hp_gain":0.0,"max_hp_loss":0.0,"gold_gain":0.0,"event_name":"Beggar","player_choice":"Ignored","floor":29.0,"gold_loss":0.0,"damage_taken":0.0},{"damage_healed":0.0,"max_hp_gain":0.0,"max_hp_loss":0.0,"gold_gain":0.0,"event_name":"Tomb of Lord Red Mask","player_choice":"Ignored","floor":36.0,"gold_loss":0.0,"damage_taken":0.0},{"cards_removed":["Inflame"],"damage_healed":0.0,"max_hp_gain":0.0,"max_hp_loss":0.0,"gold_gain":0.0,"event_name":"Falling","player_choice":"Removed Power","floor":37.0,"gold_loss":0.0,"damage_taken":0.0},{"damage_healed":0.0,"max_hp_gain":0.0,"max_hp_loss":0.0,"gold_gain":0.0,"event_name":"Mysterious Sphere","player_choice":"Fight","floor":39.0,"gold_loss":0.0,"damage_taken":0.0},{"damage_healed":0.0,"max_hp_gain":0.0,"max_hp_loss":0.0,"gold_gain":0.0,"event_name":"MindBloom","player_choice":"Fight","floor":41.0,"gold_loss":0.0,"damage_taken":0.0}],"is_beta":false,"boss_relics":[{"not_picked":["Runic Pyramid","Coffee Dripper","Fusion Hammer"]},{"not_picked":["Lizard Tail","Snecko Eye"],"picked":"Tiny House"}],"items_purged_floors":[13],"is_endless":false,"potions_floor_spawned":[3,7,14,16,18,20,27,31,35,39,41],"ascension_level":0}