{"gold_per_floor":[111,111,130,130,205,220,235,235,235,6,6,20,20,44,44,168,168,184,184,202,27,27,27,52,52,52,72,96,26,92,92,92,221,221,236,236,14,14,28,28,67,67,67,90,113,126,126,149,149,149],"floor_reached":50,"playtime":1281,"items_purged":["Strike_B","Loop","Recycle"],"score":532,"play_id":"42796a38-35f2-4a4f-a07b-06712c6fe85e","local_time":"20190703052416","is_ascension_mode":false,"campfire_choices":[{"data":"Zap","floor":8.0,"key":"SMITH"},{"data":"Dualcast","floor":11.0,"key":"SMITH"},{"data":"Hologram","floor":13.0,"key":"SMITH"},{"data":"Biased Cognition","floor":15.0,"key":"SMITH"},{"data":"Fission","floor":23.0,"key":"SMITH"},{"data":"Defragment","floor":25.0,"key":"SMITH"},{"data":"Rainbow","floor":32.0,"key":"SMITH"},{"data":"Chaos","floor":40.0,"key":"SMITH"},{"data":"Bandage Up","floor":42.0,"key":"SMITH"},{"data":"Rainbow","floor":47,"key":"SMITH"},{"data":"Tempest","floor":49,"key":"SMITH"}],"neow_cost":"NONE","seed_source_timestamp":28335276527827,"circlet_count":0,"master_deck":["Zap+1","Dualcast+1","Ball Lightning","Hologram+1","Ball Lightning","Cold Snap","Biased Cognition+1","Rainbow+1","Fusion","Go for the Eyes","Core Surge","Fission+1","Defragment+1","Darkness+1","Ball Lightning","Steam","Leap","Chaos+1","Darkness+1","Tempest+1","Multi-Cast","Defragment+1","Bandage Up+1","Bandage Up","Ball Lightning","Darkness+1","Rainbow+1"],"special_seed":0,"relics":["Coffee Dripper","Golden Idol","Bronze Scales","Bag of Preparation","Pandora\u0027s Box","Ornamental Fan","Dodecahedron","Tiny Chest","MutagenicStrength","Nuclear Battery","Question Card","Juzu Bracelet","Dream Catcher"],"potions_floor_usage":[50,50],"damage_taken":[{"damage":0.0,"enemies":"2 Louse","floor":1.0,"turns":3.0},{"damage":0.0,"enemies":"Cultist","floor":3.0,"turns":3.0},{"damage":6.0,"enemies":"Jaw Worm","floor":6.0,"turns":2.0},{"damage":0.0,"enemies":"3 Louse","floor":7.0,"turns":2.0},{"damage":1.0,"enemies":"Exordium Wildlife","floor":12.0,"turns":5.0},{"damage":0.0,"enemies":"Blue Slaver","floor":14.0,"turns":3.0},{"damage":15.0,"enemies":"The Guardian","floor":16.0,"turns":8.0},{"damage":0.0,"enemies":"3 Byrds","floor":18.0,"turns":2.0},{"damage":0.0,"enemies":"Spheric Guardian","floor":20.0,"turns":2.0},{"damage":0.0,"enemies":"Cultist and Chosen","floor":24.0,"turns":2.0},{"damage":0.0,"enemies":"Centurion and Healer","floor":27.0,"turns":3.0},{"damage":15.0,"enemies":"Snake Plant","floor":28.0,"turns":2.0},{"damage":20.0,"enemies":"Slavers","floor":30.0,"turns":3.0},{"damage":18.0,"enemies":"Collector","floor":33.0,"turns":6.0},{"damage":0.0,"enemies":"Orb Walker","floor":35.0,"turns":1.0},{"damage":1.0,"enemies":"3 Darklings","floor":39.0,"turns":3.0},{"damage":17.0,"enemies":"Reptomancer","floor":41.0,"turns":4.0},{"damage":39.0,"enemies":"Writhing Mass","floor":44.0,"turns":3.0},{"damage":7,"enemies":"4 Shapes","floor":45,"turns":3},{"damage":0,"enemies":"Spire Growth","floor":46,"turns":2},{"damage":58,"enemies":"Donu and Deca","floor":50,"turns":4}],"seed_played":"-4211979508116345428","potions_obtained":[{"floor":2.0,"key":"FairyPotion"},{"floor":2.0,"key":"Weak Potion"},{"floor":2.0,"key":"FearPotion"},{"floor":3.0,"key":"LiquidBronze"},{"floor":16.0,"key":"SteroidPotion"},{"floor":41.0,"key":"LiquidBronze"}],"is_trial":false,"path_per_floor":["M","?","M","?","?","M","M","R","T","$","R","M","R","M","R","B",null,"M","?","M","$","?","R","M","R","T","M","M","$","E","?","R","B",null,"M","?","$","$","M","R","E","R","T","M","M","M","R","T","R","B"],"character_chosen":"DEFECT","items_purchased":["Bag of Preparation","Steam","Leap","Tempest","Bandage Up"],"campfire_rested":0,"item_purchase_floors":[10,21,21,29,37],"current_hp_per_floor":[75,75,75,69,58,52,52,52,52,52,52,51,51,51,51,36,69,69,69,69,69,69,69,69,69,69,69,54,54,34,34,34,16,69,69,69,69,69,69,69,56,56,56,23,26,30,30,30,30,0],"gold":149,"neow_bonus":"BOSS_RELIC","is_prod":false,"is_daily":false,"chose_seed":false,"campfire_upgraded":11,"win_rate":0,"timestamp":1562153056,"path_taken":["M","?","?","?","?","M","M","R","T","?","R","?","R","M","R","BOSS","M","?","?","$","?","R","?","R","T","?","M","$","E","?","R","BOSS","M","?","?","$","M","R","E","R","T","M","M","M","R","?","R","BOSS"],"build_version":"2019-07-01","purchased_purges":3,"victory":false,"max_hp_per_floor":[75,75,75,69,69,69,69,69,69,69,69,69,69,69,69,69,69,69,69,69,69,69,69,69,69,69,69,69,69,69,69,69,69,69,69,69,69,69,69,69,69,69,69,69,69,69,69,69,69,69],"card_choices":[{"not_picked":["Lockon","Rebound"],"picked":"Ball Lightning","floor":1.0},{"not_picked":["Streamline","Stack"],"picked":"Hologram","floor":3.0},{"not_picked":["Hologram","Meteor Strike"],"picked":"Ball Lightning","floor":6.0},{"not_picked":["Lockon","Force Field"],"picked":"Cold Snap","floor":7.0},{"not_picked":["Turbo","Hologram","Stack"],"picked":"SKIP","floor":12.0},{"not_picked":["Force Field","Streamline"],"picked":"Biased Cognition","floor":14.0},{"not_picked":["Seek","Hyperbeam"],"picked":"Rainbow","floor":16.0},{"not_picked":["Scrape+1","Conserve Battery"],"picked":"Darkness+1","floor":18.0},{"not_picked":["Leap","Steam"],"picked":"Ball Lightning","floor":20.0},{"not_picked":["Sunder","Storm"],"picked":"Chaos","floor":24.0},{"not_picked":["Genetic Algorithm+1","Hologram"],"picked":"Darkness+1","floor":27.0},{"not_picked":["Chill+1","Melter+1","Leap"],"picked":"SKIP","floor":28.0},{"not_picked":["Barrage","Sweeping Beam","Beam Cell"],"picked":"SKIP","floor":30.0},{"not_picked":["Hyperbeam","Creative AI"],"picked":"Multi-Cast","floor":33.0},{"not_picked":["Undo+1","Barrage"],"picked":"Defragment+1","floor":35.0},{"not_picked":["BootSequence+1","Hologram"],"picked":"Ball Lightning","floor":39.0},{"not_picked":["Go for the Eyes","Hologram","Rip and Tear"],"picked":"SKIP","floor":41.0},{"not_picked":["Gash+1","Defragment+1","Loop+1"],"picked":"Darkness+1","floor":44.0},{"not_picked":["Redo","Cold Snap+1","Blizzard"],"picked":"Rainbow","floor":45},{"not_picked":["Loop","Stack+1","Go for the Eyes","Aggregate"],"picked":"SKIP","floor":46}],"player_experience":1535783,"relics_obtained":[{"floor":9.0,"key":"Bronze Scales"},{"floor":26.0,"key":"Dodecahedron"},{"floor":30.0,"key":"Tiny Chest"},{"floor":41.0,"key":"Question Card"},{"floor":43.0,"key":"Juzu Bracelet"},{"floor":48,"key":"Dream Catcher"}],"event_choices":[{"damage_healed":0.0,"max_hp_gain":0.0,"max_hp_loss":0.0,"gold_gain":0.0,"event_name":"Lab","player_choice":"Got Potions","floor":2.0,"gold_loss":0.0,"damage_taken":0.0},{"damage_healed":0.0,"max_hp_gain":0.0,"max_hp_loss":6.0,"gold_gain":0.0,"event_name":"Golden Idol","player_choice":"Lose Max HP","floor":4.0,"gold_loss":0.0,"damage_taken":0.0,"relics_obtained":["Golden Idol"]},{"damage_healed":0.0,"max_hp_gain":0.0,"max_hp_loss":0.0,"gold_gain":75.0,"event_name":"World of Goop","player_choice":"Gather Gold","floor":5.0,"gold_loss":0.0,"damage_taken":11.0},{"damage_healed":0.0,"max_hp_gain":0.0,"max_hp_loss":0.0,"gold_gain":0.0,"event_name":"Wheel of Change","player_choice":"Full Heal","floor":19.0,"gold_loss":0.0,"damage_taken":0.0},{"damage_healed":0.0,"max_hp_gain":0.0,"max_hp_loss":0.0,"gold_gain":0.0,"event_name":"WeMeetAgain","player_choice":"Gave Potion","floor":22.0,"gold_loss":0.0,"damage_taken":0.0,"relics_obtained":["Ornamental Fan"]},{"damage_healed":0.0,"max_hp_gain":0.0,"max_hp_loss":0.0,"gold_gain":0.0,"event_name":"Drug Dealer","player_choice":"Inject Mutagens","floor":31.0,"gold_loss":0.0,"damage_taken":0.0,"relics_obtained":["MutagenicStrength"]},{"damage_healed":0.0,"max_hp_gain":0.0,"max_hp_loss":0.0,"gold_gain":0.0,"event_name":"Match and Keep!","player_choice":"1 cards matched","floor":36.0,"gold_loss":0.0,"damage_taken":0.0,"cards_obtained":["Bandage Up"]}],"is_beta":false,"boss_relics":[{"not_picked":["Tiny House","Fusion Hammer"],"picked":"Pandora\u0027s Box"},{"not_picked":["Inserter","Runic Dome"],"picked":"Nuclear Battery"}],"items_purged_floors":[10,21,37],"is_endless":false,"potions_floor_spawned":[3,12,14,16,18,20,41,46],"killed_by":"Donu and Deca","ascension_level":0}