{"gold_per_floor":[115,40,54,54,54,54,75,75,75,75,75,75,95,145,145,265,265,288,312,138,159,172,215,215,215,238,276,296,312,312,135,135,255,255,276,129,147,147,147,147,190,190,213,0,13,49,49,72,72,72],"floor_reached":51,"playtime":2482,"items_purged":["Injury","Strike_R","Defend_R"],"score":783,"play_id":"e4610e95-3cd2-4d02-9c9a-9bc61bce011b","local_time":"20180713130250","is_ascension_mode":false,"campfire_choices":[{"data":"1","floor":6,"key":"LIFT"},{"data":"2","floor":8,"key":"LIFT"},{"data":"3","floor":11,"key":"LIFT"},{"floor":15,"key":"REST"},{"data":"Rampage","floor":24,"key":"SMITH"},{"floor":32,"key":"REST"},{"data":"Whirlwind","floor":40,"key":"SMITH"},{"data":"Flex","floor":42,"key":"SMITH"},{"data":"Iron Wave","floor":47,"key":"SMITH"},{"data":"Cleave","floor":49,"key":"SMITH"}],"neow_cost":"CURSE","seed_source_timestamp":1456717869254332,"circlet_count":0,"master_deck":["Strike_R","Strike_R","Defend_R","Defend_R+1","Bash","Flex+1","Heavy Blade+1","Cleave+1","Iron Wave+1","Rampage+1","Cleave","Pommel Strike+1","Rampage+1","Panacea+1","Madness+1","Flex+1","Feed","Shrug It Off+1","Whirlwind+1","Shrug It Off+1"],"relics":["Burning Blood","Girya","Singing Bowl","Golden Idol","Mummified Hand","Blood Vial","Busted Crown","Regal Pillow","Toxic Egg 2","Vajra","Bag of Marbles","Velvet Choker","Oddly Smooth Stone","Question Card","Omamori","Red Mask","Red Skull"],"potions_floor_usage":[16,16,23,29,33,41],"damage_taken":[{"damage":1,"enemies":"Cultist","floor":1,"turns":4},{"damage":7,"enemies":"Small Slimes","floor":3,"turns":3},{"damage":1,"enemies":"2 Louse","floor":7,"turns":3},{"damage":3,"enemies":"Exordium Thugs","floor":13,"turns":4},{"damage":33,"enemies":"The Guardian","floor":16,"turns":10},{"damage":2,"enemies":"Shell Parasite","floor":18,"turns":2},{"damage":12,"enemies":"3 Byrds","floor":19,"turns":6},{"damage":4,"enemies":"3 Cultists","floor":21,"turns":5},{"damage":16,"enemies":"Snake Plant","floor":22,"turns":2},{"damage":23,"enemies":"Book of Stabbing","floor":23,"turns":4},{"damage":26,"enemies":"Gremlin Leader","floor":27,"turns":5},{"damage":0,"enemies":"Snecko","floor":28,"turns":2},{"damage":16,"enemies":"Slaver and Parasite","floor":29,"turns":3},{"damage":67,"enemies":"Collector","floor":33,"turns":7},{"damage":7,"enemies":"Orb Walker","floor":35,"turns":2},{"damage":0,"enemies":"Flame Bruiser 1 Orb","floor":37,"turns":2},{"damage":14,"enemies":"Giant Head","floor":41,"turns":5},{"damage":4,"enemies":"Spire Growth","floor":45,"turns":3},{"damage":2,"enemies":"2 Orb Walkers","floor":46,"turns":2},{"damage":0,"enemies":"Sphere and 2 Shapes","floor":48,"turns":3},{"damage":92,"enemies":"Awakened One","floor":50,"turns":9}],"seed_played":"1417821822565873764","potions_obtained":[{"floor":3,"key":"SkillPotion"},{"floor":13,"key":"Fruit Juice"},{"floor":18,"key":"FairyPotion"},{"floor":21,"key":"Energy Potion"},{"floor":27,"key":"Weak Potion"},{"floor":28,"key":"FearPotion"},{"floor":37,"key":"Block Potion"},{"floor":45,"key":"GamblersBrew"},{"floor":48,"key":"SpeedPotion"}],"is_trial":false,"path_per_floor":["M","$","M","T","?","R","M","R","T","?","R","?","M","T","R","B",null,"M","M","$","M","M","E","R","?","T","E","M","M","?","$","R","B",null,"M","$","M","?","?","R","E","R","T","?","M","E","R","M","R","B"],"character_chosen":"IRONCLAD","items_purchased":["Rampage","Flex+1","Oddly Smooth Stone"],"campfire_rested":2,"item_purchase_floors":[20,31,36],"current_hp_per_floor":[80,80,79,79,59,59,64,64,64,57,57,41,44,44,68,50,87,89,83,83,87,81,66,66,66,66,48,58,52,25,25,68,9,95,94,94,97,97,97,97,91,91,91,91,97,106,106,106,106,23],"gold":72,"neow_bonus":"ONE_RARE_RELIC","is_prod":false,"is_daily":false,"chose_seed":false,"campfire_upgraded":5,"win_rate":0,"timestamp":1531504970,"path_taken":["M","$","M","?","?","R","?","R","T","?","R","?","M","?","R","BOSS","M","M","$","M","M","E","R","?","T","E","M","M","?","$","R","BOSS","M","$","?","?","?","R","E","R","T","?","M","E","R","?","R","BOSS"],"build_version":"2018-07-12","purchased_purges":3,"victory":true,"max_hp_per_floor":[80,80,80,80,80,80,80,80,80,80,80,80,80,80,80,87,87,89,89,89,89,91,91,91,91,91,91,93,95,95,95,95,95,95,95,95,97,97,97,97,99,99,99,99,101,106,106,106,106,109],"card_choices":[{"not_picked":["Anger","Sword Boomerang"],"picked":"Flex","floor":1},{"not_picked":["Blood for Blood","Dropkick","Dual Wield"],"picked":"SKIP","floor":3},{"not_picked":["Armaments","Shockwave"],"picked":"Heavy Blade","floor":7},{"not_picked":["Burning Pact","Body Slam"],"picked":"Cleave","floor":13},{"not_picked":["Juggernaut","Demon Form","Offering"],"picked":"Singing Bowl","floor":16},{"not_picked":["Shockwave"],"picked":"Singing Bowl","floor":18},{"not_picked":[],"picked":"Iron Wave","floor":19},{"not_picked":[],"picked":"Cleave","floor":21},{"not_picked":["Fire Breathing+1"],"picked":"Singing Bowl","floor":22},{"not_picked":[],"picked":"Pommel Strike+1","floor":23},{"not_picked":[],"picked":"Rampage+1","floor":27},{"not_picked":["Dual Wield+1"],"picked":"Singing Bowl","floor":28},{"not_picked":["Iron Wave+1"],"picked":"Singing Bowl","floor":29},{"not_picked":[],"picked":"Feed","floor":33},{"not_picked":[],"picked":"Shrug It Off+1","floor":35},{"not_picked":["Uppercut"],"picked":"Singing Bowl","floor":37},{"not_picked":["Body Slam+1"],"picked":"Singing Bowl","floor":41},{"not_picked":["Clash","Wild Strike+1"],"picked":"Singing Bowl","floor":45},{"not_picked":["Power Through+1","Anger+1"],"picked":"Singing Bowl","floor":46},{"not_picked":["Blood for Blood"],"picked":"Shrug It Off+1","floor":48}],"player_experience":174015,"relics_obtained":[{"floor":4,"key":"Singing Bowl"},{"floor":9,"key":"Mummified Hand"},{"floor":14,"key":"Blood Vial"},{"floor":23,"key":"Regal Pillow"},{"floor":26,"key":"Vajra"},{"floor":27,"key":"Bag of Marbles"},{"floor":41,"key":"Question Card"},{"floor":43,"key":"Omamori"},{"floor":46,"key":"Red Skull"}],"event_choices":[{"event_name":"Golden Idol","player_choice":"Take Damage","floor":5,"damage_taken":0},{"event_name":"Golden Wing","player_choice":"Card Removal","floor":10,"damage_taken":0},{"event_name":"Shining Light","player_choice":"Entered Light","floor":12,"damage_taken":0},{"event_name":"The Mausoleum","player_choice":"Yes","floor":25,"damage_taken":0},{"event_name":"Knowing Skull","player_choice":"CARD CARD ","floor":30,"damage_taken":0},{"event_name":"Falling","player_choice":"Removed Skill","floor":38,"damage_taken":0},{"event_name":"Transmorgrifier","player_choice":"Transform","floor":39,"damage_taken":0},{"event_name":"Tomb of Lord Red Mask","player_choice":"Paid","floor":44,"damage_taken":0}],"boss_relics":[{"not_picked":["White Beast Statue","Ectoplasm"],"picked":"Busted Crown"},{"not_picked":["Lizard Tail","Fusion Hammer"],"picked":"Velvet Choker"}],"items_purged_floors":[2,20,31],"is_endless":false,"potions_floor_spawned":[3,13,18,21,27,28,37,45,48],"ascension_level":0}