{"gold_per_floor":[112,112,112,37,56,56,76,107,107,107,118,18,93,104,104,209,209,223,237,162,0,0,28,42,42,65,92,92,92,92,119,119,119],"floor_reached":33,"playtime":2156,"items_purged":["Strike_R","Strike_R"],"score":429,"play_id":"9fb79382-5885-41df-8671-fd683d87c869","local_time":"20180909151749","is_ascension_mode":true,"campfire_choices":[{"data":"Cleave","floor":6,"key":"SMITH"},{"floor":10,"key":"REST"},{"floor":15,"key":"REST"},{"floor":25,"key":"REST"},{"floor":29,"key":"REST"},{"floor":32,"key":"REST"}],"neow_cost":"CURSE","seed_source_timestamp":19258155438358,"circlet_count":0,"master_deck":["Strike_R+1","Strike_R+1","Strike_R","Defend_R","Defend_R+1","Bash","Anger","Cleave+1","Twin Strike","Pommel Strike","Reaper","Blood for Blood","Flame Barrier+1","Shrug It Off","Carnage","Dual Wield+1","Shrug It Off+1","Thunderclap","Ghostly","Ghostly","Ghostly","Ghostly","Ghostly"],"relics":["Burning Blood","FossilizedHelix","Bottled Flame","Pantograph","Fusion Hammer","Juzu Bracelet","Orichalcum","War Paint","Bird Faced Urn"],"potions_floor_usage":[14,19,23,23,24],"damage_taken":[{"damage":0,"enemies":"2 Louse","floor":1,"turns":2},{"damage":0,"enemies":"Small Slimes","floor":5,"turns":2},{"damage":0,"enemies":"Jaw Worm","floor":7,"turns":3},{"damage":20,"enemies":"Lagavulin","floor":8,"turns":4},{"damage":0,"enemies":"3 Louse","floor":11,"turns":1},{"damage":21,"enemies":"Exordium Thugs","floor":14,"turns":3},{"damage":46,"enemies":"Slime Boss","floor":16,"turns":11},{"damage":1,"enemies":"2 Thieves","floor":18,"turns":3},{"damage":10,"enemies":"Shell Parasite","floor":19,"turns":3},{"damage":0,"enemies":"Gremlin Leader","floor":23,"turns":4},{"damage":1,"enemies":"Centurion and Healer","floor":24,"turns":5},{"damage":31,"enemies":"Slavers","floor":27,"turns":6},{"damage":16,"enemies":"Colosseum Slavers","floor":28,"turns":4},{"damage":0,"enemies":"Gremlin Leader","floor":31,"turns":6},{"damage":50,"enemies":"Champ","floor":33,"turns":10}],"seed_played":"-4643523512357374038","potions_obtained":[{"floor":8,"key":"BloodPotion"},{"floor":16,"key":"Weak Potion"},{"floor":18,"key":"FearPotion"},{"floor":23,"key":"SkillPotion"},{"floor":27,"key":"Explosive Potion"}],"is_trial":false,"path_per_floor":["M","?","?","$","M","R","M","E","T","R","M","$","?","M","R","B",null,"M","M","?","$","?","E","M","R","T","E","?","R","?","E","R"],"character_chosen":"IRONCLAD","items_purchased":["Shrug It Off","Carnage","Strength Potion"],"campfire_rested":5,"item_purchase_floors":[21,21,21],"current_hp_per_floor":[80,64,64,64,70,70,76,62,62,80,80,80,69,62,80,40,80,80,76,76,76,76,80,80,80,80,63,53,77,40,40,40,0],"gold":119,"neow_bonus":"ONE_RARE_RELIC","is_prod":false,"is_daily":false,"chose_seed":false,"campfire_upgraded":1,"win_rate":0,"timestamp":1536531469,"path_taken":["M","?","?","$","M","R","M","E","T","R","?","$","?","M","R","BOSS","M","M","?","$","?","E","M","R","T","E","?","R","?","E","R","BOSS"],"build_version":"2018-09-06","purchased_purges":2,"victory":false,"max_hp_per_floor":[80,80,80,80,80,80,80,80,80,80,80,80,80,80,80,80,80,80,80,80,80,80,80,80,80,80,80,80,80,40,40,40,40],"card_choices":[{"not_picked":["Pommel Strike","Power Through"],"picked":"Anger","floor":1},{"not_picked":["Power Through","Headbutt"],"picked":"Cleave","floor":5},{"not_picked":["Body Slam","Havoc"],"picked":"Twin Strike","floor":7},{"not_picked":["Havoc","Sword Boomerang","Headbutt"],"picked":"SKIP","floor":8},{"not_picked":["Perfected Strike","Body Slam"],"picked":"Pommel Strike","floor":11},{"not_picked":["Warcry","Dual Wield","Headbutt"],"picked":"SKIP","floor":14},{"not_picked":["Fiend Fire","Bludgeon"],"picked":"Reaper","floor":16},{"not_picked":["Sentinel","True Grit+1"],"picked":"Blood for Blood","floor":18},{"not_picked":["Wild Strike+1","Cleave"],"picked":"Flame Barrier+1","floor":19},{"not_picked":["Sentinel+1","Feel No Pain"],"picked":"Shrug It Off+1","floor":23},{"not_picked":["Twin Strike+1","Wild Strike+1","Clash"],"picked":"SKIP","floor":24},{"not_picked":["Power Through","True Grit"],"picked":"Thunderclap","floor":27},{"not_picked":["Clash","Sword Boomerang+1","Rage"],"picked":"SKIP","floor":31}],"player_experience":361082,"relics_obtained":[{"floor":8,"key":"Bottled Flame"},{"floor":9,"key":"Pantograph"},{"floor":23,"key":"Juzu Bracelet"},{"floor":26,"key":"Orichalcum"},{"floor":27,"key":"War Paint"},{"floor":31,"key":"Bird Faced Urn"}],"event_choices":[{"event_name":"Shining Light","player_choice":"Entered Light","floor":2,"damage_taken":0},{"event_name":"Fountain of Cleansing","player_choice":"Removed Curse","floor":3,"damage_taken":0},{"event_name":"World of Goop","player_choice":"Gather Gold","floor":13,"damage_taken":0},{"event_name":"Beggar","player_choice":"Gave Gold","floor":20,"damage_taken":0},{"event_name":"Transmorgrifier","player_choice":"Transform","floor":22,"damage_taken":0},{"event_name":"Colosseum","player_choice":"Fight","floor":28,"damage_taken":0},{"event_name":"Colosseum","player_choice":"Fled From Nobs","floor":28,"damage_taken":0},{"event_name":"Ghosts","player_choice":"Became a Ghost","floor":30,"damage_taken":0}],"is_beta":false,"boss_relics":[{"not_picked":["Runic Cube","Velvet Choker"],"picked":"Fusion Hammer"}],"items_purged_floors":[4,12],"is_endless":false,"potions_floor_spawned":[8,16,18,23,27,28],"killed_by":"Champ","ascension_level":3}