{"gold_per_floor":[114,134,150,98,98,98,109,135,135,135,151,151,76,76,76,179,179,190,144,157,177,194,194,209,209,232,232,232,232,248,281,281,281],"floor_reached":33,"playtime":2656,"items_purged":["Dualcast"],"score":292,"play_id":"fe86e9aa-9e02-462c-9b07-4116c96616d0","local_time":"20190529203830","is_ascension_mode":false,"campfire_choices":[{"data":"Go for the Eyes","floor":6.0,"key":"SMITH"},{"floor":12.0,"key":"REST"},{"floor":15.0,"key":"REST"},{"data":"Coolheaded","floor":23.0,"key":"SMITH"},{"floor":25.0,"key":"REST"},{"data":"Sweeping Beam","floor":27.0,"key":"SMITH"},{"data":"Bite","floor":29.0,"key":"SMITH"},{"data":"Bite","floor":32,"key":"SMITH"}],"neow_cost":"NONE","seed_source_timestamp":178543635565797,"circlet_count":0,"master_deck":["Defend_B","Defend_B","Defend_B","Defend_B","Zap","Go for the Eyes+1","Coolheaded+1","Cold Snap","Sweeping Beam+1","Coolheaded+1","Rebound","Bite+1","Bite+1","Bite","Bite","Bite"],"special_seed":0,"relics":["Busted Crown","Singing Bowl","Frozen Egg 2","Lantern","Nuclear Battery","Omamori","Centennial Puzzle"],"potions_floor_usage":[],"damage_taken":[{"damage":1.0,"enemies":"Jaw Worm","floor":1.0,"turns":3.0},{"damage":0.0,"enemies":"2 Louse","floor":2.0,"turns":2.0},{"damage":0.0,"enemies":"Cultist","floor":3.0,"turns":4.0},{"damage":26.0,"enemies":"Exordium Thugs","floor":7.0,"turns":7.0},{"damage":32.0,"enemies":"Gremlin Nob","floor":8.0,"turns":7.0},{"damage":2.0,"enemies":"Blue Slaver","floor":11.0,"turns":4.0},{"damage":47.0,"enemies":"Hexaghost","floor":16.0,"turns":13.0},{"damage":14.0,"enemies":"2 Thieves","floor":18.0,"turns":5.0},{"damage":3.0,"enemies":"Spheric Guardian","floor":20.0,"turns":4.0},{"damage":7.0,"enemies":"Snake Plant","floor":21.0,"turns":6.0},{"damage":16.0,"enemies":"3 Cultists","floor":22.0,"turns":7.0},{"damage":6.0,"enemies":"Centurion and Healer","floor":24.0,"turns":10.0},{"damage":20,"enemies":"Snake Plant","floor":30,"turns":7},{"damage":38,"enemies":"Gremlin Leader","floor":31,"turns":8},{"damage":98,"enemies":"Automaton","floor":33,"turns":8}],"seed_played":"-5639928468051885799","potions_obtained":[{"floor":1.0,"key":"SteroidPotion"},{"floor":11.0,"key":"Swift Potion"},{"floor":20.0,"key":"Poison Potion"},{"floor":30,"key":"SpeedPotion"},{"floor":31,"key":"FearPotion"}],"is_trial":false,"path_per_floor":["M","M","M","$","?","R","M","E","T","?","M","R","$","?","R","B",null,"M","$","M","M","M","R","M","R","T","R","?","R","M","E","R","B"],"character_chosen":"DEFECT","items_purchased":["Coolheaded","Sweeping Beam"],"campfire_rested":3,"item_purchase_floors":[4,19],"current_hp_per_floor":[74,74,74,74,74,74,48,18,18,18,16,39,39,39,62,17,79,67,67,66,61,45,45,39,64,64,64,59,59,60,49,49,0],"gold":281,"neow_bonus":"BOSS_RELIC","is_prod":false,"is_daily":false,"chose_seed":false,"campfire_upgraded":5,"win_rate":0,"timestamp":1559155110,"path_taken":["M","M","M","$","?","R","M","E","T","?","M","R","?","?","R","BOSS","M","$","?","M","M","R","M","R","T","R","?","R","M","E","R","BOSS"],"build_version":"2019-01-23","purchased_purges":1,"victory":false,"max_hp_per_floor":[75,75,75,75,75,75,75,77,77,77,77,77,77,77,77,79,79,81,81,83,85,85,85,85,85,85,85,59,59,61,63,63,63],"card_choices":[{"not_picked":[],"picked":"Go for the Eyes","floor":1.0},{"not_picked":["Defragment"],"picked":"SKIP","floor":2.0},{"not_picked":["Defragment"],"picked":"SKIP","floor":2.0},{"not_picked":["Sweeping Beam"],"picked":"SKIP","floor":3.0},{"not_picked":["Scrape"],"picked":"SKIP","floor":7.0},{"not_picked":["Multi-Cast"],"picked":"Singing Bowl","floor":8.0},{"not_picked":[],"picked":"Cold Snap","floor":11.0},{"not_picked":["Creative AI+1"],"picked":"Singing Bowl","floor":16.0},{"not_picked":["Tempest"],"picked":"Singing Bowl","floor":18.0},{"not_picked":["Conserve Battery"],"picked":"Singing Bowl","floor":20.0},{"not_picked":["Conserve Battery"],"picked":"Singing Bowl","floor":21.0},{"not_picked":[],"picked":"Coolheaded","floor":22.0},{"not_picked":[],"picked":"Rebound","floor":24.0},{"not_picked":["Storm+1"],"picked":"Singing Bowl","floor":30},{"not_picked":["White Noise+1"],"picked":"Singing Bowl","floor":31}],"player_experience":364336,"relics_obtained":[{"floor":8.0,"key":"Singing Bowl"},{"floor":9.0,"key":"Frozen Egg 2"},{"floor":26.0,"key":"Omamori"},{"floor":31,"key":"Centennial Puzzle"}],"event_choices":[{"damage_healed":0.0,"max_hp_gain":0.0,"max_hp_loss":0.0,"gold_gain":0.0,"event_name":"Liars Game","player_choice":"Ignored","floor":5.0,"gold_loss":0.0,"damage_taken":0.0},{"damage_healed":0.0,"max_hp_gain":0.0,"max_hp_loss":0.0,"gold_gain":0.0,"event_name":"Dead Adventurer","player_choice":"Searched \u00271\u0027 times","floor":10.0,"gold_loss":0.0,"damage_taken":0.0,"relics_obtained":["Lantern"]},{"damage_healed":0.0,"max_hp_gain":0.0,"max_hp_loss":0.0,"gold_gain":0.0,"event_name":"Upgrade Shrine","player_choice":"Upgraded","floor":14.0,"gold_loss":0.0,"damage_taken":0.0,"cards_upgraded":["Coolheaded"]},{"damage_healed":0.0,"max_hp_gain":0.0,"max_hp_loss":26.0,"gold_gain":0.0,"event_name":"Vampires","player_choice":"Became a vampire","floor":28.0,"gold_loss":0.0,"damage_taken":0.0,"cards_obtained":["Bite","Bite","Bite","Bite","Bite"]}],"is_beta":false,"boss_relics":[{"not_picked":["Fusion Hammer","Runic Dome"],"picked":"Nuclear Battery"}],"items_purged_floors":[13],"is_endless":false,"potions_floor_spawned":[1,11,20,30,31],"killed_by":"Automaton","ascension_level":0}