{"gold_per_floor":[114,132,85,160,160,160,193,193,193,193,226,226,256,275,275,377,377,388,405,19,19,19,53,25,25,71,88,100,100,120,130,130,229,229,247,265,36,50,50,50,62,62,62,62,62,72,123,137,137,137],"floor_reached":51,"playtime":3659,"items_purged":[],"score":1055,"play_id":"6b20b3c1-82bc-4807-b121-e3759d35eb28","local_time":"20181113142133","is_ascension_mode":true,"campfire_choices":[{"data":"Zap","floor":6.0,"key":"SMITH"},{"data":"Gash","floor":8.0,"key":"SMITH"},{"data":"Dualcast","floor":12.0,"key":"SMITH"},{"floor":15.0,"key":"REST"},{"data":"Defragment","floor":25.0,"key":"SMITH"},{"data":"Loop","floor":29.0,"key":"SMITH"},{"floor":32.0,"key":"REST"},{"data":"Creative AI","floor":40.0,"key":"SMITH"},{"data":"Skim","floor":42.0,"key":"SMITH"},{"data":"Leap","floor":44.0,"key":"SMITH"},{"floor":49.0,"key":"REST"}],"neow_cost":"NONE","seed_source_timestamp":0,"circlet_count":0,"master_deck":["Strike_B+1","Strike_B+1","Strike_B+1","Strike_B+1","Defend_B+1","Defend_B+1","Defend_B+1","Defend_B+1","Zap+1","Dualcast+1","Skim+1","Defragment+1","Gash+1","Leap+1","Fission+1","Steam Power+1","Glacier+1","Fission+1","Streamline+1","Ball Lightning+1","Flash of Steel+1","Defragment+1","Loop+1","Chill+1","Reboot+1","Ball Lightning+1","Redo+1","Chill+1","Doom and Gloom+1","Chaos+1","Steam+1","Blizzard+1","Creative AI+1","Rebound+1","Fission+1","Mind Blast+1","Gash+1","Sweeping Beam+1","Go for the Eyes+1","Beam Cell+1","Darkness+1"],"special_seed":0,"relics":["Cracked Core","NeowsBlessing","The Courier","Mercury Hourglass","Toxic Egg 2","Molten Egg 2","Inserter","Pen Nib","Whetstone","Sozu","DollysMirror","Symbiotic Virus","Girya"],"potions_floor_usage":[50],"damage_taken":[{"damage":0.0,"enemies":"Cultist","floor":1.0,"turns":1.0},{"damage":0.0,"enemies":"2 Louse","floor":2.0,"turns":1.0},{"damage":0.0,"enemies":"Lagavulin","floor":7.0,"turns":1.0},{"damage":7.0,"enemies":"3 Sentries","floor":11.0,"turns":5.0},{"damage":28.0,"enemies":"Gremlin Nob","floor":13.0,"turns":4.0},{"damage":0.0,"enemies":"Small Slimes","floor":14.0,"turns":3.0},{"damage":20.0,"enemies":"Slime Boss","floor":16.0,"turns":11.0},{"damage":7.0,"enemies":"Shell Parasite","floor":18.0,"turns":5.0},{"damage":0.0,"enemies":"Spheric Guardian","floor":19.0,"turns":3.0},{"damage":0.0,"enemies":"Slavers","floor":23.0,"turns":3.0},{"damage":0.0,"enemies":"Snake Plant","floor":27.0,"turns":2.0},{"damage":0.0,"enemies":"Centurion and Healer","floor":28.0,"turns":3.0},{"damage":0.0,"enemies":"Snecko","floor":30.0,"turns":5.0},{"damage":0.0,"enemies":"3 Cultists","floor":31.0,"turns":3.0},{"damage":1.0,"enemies":"Automaton","floor":33.0,"turns":6.0},{"damage":0.0,"enemies":"Orb Walker","floor":35.0,"turns":3.0},{"damage":0.0,"enemies":"3 Darklings","floor":36.0,"turns":3.0},{"damage":20.0,"enemies":"Maw","floor":38.0,"turns":4.0},{"damage":24.0,"enemies":"Transient","floor":41.0,"turns":5.0},{"damage":0.0,"enemies":"4 Shapes","floor":46.0,"turns":2.0},{"damage":21.0,"enemies":"2 Orb Walkers","floor":47.0,"turns":3.0},{"damage":6.0,"enemies":"Maw","floor":48.0,"turns":5.0},{"damage":36,"enemies":"Awakened One","floor":50,"turns":10}],"seed_played":"-2717135047736388537","potions_obtained":[{"floor":1.0,"key":"AttackPotion"},{"floor":14.0,"key":"Fruit Juice"},{"floor":18.0,"key":"FearPotion"},{"floor":27.0,"key":"Block Potion"}],"is_trial":false,"path_per_floor":["M","M","$","?","?","R","E","R","T","?","E","R","E","M","R","B",null,"M","M","$","?","?","E","$","R","T","M","M","R","M","M","R","B",null,"M","M","$","M","$","R","M","R","T","R","?","M","?","M","R","B",null],"character_chosen":"DEFECT","items_purchased":["Gash","Flash of Steel+1","Defragment","Loop","Chill+1","Reboot+1","Ball Lightning+1","Chill+1","DollysMirror","Mind Blast+1"],"campfire_rested":3,"item_purchase_floors":[3,20,20,20,20,20,20,24,37,37],"current_hp_per_floor":[68,68,68,57,42,42,42,42,42,67,60,60,32,32,54,34,65,58,58,58,58,58,58,58,58,58,58,58,58,58,58,75,74,75,75,75,75,65,65,65,51,51,51,51,51,51,30,24,46,15],"gold":137,"neow_bonus":"THREE_ENEMY_KILL","is_prod":false,"is_daily":false,"chose_seed":false,"campfire_upgraded":8,"win_rate":0,"timestamp":1542140493,"path_taken":["M","M","$","?","?","R","E","R","T","?","E","R","E","M","R","BOSS","M","M","$","?","?","E","$","R","T","M","M","R","M","M","R","BOSS","M","M","$","M","$","R","M","R","T","R","?","M","?","M","R","BOSS"],"build_version":"2018-11-08","purchased_purges":0,"victory":true,"max_hp_per_floor":[75,75,75,75,75,75,75,75,75,75,75,75,75,75,75,75,75,75,75,75,75,75,75,75,75,75,75,75,75,75,75,75,75,75,75,75,75,75,75,75,75,75,75,75,75,75,75,75,75,80],"card_choices":[{"not_picked":["Reprogram","Hologram"],"picked":"Skim","floor":1.0},{"not_picked":["Stack","Consume"],"picked":"Defragment","floor":2.0},{"not_picked":["Heatsinks","Stack"],"picked":"Leap","floor":7.0},{"not_picked":["Tempest","Hologram"],"picked":"Fission","floor":11.0},{"not_picked":["FTL","White Noise+1"],"picked":"Steam Power+1","floor":13.0},{"not_picked":["Coolheaded+1","Fusion+1"],"picked":"Glacier+1","floor":14.0},{"not_picked":["Hyperbeam+1","Biased Cognition"],"picked":"Fission+1","floor":16.0},{"not_picked":["Leap+1","Stack+1"],"picked":"Streamline+1","floor":18.0},{"not_picked":["Sweeping Beam+1","Storm"],"picked":"Ball Lightning+1","floor":19.0},{"not_picked":["Hologram+1","Melter+1"],"picked":"Redo+1","floor":23.0},{"not_picked":["Ball Lightning+1","Sweeping Beam+1"],"picked":"Doom and Gloom+1","floor":27.0},{"not_picked":["Heatsinks","Rebound+1"],"picked":"Chaos+1","floor":28.0},{"not_picked":["Buffer","Reinforced Body+1"],"picked":"Steam+1","floor":30.0},{"not_picked":["Tempest+1","Hologram+1"],"picked":"Blizzard+1","floor":31.0},{"not_picked":["Hyperbeam+1","Amplify+1"],"picked":"Creative AI","floor":33.0},{"not_picked":["Beam Cell+1","Sweeping Beam+1"],"picked":"Rebound+1","floor":35.0},{"not_picked":["Conserve Battery+1","Steam+1"],"picked":"Self Repair+1","floor":36.0},{"not_picked":["Double Energy+1","Ball Lightning+1"],"picked":"Gash+1","floor":38.0},{"not_picked":["Self Repair+1","Defragment"],"picked":"Sweeping Beam+1","floor":41.0},{"not_picked":["Leap+1","BootSequence+1"],"picked":"Go for the Eyes+1","floor":46.0},{"not_picked":["Redo+1","Coolheaded+1"],"picked":"Beam Cell+1","floor":47.0},{"not_picked":["Loop","Leap+1"],"picked":"Darkness+1","floor":48.0}],"player_experience":996310,"relics_obtained":[{"floor":7.0,"key":"The Courier"},{"floor":9.0,"key":"Mercury Hourglass"},{"floor":11.0,"key":"Toxic Egg 2"},{"floor":13.0,"key":"Molten Egg 2"},{"floor":23.0,"key":"Pen Nib"},{"floor":26.0,"key":"Whetstone"},{"floor":43.0,"key":"Symbiotic Virus"},{"floor":47.0,"key":"Girya"}],"event_choices":[{"damage_healed":0.0,"max_hp_gain":0.0,"max_hp_loss":0.0,"gold_gain":75.0,"event_name":"World of Goop","player_choice":"Gather Gold","floor":4.0,"gold_loss":0.0,"damage_taken":11.0},{"damage_healed":0.0,"max_hp_gain":0.0,"max_hp_loss":0.0,"gold_gain":0.0,"event_name":"Shining Light","player_choice":"Entered Light","floor":5.0,"gold_loss":0.0,"damage_taken":15.0,"cards_upgraded":["Defragment","Strike_B"]},{"damage_healed":25.0,"max_hp_gain":0.0,"max_hp_loss":0.0,"gold_gain":0.0,"event_name":"Big Fish","player_choice":"Banana","floor":10.0,"gold_loss":0.0,"damage_taken":0.0},{"damage_healed":0.0,"max_hp_gain":0.0,"max_hp_loss":0.0,"gold_gain":0.0,"event_name":"Back to Basics","player_choice":"Simplicity","floor":21.0,"gold_loss":0.0,"damage_taken":0.0,"cards_upgraded":["Strike_B","Strike_B","Strike_B","Defend_B","Defend_B","Defend_B","Defend_B"]},{"damage_healed":0.0,"max_hp_gain":0.0,"max_hp_loss":0.0,"gold_gain":0.0,"event_name":"Beggar","player_choice":"Ignored","floor":22.0,"gold_loss":0.0,"damage_taken":0.0},{"cards_removed":["Self Repair"],"damage_healed":0.0,"max_hp_gain":0.0,"max_hp_loss":0.0,"gold_gain":0.0,"event_name":"Falling","player_choice":"Removed Power","floor":45.0,"gold_loss":0.0,"damage_taken":0.0},{"damage_healed":0.0,"max_hp_gain":0.0,"max_hp_loss":0.0,"gold_gain":0.0,"event_name":"Mysterious Sphere","player_choice":"Fight","floor":47.0,"gold_loss":0.0,"damage_taken":0.0}],"is_beta":false,"boss_relics":[{"not_picked":["Runic Dome","Ectoplasm"],"picked":"Inserter"},{"not_picked":["Fusion Hammer","Pandora\u0027s Box"],"picked":"Sozu"}],"items_purged_floors":[],"is_endless":false,"potions_floor_spawned":[1,14,18,27,31,33,36,41,47],"ascension_level":9}