{"gold_per_floor":[118,293,309,107,107,119,139,172,172,200,200,225,225,254,254,357,357,377,377,22,39,39,73,73,103,103,103,126,137,155,170,170,270,270,281,281,294,20,20,49,49,82,82,82,82,95,126,126,126,126],"floor_reached":51,"playtime":4711,"items_purged":["Doubt","Corruption+1"],"score":889,"play_id":"2a44efb0-b0a4-4a77-ae1a-02b91c501fa7","local_time":"20180727142456","is_ascension_mode":true,"campfire_choices":[{"data":"Flame Barrier","floor":11,"key":"SMITH"},{"data":"Thunderclap","floor":13,"key":"SMITH"},{"data":"Flash of Steel","floor":15,"key":"SMITH"},{"data":"Feed","floor":24,"key":"SMITH"},{"floor":32,"key":"REST"},{"data":"Fiend Fire","floor":45,"key":"SMITH"},{"floor":49,"key":"REST"}],"neow_cost":"TEN_PERCENT_HP_LOSS","seed_source_timestamp":2669157618836217,"circlet_count":0,"master_deck":["Strike_R","Strike_R","Strike_R","Defend_R","Defend_R","Defend_R","Bash","Shrug It Off","Flash of Steel+1","Power Through","Inflame","Headbutt","Flame Barrier+1","Thunderclap+1","Cleave","Fiend Fire+1","Juggernaut+1","Battle Trance+1","Feed+1","Shrug It Off","Spot Weakness","Iron Wave","RitualDagger","Body Slam+1","Body Slam+1","Impervious+1","Flex+1","Bandage Up+1","Spot Weakness+1","Pommel Strike+1"],"relics":["Burning Blood","Thread and Needle","Juzu Bracelet","Pear","Torii","Blue Candle","Kunai","Astrolabe","Oddly Smooth Stone","Toxic Egg 2","Paper Frog","Singing Bowl","Lantern","Velvet Choker","Meat on the Bone","Bronze Scales","Potion Belt","Boot","Bottled Flame","Bottled Lightning","CultistMask"],"potions_floor_usage":[10,16,21,23,25,30,42,42,47,47,50],"damage_taken":[{"damage":4,"enemies":"2 Louse","floor":1,"turns":3},{"damage":0,"enemies":"Small Slimes","floor":3,"turns":6},{"damage":0,"enemies":"Cultist","floor":6,"turns":4},{"damage":0,"enemies":"Exordium Wildlife","floor":7,"turns":7},{"damage":14,"enemies":"Gremlin Nob","floor":8,"turns":6},{"damage":3,"enemies":"3 Sentries","floor":10,"turns":7},{"damage":9,"enemies":"Gremlin Nob","floor":12,"turns":5},{"damage":0,"enemies":"Lagavulin","floor":14,"turns":6},{"damage":46,"enemies":"Hexaghost","floor":16,"turns":11},{"damage":3,"enemies":"3 Byrds","floor":18,"turns":3},{"damage":1,"enemies":"Chosen","floor":21,"turns":4},{"damage":33,"enemies":"Book of Stabbing","floor":23,"turns":5},{"damage":19,"enemies":"Gremlin Leader","floor":25,"turns":7},{"damage":9,"enemies":"3 Cultists","floor":29,"turns":6},{"damage":0,"enemies":"Centurion and Healer","floor":30,"turns":4},{"damage":1,"enemies":"Sentry and Sphere","floor":31,"turns":4},{"damage":41,"enemies":"Automaton","floor":33,"turns":8},{"damage":18,"enemies":"Flame Bruiser 1 Orb","floor":35,"turns":6},{"damage":0,"enemies":"3 Darklings","floor":37,"turns":4},{"damage":22,"enemies":"Giant Head","floor":40,"turns":6},{"damage":1,"enemies":"2 Orb Walkers","floor":42,"turns":4},{"damage":1,"enemies":"Flame Bruiser 2 Orb","floor":46,"turns":5},{"damage":39,"enemies":"Giant Head","floor":47,"turns":7},{"damage":74,"enemies":"Awakened One","floor":50,"turns":12}],"seed_played":"3056600681975978088","potions_obtained":[{"floor":7,"key":"SteroidPotion"},{"floor":8,"key":"AttackPotion"},{"floor":10,"key":"FearPotion"},{"floor":16,"key":"Ancient Potion"},{"floor":18,"key":"EssenceOfSteel"},{"floor":23,"key":"Weak Potion"},{"floor":29,"key":"Fire Potion"},{"floor":37,"key":"Regen Potion"},{"floor":39,"key":"SteroidPotion"},{"floor":39,"key":"SkillPotion"},{"floor":39,"key":"GamblersBrew"},{"floor":40,"key":"EssenceOfSteel"},{"floor":47,"key":"Fruit Juice"}],"is_trial":false,"path_per_floor":["M","?","M","$","?","M","M","E","T","E","R","E","R","E","R","B",null,"M","?","$","M","?","E","R","E","T","?","T","M","M","M","R","B",null,"M","T","M","$","?","E","$","E","T","?","R","M","E","?","R","B"],"character_chosen":"IRONCLAD","items_purchased":["Flash of Steel","Power Through","Oddly Smooth Stone","Shrug It Off","Spot Weakness","Bronze Scales","Flex+1","Bandage Up+1"],"campfire_rested":2,"item_purchase_floors":[4,4,20,20,20,38,38,38],"current_hp_per_floor":[72,72,72,72,77,77,77,69,79,87,87,84,84,87,87,47,87,87,87,87,90,84,60,60,47,47,47,47,48,56,63,93,58,101,93,93,101,101,101,93,93,98,98,98,98,111,92,92,111,66],"gold":126,"neow_bonus":"ONE_RARE_RELIC","is_prod":false,"is_daily":false,"chose_seed":false,"campfire_upgraded":5,"win_rate":0,"timestamp":1532719496,"path_taken":["M","?","M","$","?","M","M","E","T","E","R","E","R","E","R","BOSS","M","?","$","M","?","E","R","E","T","?","?","M","M","M","R","BOSS","M","?","M","$","?","E","$","E","T","?","R","M","E","?","R","BOSS"],"build_version":"2018-07-26","purchased_purges":2,"victory":true,"max_hp_per_floor":[72,72,72,72,77,77,77,77,87,87,87,87,87,87,87,87,87,87,87,87,90,90,93,93,93,93,93,93,97,99,101,101,101,101,105,105,107,107,107,109,109,109,109,109,109,111,111,111,111,116],"card_choices":[{"not_picked":["True Grit","Whirlwind"],"picked":"Shrug It Off","floor":1},{"not_picked":["Clash","Corruption","Wild Strike"],"picked":"SKIP","floor":3},{"not_picked":["True Grit","Clothesline","Blood for Blood"],"picked":"SKIP","floor":6},{"not_picked":["Fire Breathing","Anger"],"picked":"Inflame","floor":7},{"not_picked":["Burning Pact","Anger"],"picked":"Headbutt","floor":8},{"not_picked":["Cleave","Dual Wield"],"picked":"Flame Barrier","floor":10},{"not_picked":["Hemokinesis","Twin Strike"],"picked":"Thunderclap","floor":12},{"not_picked":["Power Through","Dual Wield"],"picked":"Cleave","floor":14},{"not_picked":["Dark Embrace","Feed"],"picked":"Fiend Fire","floor":16},{"not_picked":["Whirlwind","Heavy Blade+1","Wild Strike"],"picked":"SKIP","floor":18},{"not_picked":["Clash","Infernal Blade"],"picked":"Iron Wave","floor":21},{"not_picked":["Sever Soul+1","Twin Strike"],"picked":"Body Slam+1","floor":23},{"not_picked":["Fire Breathing+1","Rage+1","Heavy Blade"],"picked":"SKIP","floor":25},{"not_picked":["Carnage+1","Uppercut"],"picked":"Body Slam+1","floor":29},{"not_picked":["Dual Wield+1","Iron Wave","Entrench+1"],"picked":"Singing Bowl","floor":30},{"not_picked":["Rampage+1","Headbutt","Uppercut"],"picked":"Singing Bowl","floor":31},{"not_picked":["Demon Form","Bludgeon"],"picked":"Impervious+1","floor":33},{"not_picked":["Seeing Red+1","Clothesline+1"],"picked":"Infernal Blade+1","floor":35},{"not_picked":["Metallicize+1","Headbutt","Feel No Pain+1"],"picked":"Singing Bowl","floor":37},{"not_picked":["Perfected Strike+1","Barricade","Feel No Pain+1"],"picked":"Singing Bowl","floor":40},{"not_picked":["Wild Strike","Intimidate+1"],"picked":"Spot Weakness+1","floor":42},{"not_picked":["Bloodletting+1","Dropkick","Anger+1"],"picked":"Singing Bowl","floor":46},{"not_picked":["Inflame+1","Anger"],"picked":"Pommel Strike+1","floor":47}],"player_experience":357964,"relics_obtained":[{"floor":8,"key":"Juzu Bracelet"},{"floor":9,"key":"Pear"},{"floor":10,"key":"Torii"},{"floor":12,"key":"Blue Candle"},{"floor":14,"key":"Kunai"},{"floor":23,"key":"Toxic Egg 2"},{"floor":25,"key":"Paper Frog"},{"floor":26,"key":"Singing Bowl"},{"floor":28,"key":"Lantern"},{"floor":36,"key":"Meat on the Bone"},{"floor":40,"key":"Potion Belt"},{"floor":42,"key":"Boot"},{"floor":43,"key":"Bottled Flame"},{"floor":47,"key":"Bottled Lightning"}],"event_choices":[{"event_name":"Liars Game","player_choice":"agreed","floor":2,"damage_taken":0},{"event_name":"Big Fish","player_choice":"Donut","floor":5,"damage_taken":0},{"event_name":"Match and Keep!","player_choice":"1 cards matched","floor":19,"damage_taken":0},{"event_name":"Nest","player_choice":"Joined the Cult","floor":22,"damage_taken":0},{"event_name":"Ghosts","player_choice":"Ignored","floor":27,"damage_taken":0},{"event_name":"The Lab","player_choice":"Got Potions","floor":39,"damage_taken":0},{"event_name":"Falling","player_choice":"Removed Skill","floor":44,"damage_taken":0},{"event_name":"FaceTrader","player_choice":"Trade","floor":48,"damage_taken":0}],"is_beta":false,"boss_relics":[{"not_picked":["Tiny House","Snecko Eye"],"picked":"Astrolabe"},{"not_picked":["Black Star","Eternal Feather"],"picked":"Velvet Choker"}],"items_purged_floors":[4,20],"is_endless":false,"potions_floor_spawned":[7,8,10,16,18,23,29,37,40,47],"ascension_level":1}