{"gold_per_floor":[114,132,143,143,218,253,253,38,38,38,48,48,68,79,79,79],"floor_reached":16,"playtime":1166,"items_purged":[],"score":183,"play_id":"c8bc6836-9bcc-4357-88bd-ca51ac8fc4a7","local_time":"20190401081625","is_ascension_mode":true,"campfire_choices":[{"floor":7,"key":"REST"},{"data":"Riddle With Holes","floor":10,"key":"SMITH"},{"floor":15,"key":"REST"}],"neow_cost":"NONE","seed_source_timestamp":218294437232671,"circlet_count":0,"master_deck":["AscendersBane","Defend_G","Defend_G","Defend_G","Defend_G","Defend_G","Strike_G","Strike_G","Strike_G","Strike_G","Strike_G","Survivor","Neutralize","Riddle With Holes+1","Cloak And Dagger","Cloak And Dagger","Calculated Gamble","Footwork+1","Slice","Flying Knee","Sucker Punch"],"relics":["Ring of the Snake","Turnip","Pear","Juzu Bracelet","Matryoshka"],"potions_floor_usage":[6,13],"damage_taken":[{"damage":3,"enemies":"Cultist","floor":1,"turns":6},{"damage":9,"enemies":"Jaw Worm","floor":2,"turns":4},{"damage":1,"enemies":"2 Louse","floor":3,"turns":3},{"damage":27,"enemies":"Lagavulin","floor":6,"turns":7},{"damage":6,"enemies":"2 Fungi Beasts","floor":11,"turns":5},{"damage":9,"enemies":"Lots of Slimes","floor":13,"turns":7},{"damage":0,"enemies":"Looter","floor":14,"turns":3},{"damage":4,"enemies":"Hexaghost","floor":16,"turns":8}],"seed_played":"5274191072184492137","potions_obtained":[{"floor":3,"key":"Strength Potion"},{"floor":11,"key":"PowerPotion"},{"floor":13,"key":"Energy Potion"}],"is_trial":false,"path_per_floor":["M","M","M","?","?","E","R","$","T","R","M","?","M","M","R","B"],"character_chosen":"THE_SILENT","items_purchased":["Juzu Bracelet","Footwork"],"campfire_rested":2,"item_purchase_floors":[8,8],"current_hp_per_floor":[67,58,57,45,34,17,43,43,43,43,37,37,28,28,54,50],"gold":79,"neow_bonus":"TEN_PERCENT_HP_BONUS","is_prod":false,"is_daily":false,"chose_seed":false,"campfire_upgraded":1,"win_rate":0,"timestamp":1554124585,"path_taken":["M","?","M","?","?","E","R","$","T","R","M","?","M","M","R","BOSS"],"build_version":"2019-01-23","purchased_purges":0,"victory":false,"max_hp_per_floor":[77,77,77,77,77,87,87,87,87,87,87,87,87,87,87,87],"card_choices":[{"not_picked":["Sucker Punch","Flechettes"],"picked":"Riddle With Holes","floor":1},{"not_picked":["Underhanded Strike","Dagger Throw"],"picked":"Cloak And Dagger","floor":2},{"not_picked":["Dodge and Roll","All Out Attack"],"picked":"Cloak And Dagger","floor":3},{"not_picked":["Crippling Poison","Acrobatics"],"picked":"Calculated Gamble","floor":6},{"not_picked":["Escape Plan","Finisher"],"picked":"Slice","floor":11},{"not_picked":["Acrobatics","Backflip"],"picked":"Flying Knee","floor":13},{"not_picked":["Backflip","Reflex"],"picked":"Sucker Punch","floor":14}],"player_experience":1311273,"relics_obtained":[{"floor":6,"key":"Pear"},{"floor":9,"key":"Matryoshka"}],"event_choices":[{"damage_healed":0,"gold_gain":0,"player_choice":"Success","damage_taken":12,"relics_obtained":["Turnip"],"max_hp_gain":0,"max_hp_loss":0,"event_name":"Scrap Ooze","floor":4,"gold_loss":0},{"damage_healed":0,"gold_gain":75,"player_choice":"Gather Gold","damage_taken":11,"max_hp_gain":0,"max_hp_loss":0,"event_name":"World of Goop","floor":5,"gold_loss":0},{"damage_healed":0,"gold_gain":0,"player_choice":"Upgraded","damage_taken":0,"max_hp_gain":0,"max_hp_loss":0,"event_name":"Upgrade Shrine","floor":12,"gold_loss":0,"cards_upgraded":["Footwork"]}],"is_beta":false,"boss_relics":[],"items_purged_floors":[],"is_endless":false,"potions_floor_spawned":[3,11,13],"killed_by":"Hexaghost","ascension_level":11}