{"gold_per_floor":[109,126,401,418,436,464,477,493,493,510,510],"floor_reached":11,"playtime":786,"items_purged":[],"score":99,"play_id":"d63dc3a2-1947-4780-9994-76ca70058da6","local_time":"20190627200603","is_ascension_mode":true,"campfire_choices":[],"neow_cost":"NONE","seed_source_timestamp":1066489432010600,"circlet_count":0,"master_deck":["Defend_G","Defend_G","Defend_G","Defend_G","Defend_G","Strike_G","Strike_G","Strike_G","Strike_G","Strike_G","Survivor","Neutralize","Bane","Bane","Regret","Quick Slash","Backflip","Malaise","Quick Slash","Cloak And Dagger","Dash"],"relics":["Ring of the Snake","NeowsBlessing","Blue Candle","Pear"],"potions_floor_usage":[5,5,6,6,7,8,11],"damage_taken":[{"damage":0,"enemies":"Cultist","floor":1,"turns":1},{"damage":0,"enemies":"2 Louse","floor":2,"turns":1},{"damage":0,"enemies":"Jaw Worm","floor":4,"turns":1},{"damage":4,"enemies":"Exordium Wildlife","floor":5,"turns":4},{"damage":56,"enemies":"Lagavulin","floor":6,"turns":9},{"damage":1,"enemies":"Looter","floor":7,"turns":3},{"damage":0,"enemies":"3 Louse","floor":8,"turns":3},{"damage":28,"enemies":"Gremlin Gang","floor":10,"turns":5},{"damage":5,"enemies":"Red Slaver","floor":11,"turns":4}],"seed_played":"-2786114574482263758","potions_obtained":[{"floor":2,"key":"EntropicBrew"},{"floor":6,"key":"AttackPotion"},{"floor":7,"key":"Dexterity Potion"},{"floor":10,"key":"PowerPotion"}],"is_trial":false,"path_per_floor":["M","M","?","M","M","E","M","M","T","M","M"],"character_chosen":"THE_SILENT","items_purchased":[],"campfire_rested":0,"item_purchase_floors":[],"current_hp_per_floor":[70,70,70,70,66,25,24,24,34,6,1],"gold":510,"neow_bonus":"THREE_ENEMY_KILL","is_prod":false,"is_daily":false,"chose_seed":false,"campfire_upgraded":0,"win_rate":0,"timestamp":1561691163,"path_taken":["M","?","?","M","?","E","M","?","T","M","?"],"build_version":"2019-01-23","purchased_purges":0,"victory":false,"max_hp_per_floor":[70,70,70,70,70,70,70,70,80,80,80],"card_choices":[{"not_picked":["Outmaneuver","Underhanded Strike"],"picked":"Bane","floor":1},{"not_picked":["Infinite Blades","Catalyst"],"picked":"Bane","floor":2},{"not_picked":["Tactician","Sucker Punch"],"picked":"Quick Slash","floor":4},{"not_picked":["Calculated Gamble","Blade Dance"],"picked":"Backflip","floor":5},{"not_picked":["Cloak And Dagger","Deflect"],"picked":"Malaise","floor":6},{"not_picked":["Catalyst","Outmaneuver"],"picked":"Quick Slash","floor":7},{"not_picked":["Flying Knee","Setup"],"picked":"Cloak And Dagger","floor":8},{"not_picked":["Tactician","Venomology"],"picked":"Dash","floor":10}],"player_experience":570795,"relics_obtained":[{"floor":6,"key":"Blue Candle"},{"floor":9,"key":"Pear"}],"event_choices":[{"damage_healed":0,"gold_gain":275,"player_choice":"Desecrate","damage_taken":0,"max_hp_gain":0,"max_hp_loss":0,"event_name":"Golden Shrine","floor":3,"gold_loss":0,"cards_obtained":["Regret"]}],"is_beta":false,"boss_relics":[],"items_purged_floors":[],"is_endless":false,"potions_floor_spawned":[2,6,7,10],"killed_by":"Red Slaver","ascension_level":5}