{"gold_per_floor":[115,131,146,146,71,71,71,71,96,106,106,118,18,33,33,137,137,62,62,62,62,62,62,62,62,62,62,62,62,62,62,62,62,62,62,62,62,62,62,62,62,62,62,42,42,42,42,42,42,42,42,42,16,16,16],"floor_reached":56,"playtime":9474,"items_purged":["Defend_B","Dualcast"],"score":1492,"play_id":"1a509f9f-5b0c-49b5-a730-8d406baac692","local_time":"20190527201718","is_ascension_mode":true,"campfire_choices":[{"data":"Defragment","floor":6.0,"key":"SMITH"},{"data":"Coolheaded","floor":8.0,"key":"SMITH"},{"data":"Glacier","floor":11.0,"key":"SMITH"},{"floor":15.0,"key":"REST"},{"data":"Buffer","floor":24.0,"key":"SMITH"},{"data":"Turbo","floor":30.0,"key":"SMITH"},{"floor":32.0,"key":"RECALL"},{"floor":42.0,"key":"DIG"},{"floor":49.0,"key":"DIG"},{"floor":52.0,"key":"DIG"}],"neow_cost":"NONE","seed_source_timestamp":0,"circlet_count":0,"master_deck":["Strike_B","Strike_B","Strike_B","Strike_B","Defend_B+1","Defend_B","Zap","Consume","Defragment+1","Coolheaded+1","Glacier+1","Seek+1","Buffer+1","Streamline+1","Go for the Eyes+1","Machine Learning","Turbo+1","Machine Learning","Machine Learning","Amplify","Sunder","Sweeping Beam+1","Tempest+1","Coolheaded+1","Coolheaded"],"special_seed":0,"relics":["Orrery","Omamori","Bag of Preparation","Ectoplasm","Orichalcum","War Paint","Ice Cream","Vajra","Strawberry","Coffee Dripper","Shovel","Lantern","Singing Bowl","Boot","Pear","Ornamental Fan"],"potions_floor_usage":[55,55,55],"damage_taken":[{"damage":11.0,"enemies":"Jaw Worm","floor":1.0,"turns":4.0},{"damage":10.0,"enemies":"Small Slimes","floor":2.0,"turns":5.0},{"damage":6.0,"enemies":"2 Louse","floor":3.0,"turns":4.0},{"damage":2.0,"enemies":"Blue Slaver","floor":10.0,"turns":5.0},{"damage":3.0,"enemies":"Lots of Slimes","floor":12.0,"turns":8.0},{"damage":2.0,"enemies":"Looter","floor":14.0,"turns":4.0},{"damage":18.0,"enemies":"The Guardian","floor":16.0,"turns":15.0},{"damage":11.0,"enemies":"2 Thieves","floor":18.0,"turns":4.0},{"damage":13.0,"enemies":"3 Byrds","floor":20.0,"turns":6.0},{"damage":3.0,"enemies":"Centurion and Healer","floor":21.0,"turns":7.0},{"damage":0.0,"enemies":"Book of Stabbing","floor":23.0,"turns":9.0},{"damage":1.0,"enemies":"Slavers","floor":25.0,"turns":8.0},{"damage":0.0,"enemies":"Gremlin Leader","floor":27.0,"turns":10.0},{"damage":0.0,"enemies":"Snake Plant","floor":28.0,"turns":6.0},{"damage":1.0,"enemies":"Slavers","floor":31.0,"turns":8.0},{"damage":0.0,"enemies":"Champ","floor":33.0,"turns":14.0},{"damage":0.0,"enemies":"Orb Walker","floor":35.0,"turns":4.0},{"damage":9.0,"enemies":"3 Darklings","floor":36.0,"turns":6.0},{"damage":0.0,"enemies":"4 Shapes","floor":38.0,"turns":7.0},{"damage":0.0,"enemies":"Transient","floor":39.0,"turns":5.0},{"damage":0.0,"enemies":"Giant Head","floor":40.0,"turns":9.0},{"damage":0.0,"enemies":"Spire Growth","floor":41.0,"turns":6.0},{"damage":0.0,"enemies":"Nemesis","floor":45.0,"turns":11.0},{"damage":0.0,"enemies":"Maw","floor":46.0,"turns":9.0},{"damage":0.0,"enemies":"Reptomancer","floor":47.0,"turns":7.0},{"damage":0.0,"enemies":"Sphere and 2 Shapes","floor":48.0,"turns":4.0},{"damage":10.0,"enemies":"Donu and Deca","floor":50.0,"turns":12.0},{"damage":35.0,"enemies":"Shield and Spear","floor":54.0,"turns":10.0},{"damage":63,"enemies":"The Heart","floor":55,"turns":15}],"seed_played":"6887304739463594152","potions_obtained":[{"floor":2.0,"key":"Dexterity Potion"},{"floor":3.0,"key":"Strength Potion"},{"floor":10.0,"key":"Fruit Juice"},{"floor":16.0,"key":"Dexterity Potion"},{"floor":18.0,"key":"GamblersBrew"},{"floor":20.0,"key":"AttackPotion"},{"floor":21.0,"key":"FocusPotion"},{"floor":31.0,"key":"Explosive Potion"},{"floor":35.0,"key":"SteroidPotion"},{"floor":38.0,"key":"Fruit Juice"},{"floor":44.0,"key":"Weak Potion"},{"floor":46.0,"key":"PowerPotion"},{"floor":54.0,"key":"LiquidBronze"}],"is_trial":false,"path_per_floor":["M","M","M","?","$","R","?","R","T","M","R","M","$","M","R","B",null,"M","$","M","M","?","E","R","E","T","E","M","?","R","E","R","B",null,"M","M","?","M","M","E","M","R","T","?","E","M","E","M","R","B",null,"R","$","E","B",null],"character_chosen":"DEFECT","items_purchased":["Coolheaded"],"campfire_rested":1,"item_purchase_floors":[53],"current_hp_per_floor":[64,54,48,41,41,41,38,38,38,36,36,38,38,36,60,42,80,69,69,56,53,53,53,53,52,52,52,52,52,52,58,58,58,87,87,78,78,78,83,83,83,83,83,83,83,83,85,87,97,87,102,102,102,69,6],"gold":16,"neow_bonus":"BOSS_RELIC","is_prod":false,"is_daily":false,"chose_seed":false,"campfire_upgraded":5,"win_rate":0,"timestamp":1558981038,"path_taken":["M","M","M","?","$","R","?","R","T","M","R","M","$","M","R","BOSS","M","$","M","M","?","E","R","E","T","E","M","?","R","E","R","BOSS","M","M","?","M","M","E","M","R","T","?","E","M","E","M","R","BOSS","R","$","E","BOSS"],"build_version":"2019-01-23","purchased_purges":2,"victory":true,"max_hp_per_floor":[75,75,75,75,75,75,75,75,75,75,75,80,80,80,80,80,80,80,80,80,80,80,80,80,80,80,80,80,80,80,87,87,87,87,87,87,83,83,88,88,88,88,88,88,88,88,90,92,102,102,102,102,102,104,104],"card_choices":[{"not_picked":["Steam","FTL"],"picked":"Consume","floor":0.0},{"not_picked":["Force Field","Leap"],"picked":"Defragment","floor":0.0},{"not_picked":["Turbo","Barrage"],"picked":"Coolheaded","floor":1.0},{"not_picked":["Go for the Eyes","Hologram"],"picked":"Glacier","floor":2.0},{"not_picked":["Compile Driver","Conserve Battery","Rebound"],"picked":"SKIP","floor":3.0},{"not_picked":["Barrage","Rebound"],"picked":"Seek","floor":10.0},{"not_picked":["Hologram","Conserve Battery","Gash"],"picked":"SKIP","floor":12.0},{"not_picked":["Static Discharge","Go for the Eyes","Leap"],"picked":"SKIP","floor":14.0},{"not_picked":["Hyperbeam","Biased Cognition"],"picked":"Buffer","floor":16.0},{"not_picked":["Ball Lightning","Cold Snap+1"],"picked":"Streamline+1","floor":18.0},{"not_picked":["Barrage","Stack+1"],"picked":"Go for the Eyes+1","floor":20.0},{"not_picked":["Darkness+1","Go for the Eyes+1","Rebound+1"],"picked":"SKIP","floor":21.0},{"not_picked":["Stack","Compile Driver+1","Streamline"],"picked":"SKIP","floor":23.0},{"not_picked":["Gash+1","Streamline"],"picked":"Machine Learning","floor":25.0},{"not_picked":["BootSequence","Cold Snap+1","Go for the Eyes"],"picked":"SKIP","floor":27.0},{"not_picked":["Sweeping Beam","Redo"],"picked":"Turbo","floor":28.0},{"not_picked":["Hyperbeam","Reinforced Body"],"picked":"Machine Learning","floor":31.0},{"not_picked":["All For One","Fission"],"picked":"Amplify","floor":33.0},{"not_picked":["Melter","Heatsinks","Stack"],"picked":"SKIP","floor":35.0},{"not_picked":["Hello World+1","Melter","Steam+1"],"picked":"SKIP","floor":36.0},{"not_picked":["Hologram+1","Barrage+1"],"picked":"Sunder","floor":38.0},{"not_picked":["Streamline","Lockon+1"],"picked":"Sweeping Beam+1","floor":39.0},{"not_picked":["Sunder+1","Go for the Eyes+1","Sweeping Beam"],"picked":"SKIP","floor":40.0},{"not_picked":["Beam Cell+1","Multi-Cast","Static Discharge+1"],"picked":"SKIP","floor":41.0},{"not_picked":["Storm+1","Fusion+1"],"picked":"Tempest+1","floor":45.0},{"not_picked":["Heatsinks","Chill"],"picked":"Coolheaded+1","floor":46.0},{"not_picked":["Conserve Battery+1","Reprogram+1","Self Repair+1"],"picked":"Singing Bowl","floor":47.0},{"not_picked":["Streamline+1","Ball Lightning","Sweeping Beam"],"picked":"Singing Bowl","floor":48.0},{"not_picked":["Reinforced Body","Recycle","Undo"],"picked":"Singing Bowl","floor":54.0}],"player_experience":320633,"relics_obtained":[{"floor":9.0,"key":"Bag of Preparation"},{"floor":23.0,"key":"Orichalcum"},{"floor":25.0,"key":"War Paint"},{"floor":26.0,"key":"Ice Cream"},{"floor":27.0,"key":"Vajra"},{"floor":31.0,"key":"Strawberry"},{"floor":40.0,"key":"Shovel"},{"floor":42.0,"key":"Lantern"},{"floor":45.0,"key":"Singing Bowl"},{"floor":47.0,"key":"Boot"},{"floor":49.0,"key":"Pear"},{"floor":52.0,"key":"Ornamental Fan"}],"event_choices":[{"cards_removed":["Defend_B"],"damage_healed":0.0,"max_hp_gain":0.0,"max_hp_loss":0.0,"gold_gain":0.0,"event_name":"Golden Wing","player_choice":"Card Removal","floor":4.0,"gold_loss":0.0,"damage_taken":7.0},{"damage_healed":0.0,"max_hp_gain":0.0,"max_hp_loss":0.0,"gold_gain":0.0,"event_name":"Scrap Ooze","player_choice":"Success","floor":7.0,"gold_loss":0.0,"damage_taken":3.0,"relics_obtained":["Omamori"]},{"damage_healed":0.0,"max_hp_gain":0.0,"max_hp_loss":0.0,"gold_gain":0.0,"event_name":"The Library","player_choice":"Read","floor":29.0,"gold_loss":0.0,"damage_taken":0.0,"cards_obtained":["Machine Learning"]},{"damage_healed":0.0,"max_hp_gain":0.0,"max_hp_loss":4.0,"gold_gain":0.0,"event_name":"Winding Halls","player_choice":"Max HP","floor":37.0,"gold_loss":0.0,"damage_taken":0.0},{"damage_healed":0.0,"max_hp_gain":0.0,"max_hp_loss":0.0,"gold_gain":0.0,"event_name":"The Woman in Blue","player_choice":"Bought 1 Potion","floor":44.0,"gold_loss":0.0,"damage_taken":0.0}],"is_beta":false,"boss_relics":[{"not_picked":["Pandora\u0027s Box","Runic Dome"],"picked":"Ectoplasm"},{"not_picked":["Cursed Key","Snecko Eye"],"picked":"Coffee Dripper"}],"items_purged_floors":[5,13],"is_endless":false,"potions_floor_spawned":[2,3,10,16,18,20,21,31,35,38,46,54],"ascension_level":1}