{"gold_per_floor":[110,385,400,412,426,426,454,473,473,473],"floor_reached":10,"playtime":725,"items_purged":[],"score":70,"play_id":"d7230eef-75b7-4273-9aa7-3e732ef206c4","local_time":"20190628000821","is_ascension_mode":false,"campfire_choices":[{"data":"Zap","floor":6,"key":"SMITH"}],"neow_cost":"NONE","seed_source_timestamp":1759524316900054,"circlet_count":0,"master_deck":["Strike_B","Strike_B","Strike_B","Defend_B","Defend_B","Defend_B","Defend_B","Zap+1","Dualcast","Tempest","Static Discharge","Regret","Hologram","Redo","Hologram","Coolheaded","Tempest"],"relics":["Cracked Core","Omamori","Sundial"],"potions_floor_usage":[],"damage_taken":[{"damage":6,"enemies":"Jaw Worm","floor":1,"turns":4},{"damage":5,"enemies":"Cultist","floor":3,"turns":4},{"damage":6,"enemies":"Small Slimes","floor":4,"turns":4},{"damage":12,"enemies":"2 Fungi Beasts","floor":5,"turns":4},{"damage":26,"enemies":"Gremlin Nob","floor":7,"turns":4},{"damage":14,"enemies":"3 Louse","floor":8,"turns":2},{"damage":8,"enemies":"Lots of Slimes","floor":10,"turns":1}],"seed_played":"178264697923662099","potions_obtained":[{"floor":4,"key":"Fire Potion"},{"floor":5,"key":"Swift Potion"},{"floor":7,"key":"Poison Potion"}],"is_trial":false,"path_per_floor":["M","?","M","M","M","R","E","M","T","M"],"character_chosen":"DEFECT","items_purchased":[],"campfire_rested":0,"item_purchase_floors":[],"current_hp_per_floor":[69,69,64,58,46,46,20,6,6,0],"gold":473,"neow_bonus":"TRANSFORM_CARD","is_prod":false,"is_daily":false,"chose_seed":false,"campfire_upgraded":1,"win_rate":0.0,"timestamp":1561702101,"path_taken":["M","?","M","M","?","R","E","M","T","M"],"build_version":"2019-01-23","purchased_purges":0,"victory":false,"max_hp_per_floor":[75,75,75,75,75,75,75,75,75,75],"card_choices":[{"not_picked":["Cold Snap","Hologram"],"picked":"Static Discharge","floor":1},{"not_picked":["Consume","Coolheaded"],"picked":"Hologram","floor":3},{"not_picked":["Beam Cell","Stack"],"picked":"Redo","floor":4},{"not_picked":["Beam Cell","Steam"],"picked":"Hologram","floor":5},{"not_picked":["Beam Cell","Cold Snap"],"picked":"Coolheaded","floor":7},{"not_picked":["Conserve Battery","Steam"],"picked":"Tempest","floor":8}],"player_experience":22895,"relics_obtained":[{"floor":7,"key":"Omamori"},{"floor":9,"key":"Sundial"}],"event_choices":[{"damage_healed":0,"gold_gain":275,"player_choice":"Desecrate","damage_taken":0,"max_hp_gain":0,"max_hp_loss":0,"event_name":"Golden Shrine","floor":2,"gold_loss":0,"cards_obtained":["Regret"]}],"is_beta":false,"boss_relics":[],"items_purged_floors":[],"is_endless":false,"potions_floor_spawned":[4,5,7],"killed_by":"Lots of Slimes","ascension_level":0}