{"gold_per_floor":[116,116,128,128,128,128,155,210,210,225,244,13,13,13,13,116,116,128,128,28,38,57,57,84,84,84,113,142,152,167,180,180,285,285,299,309,8,108,123,123,142,364,364,364,374,374,389,401,401,401],"floor_reached":51,"playtime":6084,"items_purged":["Defend_G","Strike_G"],"score":983,"play_id":"876def5e-3fd3-4f60-a27f-feb94de7731b","local_time":"20180721231517","is_ascension_mode":true,"campfire_choices":[{"floor":6,"key":"REST"},{"floor":13,"key":"REST"},{"data":"Deadly Poison","floor":15,"key":"SMITH"},{"floor":23,"key":"REST"},{"floor":25,"key":"REST"},{"floor":32,"key":"REST"},{"floor":40,"key":"REST"},{"floor":49,"key":"REST"}],"neow_cost":"","seed_source_timestamp":133278086516808,"circlet_count":0,"master_deck":["Defend_G+1","Defend_G+1","Strike_G","Strike_G","Survivor","Neutralize","Deadly Poison+1","Acrobatics","Caltrops","Cloak And Dagger","Dagger Throw","Quick Slash","Backstab","Backflip","Glass Knife","Glass Knife","Leg Sweep","Sucker Punch+1","Backstab","Deadly Poison","Deadly Poison+1","Escape Plan","Deadly Poison","Doppelganger","Leg Sweep+1","After Image+1","Choke+1","Noxious Fumes+1","Dagger Spray+1","Dash","Madness","Madness","Escape Plan+1","Noxious Fumes+1","PiercingWail"],"relics":["Ring of the Snake","Ginger","Mummified Hand","Dream Catcher","Regal Pillow","Fusion Hammer","Kunai","Tough Bandages","Red Mask","Centennial Puzzle","Astrolabe","Unceasing Top","Letter Opener","Mango"],"potions_floor_usage":[7,24,24,30,31,33,46,50,50],"damage_taken":[{"damage":0,"enemies":"Small Slimes","floor":1,"turns":5},{"damage":5,"enemies":"Jaw Worm","floor":3,"turns":4},{"damage":16,"enemies":"Lagavulin","floor":7,"turns":8},{"damage":25,"enemies":"Lagavulin Event","floor":8,"turns":7},{"damage":0,"enemies":"2 Louse","floor":10,"turns":3},{"damage":5,"enemies":"Large Slime","floor":11,"turns":6},{"damage":31,"enemies":"Hexaghost","floor":16,"turns":9},{"damage":0,"enemies":"3 Byrds","floor":18,"turns":4},{"damage":8,"enemies":"Spheric Guardian","floor":21,"turns":4},{"damage":3,"enemies":"Cultist and Chosen","floor":22,"turns":6},{"damage":8,"enemies":"Slavers","floor":24,"turns":6},{"damage":0,"floor":27,"turns":4},{"damage":33,"enemies":"Gremlin Leader","floor":28,"turns":6},{"damage":0,"enemies":"Snecko","floor":29,"turns":4},{"damage":0,"enemies":"Centurion and Healer","floor":30,"turns":6},{"damage":8,"enemies":"3 Cultists","floor":31,"turns":5},{"damage":60,"enemies":"Collector","floor":33,"turns":8},{"damage":6,"enemies":"Flame Bruiser 1 Orb","floor":35,"turns":4},{"damage":0,"enemies":"Orb Walker","floor":36,"turns":3},{"damage":34,"enemies":"Spire Growth","floor":39,"turns":5},{"damage":0,"enemies":"Maw","floor":41,"turns":7},{"damage":0,"enemies":"4 Shapes","floor":45,"turns":4},{"damage":0,"floor":46,"turns":6},{"damage":13,"enemies":"Spire Growth","floor":47,"turns":5},{"damage":0,"enemies":"Sphere and 2 Shapes","floor":48,"turns":4},{"damage":48,"enemies":"Awakened One","floor":50,"turns":13}],"seed_played":"-2670326183647865757","potions_obtained":[{"floor":3,"key":"SkillPotion"},{"floor":8,"key":"SpeedPotion"},{"floor":16,"key":"Dexterity Potion"},{"floor":21,"key":"SkillPotion"},{"floor":29,"key":"LiquidBronze"},{"floor":30,"key":"PowerPotion"},{"floor":33,"key":"SteroidPotion"},{"floor":35,"key":"Weak Potion"},{"floor":45,"key":"GamblersBrew"},{"floor":46,"key":"LiquidBronze"},{"floor":48,"key":"Swift Potion"}],"is_trial":false,"path_per_floor":["M","?","M","?","?","R","E","?","T","M","M","$","R","$","R","B",null,"M","?","$","M","M","R","E","R","T","?","E","M","M","M","R","B",null,"M","M","$","?","M","R","M","?","T","?","M","?","M","M","R","B"],"character_chosen":"THE_SILENT","items_purchased":["Regal Pillow","Unceasing Top"],"campfire_rested":7,"item_purchase_floors":[12,37],"current_hp_per_floor":[70,56,51,51,51,70,54,29,29,29,24,24,60,60,60,29,70,70,70,70,62,59,70,62,70,70,70,37,37,37,29,65,5,70,64,64,64,64,30,66,66,66,66,57,57,71,58,58,84,36],"gold":401,"neow_bonus":"","is_prod":false,"is_daily":false,"chose_seed":false,"campfire_upgraded":1,"win_rate":0,"timestamp":1532240117,"path_taken":["M","?","M","?","?","R","E","?","T","M","?","$","R","$","R","BOSS","M","?","$","M","M","R","E","R","T","?","E","M","M","M","R","BOSS","M","M","$","?","M","R","M","?","T","?","M","?","M","M","R","BOSS"],"build_version":"2018-07-19v2","purchased_purges":2,"victory":true,"max_hp_per_floor":[70,70,70,70,70,70,70,70,70,70,70,70,70,70,70,70,70,70,70,70,70,70,70,70,70,70,70,70,70,70,70,70,70,70,70,70,70,70,70,70,70,70,70,70,70,84,84,84,84,84],"card_choices":[{"not_picked":["Deflect","Prepared"],"picked":"Deadly Poison","floor":1},{"not_picked":["Heel Hook","Accuracy"],"picked":"Acrobatics","floor":3},{"not_picked":["PiercingWail","Infinite Blades"],"picked":"Dagger Throw","floor":7},{"not_picked":["Catalyst","Accuracy"],"picked":"Quick Slash","floor":8},{"not_picked":["Riddle With Holes","Quick Slash"],"picked":"Backstab","floor":10},{"not_picked":["Slice","Bane"],"picked":"Backflip","floor":11},{"not_picked":["Dodge and Roll","PiercingWail"],"picked":"Glass Knife","floor":13},{"not_picked":["Venomology","A Thousand Cuts"],"picked":"Glass Knife","floor":16},{"not_picked":["Finisher","Footwork"],"picked":"Leg Sweep","floor":18},{"not_picked":["Catalyst","Skewer"],"picked":"Sucker Punch+1","floor":21},{"not_picked":["Prepared","Distraction+1","Accuracy+1"],"picked":"SKIP","floor":22},{"not_picked":["Cloak And Dagger","Dodge and Roll"],"picked":"Backstab","floor":23},{"not_picked":["Concentrate","Quick Slash","Infinite Blades"],"picked":"SKIP","floor":24},{"not_picked":["Caltrops+1","Cloak And Dagger"],"picked":"Deadly Poison","floor":25},{"not_picked":["Sucker Punch","Poisoned Stab"],"picked":"Deadly Poison+1","floor":27},{"not_picked":["Bouncing Flask","Dagger Throw"],"picked":"Escape Plan","floor":28},{"not_picked":["Cloak And Dagger","Accuracy","Slice"],"picked":"SKIP","floor":29},{"not_picked":["Acrobatics+1","Slice"],"picked":"Deadly Poison","floor":30},{"not_picked":["Riddle With Holes","Concentrate","Caltrops"],"picked":"SKIP","floor":31},{"not_picked":["Night Terror","Grand Finale"],"picked":"Doppelganger","floor":33},{"not_picked":["Finisher+1","Cloak And Dagger+1","Concentrate+1"],"picked":"SKIP","floor":35},{"not_picked":["Eviscerate","Skewer+1"],"picked":"Noxious Fumes+1","floor":36},{"not_picked":["Poisoned Stab","Acrobatics+1"],"picked":"Dagger Spray+1","floor":39},{"not_picked":["Quick Slash+1","Endless Agony"],"picked":"Dash","floor":41},{"not_picked":["Cloak And Dagger","Dagger Throw+1"],"picked":"Escape Plan+1","floor":45},{"not_picked":["Dagger Throw+1","Reflex"],"picked":"Noxious Fumes+1","floor":46},{"not_picked":["Dodge and Roll+1","Burst","Slice"],"picked":"SKIP","floor":47},{"not_picked":["Slice","Blur+1","Flying Knee"],"picked":"SKIP","floor":48},{"not_picked":["Outmaneuver","Prepared"],"picked":"PiercingWail","floor":49}],"player_experience":151993,"relics_obtained":[{"floor":7,"key":"Ginger"},{"floor":8,"key":"Mummified Hand"},{"floor":9,"key":"Dream Catcher"},{"floor":24,"key":"Kunai"},{"floor":26,"key":"Tough Bandages"},{"floor":27,"key":"Red Mask"},{"floor":28,"key":"Centennial Puzzle"},{"floor":43,"key":"Letter Opener"},{"floor":46,"key":"Mango"}],"event_choices":[{"event_name":"Shining Light","player_choice":"Entered Light","floor":2,"damage_taken":0},{"event_name":"Liars Game","player_choice":"disagreed","floor":4,"damage_taken":0},{"event_name":"Match and Keep!","player_choice":"2 cards matched","floor":5,"damage_taken":0},{"event_name":"Dead Adventurer","player_choice":"Searched \u00271\u0027 times","floor":8,"damage_taken":0},{"event_name":"Purifier","player_choice":"One Purge","floor":19,"damage_taken":0},{"event_name":"Masked Bandits","player_choice":"Fought over 84 gold","floor":27,"damage_taken":0},{"event_name":"Golden Shrine","player_choice":"Pray","floor":38,"damage_taken":0},{"event_name":"Tomb of Lord Red Mask","player_choice":"Wore Mask","floor":42,"damage_taken":0},{"event_name":"Winding Halls","player_choice":"Embrace Madness","floor":44,"damage_taken":0},{"event_name":"MindBloom","player_choice":"Fight","floor":46,"damage_taken":0}],"is_beta":false,"boss_relics":[{"not_picked":["Runic Dome","Calling Bell"],"picked":"Fusion Hammer"},{"not_picked":["Orrery","Black Star"],"picked":"Astrolabe"}],"items_purged_floors":[12,20],"is_endless":false,"potions_floor_spawned":[3,8,16,21,29,30,33,35,45,46,48],"ascension_level":1}