{"gold_per_floor":[118,393,413,483,503,503,534,534,583,594,610,610],"floor_reached":12,"playtime":457,"items_purged":[],"score":100,"play_id":"3a55a3b6-1db6-4ee8-9826-95814aa7331a","local_time":"20190703151345","is_ascension_mode":true,"campfire_choices":[{"data":"Infinite Blades","floor":6,"key":"SMITH"},{"floor":8,"key":"REST"}],"neow_cost":"NONE","seed_source_timestamp":1567694756818700,"circlet_count":0,"master_deck":["Strike_G","Strike_G","Strike_G","Strike_G","Strike_G","Defend_G","Defend_G","Defend_G","Defend_G","Defend_G","Survivor","Neutralize","Dodge and Roll","Regret","Cloak And Dagger","Infinite Blades+1","Noxious Fumes","Cloak And Dagger","Prepared"],"relics":["Ring of the Snake","NeowsBlessing","Matryoshka","Pen Nib","Shuriken","Blood Vial"],"potions_floor_usage":[7,11],"damage_taken":[{"damage":0,"enemies":"Cultist","floor":1,"turns":1},{"damage":0,"enemies":"Small Slimes","floor":3,"turns":1},{"damage":0,"enemies":"Jaw Worm","floor":5,"turns":1},{"damage":66,"enemies":"Gremlin Nob","floor":7,"turns":6},{"damage":5,"enemies":"2 Fungi Beasts","floor":10,"turns":4},{"damage":21,"enemies":"3 Louse","floor":11,"turns":3},{"damage":7,"enemies":"Lagavulin","floor":12,"turns":1}],"seed_played":"7738468418466100245","potions_obtained":[{"floor":1,"key":"SpeedPotion"},{"floor":10,"key":"GhostInAJar"}],"is_trial":false,"path_per_floor":["M","?","M","T","M","R","E","R","T","M","M","E"],"character_chosen":"THE_SILENT","items_purchased":[],"campfire_rested":1,"item_purchase_floors":[],"current_hp_per_floor":[70,70,70,70,70,70,4,25,25,22,3,0],"gold":610,"neow_bonus":"THREE_ENEMY_KILL","is_prod":false,"is_daily":false,"chose_seed":false,"campfire_upgraded":1,"win_rate":0,"timestamp":1562192025,"path_taken":["M","?","?","?","M","R","E","R","T","M","M","E"],"build_version":"2019-07-01","purchased_purges":0,"victory":false,"max_hp_per_floor":[70,70,70,70,70,70,70,70,70,70,70,70],"card_choices":[{"not_picked":["Predator","Outmaneuver"],"picked":"Dodge and Roll","floor":1},{"not_picked":["Sucker Punch","Quick Slash"],"picked":"Cloak And Dagger","floor":3},{"not_picked":["Heel Hook","Deflect"],"picked":"Infinite Blades","floor":5},{"not_picked":["Expertise","Outmaneuver"],"picked":"Noxious Fumes","floor":7},{"not_picked":["Finisher","Backflip"],"picked":"Cloak And Dagger","floor":10},{"not_picked":["Sucker Punch","Eviscerate"],"picked":"Prepared","floor":11}],"player_experience":605006,"relics_obtained":[{"floor":4,"key":"Matryoshka"},{"floor":7,"key":"Pen Nib"},{"floor":9,"key":"Shuriken"},{"floor":9,"key":"Blood Vial"}],"event_choices":[{"damage_healed":0,"gold_gain":275,"player_choice":"Desecrate","damage_taken":0,"max_hp_gain":0,"max_hp_loss":0,"event_name":"Golden Shrine","floor":2,"gold_loss":0,"cards_obtained":["Regret"]}],"is_beta":false,"boss_relics":[],"items_purged_floors":[],"is_endless":false,"potions_floor_spawned":[1,10],"killed_by":"Lagavulin","ascension_level":5}