{"gold_per_floor":[119,119,138,103,1,35,35,71,98,98,123,158,181,181,181,307,307,327,348,348,16,16,59,72,92,92,92,125,125,125,144,144,270,270,289,303,226,226,251,251,251,251,302,302,317,335,353,200,200,200],"floor_reached":50,"playtime":2979,"items_purged":["Strike_G"],"score":525,"play_id":"341d964c-5950-4a02-9d58-f32857a4d457","local_time":"20190308170100","is_ascension_mode":false,"campfire_choices":[{"data":"Poisoned Stab","floor":7.0,"key":"SMITH"},{"data":"Neutralize","floor":10.0,"key":"SMITH"},{"data":"Deadly Poison","floor":15.0,"key":"SMITH"},{"data":"Riddle With Holes","floor":29.0,"key":"SMITH"},{"floor":32.0,"key":"REST"},{"data":"Envenom","floor":40.0,"key":"SMITH"},{"data":"Noxious Fumes","floor":42.0,"key":"SMITH"},{"floor":44.0,"key":"RECALL"},{"floor":49.0,"key":"REST"}],"neow_cost":"NONE","seed_source_timestamp":0,"circlet_count":0,"master_deck":["Defend_G","Defend_G","Defend_G","Defend_G","Defend_G","Strike_G","Strike_G+1","Strike_G","Strike_G","Survivor","Neutralize+1","Dash","Caltrops","Slice","Poisoned Stab+1","Backstab","Riddle With Holes+1","Dagger Spray","Deadly Poison+1","Flying Knee","Noxious Fumes+1","Flash of Steel","Necronomicurse","Adrenaline","Flying Knee+1","Bane+1","Envenom+1","Slice","Adrenaline","Slice","Clumsy","Catalyst+1","Footwork+1"],"special_seed":0,"relics":["Ring of the Snake","NeowsBlessing","Golden Idol","Ancient Tea Set","Ginger","Snake Skull","Anchor","White Beast Statue","MutagenicStrength","Shuriken","Necronomicon","Sundial","Pear","The Specimen","Cursed Key","Whetstone"],"potions_floor_usage":[],"damage_taken":[{"damage":0.0,"enemies":"2 Louse","floor":1.0,"turns":1.0},{"damage":0.0,"enemies":"Small Slimes","floor":3.0,"turns":1.0},{"damage":0.0,"enemies":"3 Sentries","floor":6.0,"turns":2.0},{"damage":20.0,"enemies":"Gremlin Nob","floor":8.0,"turns":5.0},{"damage":0.0,"enemies":"Jaw Worm","floor":11.0,"turns":2.0},{"damage":21.0,"enemies":"Lagavulin","floor":12.0,"turns":6.0},{"damage":0.0,"enemies":"2 Fungi Beasts","floor":13.0,"turns":2.0},{"damage":36.0,"enemies":"Hexaghost","floor":16.0,"turns":8.0},{"damage":0.0,"enemies":"Chosen","floor":18.0,"turns":4.0},{"damage":2.0,"enemies":"Spheric Guardian","floor":19.0,"turns":3.0},{"damage":2.0,"enemies":"Slavers","floor":23.0,"turns":4.0},{"damage":0.0,"enemies":"Chosen and Byrds","floor":24.0,"turns":4.0},{"damage":0.0,"enemies":"Snake Plant","floor":25.0,"turns":2.0},{"damage":5.0,"enemies":"Book of Stabbing","floor":28.0,"turns":4.0},{"damage":2.0,"enemies":"3 Cultists","floor":31.0,"turns":4.0},{"damage":26.0,"enemies":"Collector","floor":33.0,"turns":6.0},{"damage":0.0,"enemies":"Orb Walker","floor":35.0,"turns":2.0},{"damage":0.0,"enemies":"3 Shapes","floor":36.0,"turns":3.0},{"damage":2.0,"enemies":"Maw","floor":39.0,"turns":5.0},{"damage":1.0,"enemies":"Spire Growth","floor":45.0,"turns":3.0},{"damage":3.0,"enemies":"Sphere and 2 Shapes","floor":46.0,"turns":4.0},{"damage":15.0,"enemies":"Writhing Mass","floor":47.0,"turns":3.0},{"damage":0,"enemies":"Awakened One","floor":50,"turns":1}],"seed_played":"7213150105484085347","potions_obtained":[{"floor":1.0,"key":"GhostInAJar"},{"floor":11.0,"key":"GhostInAJar"},{"floor":13.0,"key":"GamblersBrew"},{"floor":18.0,"key":"AttackPotion"},{"floor":19.0,"key":"AttackPotion"},{"floor":23.0,"key":"PowerPotion"},{"floor":24.0,"key":"Block Potion"},{"floor":25.0,"key":"Poison Potion"},{"floor":31.0,"key":"AttackPotion"},{"floor":33.0,"key":"Block Potion"},{"floor":35.0,"key":"Strength Potion"},{"floor":39.0,"key":"Strength Potion"},{"floor":46.0,"key":"SteroidPotion"},{"floor":47.0,"key":"Swift Potion"}],"is_trial":false,"path_per_floor":["M","?","M","?","$","E","R","E","T","R","M","E","M","?","R","B",null,"M","M","?","$","?","E","M","M","T","?","E","R","?","M","R","B",null,"M","M","$","?","M","R","?","R","T","R","M","M","M","$","R","B"],"character_chosen":"THE_SILENT","items_purchased":["Slice","Shuriken","Flash of Steel","Infinite Blades","Whetstone"],"campfire_rested":2,"item_purchase_floors":[5,21,21,37,48],"current_hp_per_floor":[70,53,53,70,70,70,70,50,50,50,50,29,29,52,52,16,70,70,68,68,68,52,50,50,50,60,60,55,55,55,53,77,51,80,80,80,80,80,78,78,80,80,80,80,79,76,61,61,80,80],"gold":200,"neow_bonus":"THREE_ENEMY_KILL","is_prod":false,"is_daily":false,"chose_seed":false,"campfire_upgraded":6,"win_rate":0,"timestamp":1552086060,"path_taken":["M","?","M","?","$","E","R","E","T","R","M","E","M","?","R","BOSS","M","M","?","$","?","E","M","M","T","?","E","R","?","M","R","BOSS","M","M","$","?","?","R","?","R","T","R","M","M","?","?","R","BOSS"],"build_version":"2019-01-23","purchased_purges":1,"victory":false,"max_hp_per_floor":[70,70,70,70,70,70,70,70,70,70,70,70,70,70,70,70,70,70,70,70,70,70,70,70,70,80,80,80,80,80,80,80,80,80,80,80,80,80,80,80,80,80,80,80,80,80,80,80,80,80],"card_choices":[{"not_picked":["Choke","Deflect"],"picked":"Dash","floor":1.0},{"not_picked":["Dagger Throw","Flying Knee"],"picked":"Caltrops","floor":3.0},{"not_picked":["Masterful Stab","Blur"],"picked":"Poisoned Stab","floor":6.0},{"not_picked":["Reflex","Riddle With Holes"],"picked":"Backstab","floor":8.0},{"not_picked":["Dodge and Roll","Choke"],"picked":"Riddle With Holes","floor":11.0},{"not_picked":["Infinite Blades","Leg Sweep"],"picked":"Dagger Spray","floor":12.0},{"not_picked":["Skewer","Predator"],"picked":"Deadly Poison","floor":13.0},{"not_picked":["Backflip","PiercingWail"],"picked":"Flying Knee","floor":18.0},{"not_picked":["Bane","Deflect"],"picked":"Noxious Fumes","floor":19.0},{"not_picked":["Dodge and Roll","Deflect","PiercingWail"],"picked":"SKIP","floor":23.0},{"not_picked":["Accuracy","Acrobatics+1"],"picked":"Adrenaline","floor":24.0},{"not_picked":["Prepared","Endless Agony"],"picked":"Flying Knee","floor":25.0},{"not_picked":["Acrobatics","After Image"],"picked":"Bane+1","floor":28.0},{"not_picked":["Dagger Throw+1","Distraction","Quick Slash"],"picked":"SKIP","floor":31.0},{"not_picked":["Die Die Die","Wraith Form v2"],"picked":"Envenom","floor":33.0},{"not_picked":["Deadly Poison","Cloak And Dagger","Underhanded Strike"],"picked":"SKIP","floor":35.0},{"not_picked":["Skewer+1","Flechettes"],"picked":"Slice","floor":36.0},{"not_picked":["Concentrate+1","Calculated Gamble"],"picked":"Slice","floor":39.0},{"not_picked":["Cloak And Dagger+1","Flying Knee"],"picked":"Catalyst+1","floor":45.0},{"not_picked":["Finisher+1","Blur+1"],"picked":"Footwork+1","floor":46.0},{"not_picked":["Dash+1","Sucker Punch","Reflex"],"picked":"SKIP","floor":47.0}],"player_experience":1140801,"relics_obtained":[{"floor":6.0,"key":"Ancient Tea Set"},{"floor":8.0,"key":"Ginger"},{"floor":9.0,"key":"Snake Skull"},{"floor":12.0,"key":"Anchor"},{"floor":22.0,"key":"Necronomicon"},{"floor":23.0,"key":"Sundial"},{"floor":26.0,"key":"Pear"},{"floor":28.0,"key":"The Specimen"}],"event_choices":[{"damage_healed":0.0,"max_hp_gain":0.0,"max_hp_loss":0.0,"gold_gain":0.0,"event_name":"Golden Idol","player_choice":"Take Damage","floor":2.0,"gold_loss":0.0,"damage_taken":17.0,"relics_obtained":["Golden Idol"]},{"damage_healed":17.0,"max_hp_gain":0.0,"max_hp_loss":0.0,"gold_gain":0.0,"event_name":"The Cleric","player_choice":"Healed","floor":4.0,"gold_loss":35.0,"damage_taken":0.0},{"damage_healed":23.0,"max_hp_gain":0.0,"max_hp_loss":0.0,"gold_gain":0.0,"event_name":"Big Fish","player_choice":"Banana","floor":14.0,"gold_loss":0.0,"damage_taken":0.0},{"damage_healed":0.0,"max_hp_gain":0.0,"max_hp_loss":0.0,"gold_gain":0.0,"event_name":"Drug Dealer","player_choice":"Inject Mutagens","floor":20.0,"gold_loss":0.0,"damage_taken":0.0,"relics_obtained":["MutagenicStrength"]},{"damage_healed":0.0,"max_hp_gain":0.0,"max_hp_loss":0.0,"gold_gain":0.0,"event_name":"Cursed Tome","player_choice":"Obtained Book","floor":22.0,"gold_loss":0.0,"damage_taken":16.0},{"damage_healed":0.0,"max_hp_gain":0.0,"max_hp_loss":0.0,"gold_gain":0.0,"event_name":"Vampires","player_choice":"Ignored","floor":27.0,"gold_loss":0.0,"damage_taken":0.0},{"damage_healed":0.0,"max_hp_gain":0.0,"max_hp_loss":0.0,"gold_gain":0.0,"event_name":"Beggar","player_choice":"Ignored","floor":30.0,"gold_loss":0.0,"damage_taken":0.0},{"damage_healed":0.0,"max_hp_gain":0.0,"max_hp_loss":0.0,"gold_gain":0.0,"event_name":"Duplicator","player_choice":"Copied","floor":38.0,"gold_loss":0.0,"damage_taken":0.0,"cards_obtained":["Adrenaline"]},{"cards_removed":["Infinite Blades"],"damage_healed":2.0,"max_hp_gain":0.0,"max_hp_loss":0.0,"gold_gain":0.0,"event_name":"Bonfire Elementals","player_choice":"Offered Uncommon","floor":41.0,"gold_loss":0.0,"damage_taken":0.0}],"is_beta":false,"boss_relics":[{"not_picked":["Philosopher\u0027s Stone","HoveringKite"],"picked":"White Beast Statue"},{"not_picked":["Snecko Eye","Fusion Hammer"],"picked":"Cursed Key"}],"items_purged_floors":[5],"is_endless":false,"potions_floor_spawned":[1,11,13,18,19,23,24,25,28,31,33,35,36,39,45,46,47],"killed_by":"Awakened One","ascension_level":0}