{"gold_per_floor":[217,131,143,41,41,75,75,104,404,429,441,441,472,622,622,697,697,708,722,740,142,154,154,173,173,197,209,201,230,4,22,22,22],"floor_reached":33,"playtime":2738,"items_purged":["Doubt"],"score":520,"play_id":"714d993d-528b-484a-b23b-76cb382b798c","local_time":"20181014164836","is_ascension_mode":true,"campfire_choices":[{"data":"Spot Weakness","floor":7.0,"key":"SMITH"},{"floor":12.0,"key":"REST"},{"floor":15.0,"key":"REST"},{"floor":23.0,"key":"REST"},{"floor":27.0,"key":"REST"},{"floor":32.0,"key":"REST"}],"neow_cost":"NONE","seed_source_timestamp":0,"circlet_count":0,"master_deck":["Strike_R","Strike_R","Strike_R","Strike_R","Strike_R","Defend_R","Defend_R","Defend_R","Defend_R","Bash","AscendersBane","Flame Barrier+1","Spot Weakness+1","Pommel Strike","Twin Strike","Heavy Blade","Twin Strike","Impervious","Feed","Cleave","Body Slam+1","Power Through","Master of Strategy","Thunderclap","Heavy Blade+1","Shrug It Off","Twin Strike+1"],"special_seed":0,"relics":["Burning Blood","WingedGreaves","Anchor","Old Coin","Mango","Unceasing Top","White Beast Statue","Matryoshka","MutagenicStrength","MawBank","Boot","Oddly Smooth Stone"],"potions_floor_usage":[33,33],"damage_taken":[{"damage":21.0,"enemies":"Jaw Worm","floor":1.0,"turns":4.0},{"damage":1.0,"enemies":"Small Slimes","floor":3.0,"turns":3.0},{"damage":15.0,"enemies":"3 Sentries","floor":6.0,"turns":10.0},{"damage":27.0,"enemies":"Lagavulin","floor":8.0,"turns":6.0},{"damage":25.0,"enemies":"3 Sentries","floor":10.0,"turns":7.0},{"damage":3.0,"enemies":"2 Louse","floor":11.0,"turns":3.0},{"damage":35.0,"enemies":"Lagavulin","floor":13.0,"turns":5.0},{"damage":37.0,"enemies":"Hexaghost","floor":16.0,"turns":9.0},{"damage":18.0,"enemies":"Spheric Guardian","floor":18.0,"turns":4.0},{"damage":0.0,"enemies":"3 Byrds","floor":19.0,"turns":5.0},{"damage":34.0,"enemies":"3 Cultists","floor":20.0,"turns":6.0},{"damage":16.0,"enemies":"Shelled Parasite and Fungi","floor":22.0,"turns":7.0},{"damage":45.0,"enemies":"Snake Plant","floor":24.0,"turns":5.0},{"damage":14.0,"enemies":"Centurion and Healer","floor":29.0,"turns":8.0},{"damage":19.0,"enemies":"3 Cultists","floor":31.0,"turns":6.0},{"damage":57,"enemies":"Champ","floor":33,"turns":11}],"seed_played":"5701704991594716331","potions_obtained":[{"floor":1.0,"key":"Weak Potion"},{"floor":6.0,"key":"LiquidBronze"},{"floor":11.0,"key":"SpeedPotion"},{"floor":13.0,"key":"EssenceOfSteel"},{"floor":18.0,"key":"SkillPotion"},{"floor":19.0,"key":"SpeedPotion"},{"floor":20.0,"key":"EssenceOfSteel"},{"floor":22.0,"key":"BloodPotion"},{"floor":24.0,"key":"LiquidBronze"}],"is_trial":false,"path_per_floor":["M","$","M","$","?","E","R","E","T","E","M","R","E","?","R","B",null,"M","M","M","$","M","R","M","?","T","R","?","M","$","M","R"],"character_chosen":"IRONCLAD","items_purchased":["Flame Barrier","Spot Weakness","Pommel Strike","Master of Strategy","Matryoshka","Oddly Smooth Stone","Shrug It Off"],"campfire_rested":5,"item_purchase_floors":[2,4,4,21,21,30,30],"current_hp_per_floor":[53,53,58,58,58,49,49,28,28,23,26,52,23,23,49,18,71,59,68,43,43,36,65,26,26,26,55,55,47,47,34,63,15],"gold":22,"neow_bonus":"HUNDRED_GOLD","is_prod":false,"is_daily":false,"chose_seed":false,"campfire_upgraded":1,"win_rate":0,"timestamp":1539553716,"path_taken":["M","$","M","$","?","E","R","E","T","E","M","R","E","?","R","BOSS","M","M","?","$","M","R","M","?","T","R","?","?","$","M","R","BOSS"],"build_version":"2018-10-11","purchased_purges":1,"victory":false,"max_hp_per_floor":[75,75,75,75,75,75,75,75,75,89,89,89,89,89,89,89,89,89,92,95,95,98,98,98,98,98,98,98,98,98,98,98,98],"card_choices":[{"not_picked":["Blood for Blood","Pummel","True Grit"],"picked":"SKIP","floor":1.0},{"not_picked":["Carnage","Warcry","Heavy Blade"],"picked":"SKIP","floor":3.0},{"not_picked":["Clothesline","Pummel","Berserk"],"picked":"SKIP","floor":6.0},{"not_picked":["Double Tap","Sword Boomerang"],"picked":"Twin Strike","floor":8.0},{"not_picked":["Perfected Strike","Cleave"],"picked":"Heavy Blade","floor":10.0},{"not_picked":["Armaments","Feel No Pain"],"picked":"Twin Strike","floor":11.0},{"not_picked":["Second Wind","Pummel"],"picked":"Impervious","floor":13.0},{"not_picked":["Dark Embrace","Exhume"],"picked":"Feed","floor":16.0},{"not_picked":["Shockwave","Reckless Charge"],"picked":"Cleave","floor":18.0},{"not_picked":["Havoc","Heavy Blade"],"picked":"Body Slam+1","floor":19.0},{"not_picked":["Rupture","Heavy Blade"],"picked":"Power Through","floor":20.0},{"not_picked":["Iron Wave","Intimidate"],"picked":"Thunderclap","floor":22.0},{"not_picked":["Anger","Dropkick","Thunderclap"],"picked":"SKIP","floor":24.0},{"not_picked":["Twin Strike","Sword Boomerang"],"picked":"Heavy Blade+1","floor":29.0},{"not_picked":["Headbutt","Bludgeon"],"picked":"Twin Strike+1","floor":31.0}],"player_experience":762408,"relics_obtained":[{"floor":6.0,"key":"WingedGreaves"},{"floor":8.0,"key":"Anchor"},{"floor":9.0,"key":"Old Coin"},{"floor":10.0,"key":"Mango"},{"floor":13.0,"key":"Unceasing Top"},{"floor":26.0,"key":"MawBank"},{"floor":26.0,"key":"Boot"}],"event_choices":[{"event_name":"Living Wall","player_choice":"Grow","floor":5.0,"damage_taken":0.0},{"event_name":"Liars Game","player_choice":"agreed","floor":14.0,"damage_taken":0.0},{"event_name":"Drug Dealer","player_choice":"Inject Mutagens","floor":25.0,"damage_taken":0.0},{"event_name":"The Woman in Blue","player_choice":"Bought 1 Potion","floor":28.0,"damage_taken":0.0}],"is_beta":false,"boss_relics":[{"not_picked":["Black Blood","Orrery"],"picked":"White Beast Statue"}],"items_purged_floors":[21],"is_endless":false,"potions_floor_spawned":[1,6,11,13,18,19,20,22,24,29,31],"killed_by":"Champ","ascension_level":16}