{"gold_per_floor":[114,128,128,146,157,184,184,200,224,224,276,296,314,68,68,68],"floor_reached":16,"playtime":1392,"items_purged":[],"score":129,"play_id":"8544d724-b0ad-4b9e-ac05-174992cbb23d","local_time":"20190702123002","is_ascension_mode":false,"campfire_choices":[{"floor":7,"key":"REST"},{"floor":10,"key":"RECALL"},{"data":"True Grit","floor":15,"key":"SMITH"}],"neow_cost":"NONE","seed_source_timestamp":10310193854918,"circlet_count":0,"master_deck":["Strike_R","Strike_R","Strike_R","Strike_R","Strike_R","Defend_R","Defend_R","Defend_R","Defend_R","Bash","Heavy Blade","Clothesline+1","Headbutt","Warcry","Thunderclap","Entrench","True Grit+1","Pommel Strike","Blind"],"relics":["Burning Blood","Self Forming Clay","Strawberry","Blood Vial"],"potions_floor_usage":[16,16],"damage_taken":[{"damage":7,"enemies":"Small Slimes","floor":1,"turns":4},{"damage":6,"enemies":"Jaw Worm","floor":2,"turns":3},{"damage":4,"enemies":"2 Louse","floor":4,"turns":4},{"damage":6,"enemies":"Blue Slaver","floor":5,"turns":4},{"damage":77,"enemies":"3 Sentries","floor":6,"turns":15},{"damage":19,"enemies":"Large Slime","floor":8,"turns":6},{"damage":5,"enemies":"Looter","floor":12,"turns":3},{"damage":1,"enemies":"Exordium Wildlife","floor":13,"turns":3},{"damage":46,"enemies":"The Guardian","floor":16,"turns":15}],"seed_played":"-687891411736843674","potions_obtained":[{"floor":4,"key":"Dexterity Potion"},{"floor":6,"key":"Swift Potion"},{"floor":8,"key":"FearPotion"}],"is_trial":false,"path_per_floor":["M","M","?","M","M","E","R","M","T","R","?","M","M","$","R","B"],"character_chosen":"IRONCLAD","items_purchased":["Blood Vial","Blind"],"campfire_rested":1,"item_purchase_floors":[14,14],"current_hp_per_floor":[87,87,87,88,88,17,43,30,37,37,37,38,43,43,43,0],"gold":68,"neow_bonus":"TEN_PERCENT_HP_BONUS","is_prod":false,"is_daily":false,"chose_seed":false,"campfire_upgraded":1,"win_rate":0,"timestamp":1562063402,"path_taken":["M","M","?","M","M","E","R","M","T","R","?","M","M","$","R","BOSS"],"build_version":"2019-07-01","purchased_purges":0,"victory":false,"max_hp_per_floor":[88,88,88,88,88,88,88,88,95,95,95,95,95,95,95,95],"card_choices":[{"not_picked":["Rupture","Sever Soul"],"picked":"Heavy Blade","floor":1},{"not_picked":["Dropkick","Carnage"],"picked":"Clothesline","floor":2},{"not_picked":["Clothesline","Rupture"],"picked":"Headbutt","floor":4},{"not_picked":["Iron Wave","Infernal Blade"],"picked":"Warcry","floor":5},{"not_picked":["Sword Boomerang","Second Wind"],"picked":"Thunderclap","floor":6},{"not_picked":["Heavy Blade","Sword Boomerang"],"picked":"Entrench","floor":8},{"not_picked":["Disarm","Corruption"],"picked":"True Grit","floor":12},{"not_picked":["Second Wind","Dark Embrace"],"picked":"Pommel Strike","floor":13}],"player_experience":135429,"relics_obtained":[{"floor":6,"key":"Self Forming Clay"},{"floor":9,"key":"Strawberry"}],"event_choices":[{"damage_healed":0,"gold_gain":0,"player_choice":"Grow","damage_taken":0,"max_hp_gain":0,"max_hp_loss":0,"event_name":"Living Wall","floor":3,"gold_loss":0,"cards_upgraded":["Clothesline"]},{"damage_healed":0,"gold_gain":52,"player_choice":"Gained Gold","damage_taken":0,"max_hp_gain":0,"max_hp_loss":0,"event_name":"Golden Wing","floor":11,"gold_loss":0}],"is_beta":false,"boss_relics":[],"items_purged_floors":[],"is_endless":false,"potions_floor_spawned":[4,6,8],"killed_by":"The Guardian","ascension_level":0}