{"gold_per_floor":[214,169,182,200,200,200,225,225,248,248,260,292,292,272,272,272],"floor_reached":16,"playtime":1224,"items_purged":[],"score":151,"play_id":"1db95974-6dab-4c7e-8cb9-e43940c48c11","local_time":"20181022080902","is_ascension_mode":true,"campfire_choices":[{"data":"Dagger Spray","floor":6,"key":"SMITH"},{"floor":8,"key":"REST"},{"data":"Finisher","floor":10,"key":"SMITH"},{"data":"Burst","floor":13,"key":"SMITH"},{"data":"Sucker Punch","floor":15,"key":"SMITH"}],"neow_cost":"NONE","seed_source_timestamp":0,"circlet_count":0,"master_deck":["Defend_G","Defend_G","Defend_G","Defend_G","Defend_G","Strike_G","Strike_G","Strike_G","Strike_G","Strike_G","Survivor","Neutralize","Finisher+1","Dagger Spray+1","Backstab","Adrenaline","Sucker Punch+1","Burst+1"],"special_seed":0,"relics":["Ring of the Snake","Bag of Preparation","Blood Vial","Juzu Bracelet"],"potions_floor_usage":[12],"damage_taken":[{"damage":1.0,"enemies":"Cultist","floor":1.0,"turns":5.0},{"damage":0.0,"enemies":"Small Slimes","floor":3.0,"turns":2.0},{"damage":1.0,"enemies":"Jaw Worm","floor":4.0,"turns":3.0},{"damage":32,"enemies":"Lagavulin","floor":7,"turns":7},{"damage":0,"enemies":"Lots of Slimes","floor":11,"turns":1},{"damage":10,"enemies":"3 Sentries","floor":12,"turns":6},{"damage":59,"enemies":"Slime Boss","floor":16,"turns":10}],"seed_played":"-4511846962521217202","potions_obtained":[{"floor":1.0,"key":"Regen Potion"},{"floor":14,"key":"GhostInAJar"}],"is_trial":false,"path_per_floor":["M","$","M","M","?","R","E","R","T","R","M","E","R","?","R"],"character_chosen":"THE_SILENT","items_purchased":["Dagger Spray"],"campfire_rested":1,"item_purchase_floors":[2],"current_hp_per_floor":[62,62,62,61,61,61,29,50,50,50,52,58,58,58,58,1],"gold":272,"neow_bonus":"HUNDRED_GOLD","is_prod":false,"is_daily":false,"chose_seed":false,"campfire_upgraded":4,"win_rate":0,"timestamp":1540213742,"path_taken":["M","$","M","?","?","R","E","R","T","R","M","E","R","?","R","BOSS"],"build_version":"2018-10-18","purchased_purges":0,"victory":false,"max_hp_per_floor":[70,70,70,70,70,70,70,70,70,70,70,70,70,70,70,70],"card_choices":[{"not_picked":["PiercingWail","Crippling Poison"],"picked":"Finisher","floor":1.0},{"not_picked":["Sucker Punch","Dagger Throw"],"picked":"Backstab","floor":3.0},{"not_picked":["Eviscerate","Flying Knee","Prepared"],"picked":"SKIP","floor":4.0},{"not_picked":["Deflect","PiercingWail"],"picked":"Adrenaline","floor":7},{"not_picked":["Concentrate","Flying Knee"],"picked":"Sucker Punch","floor":11},{"not_picked":["Masterful Stab","Heel Hook"],"picked":"Burst","floor":12}],"player_experience":827163,"relics_obtained":[{"floor":7,"key":"Bag of Preparation"},{"floor":9,"key":"Blood Vial"},{"floor":12,"key":"Juzu Bracelet"}],"event_choices":[{"damage_healed":0,"gold_gain":0,"player_choice":"Leave","damage_taken":0,"max_hp_gain":0,"max_hp_loss":0,"event_name":"FaceTrader","floor":5,"gold_loss":0},{"damage_healed":0,"gold_gain":0,"player_choice":"Bought 1 Potion","damage_taken":0,"max_hp_gain":0,"max_hp_loss":0,"event_name":"The Woman in Blue","floor":14,"gold_loss":0}],"is_beta":false,"boss_relics":[],"items_purged_floors":[],"is_endless":false,"potions_floor_spawned":[1],"killed_by":"Slime Boss","ascension_level":8}