{"gold_per_floor":[115,132,132,61,130,130,150,162,162,189,209,224,253,223,223,322,322,338,288,299,319,161,161,190,190,216,236,250,250,165,115,115,217,217,234,246,246,265,283,283,303,303,384,402,402,431,34,53,53,53],"floor_reached":51,"playtime":4685,"items_purged":["Strike_R","Strike_R","Strike_R","Strike_R"],"score":976,"play_id":"5a4925d1-ddbf-4773-b1dd-bc33b3ce5879","local_time":"20190702120029","is_ascension_mode":true,"campfire_choices":[{"data":"Bash","floor":6.0,"key":"SMITH"},{"floor":15.0,"key":"REST"},{"floor":23.0,"key":"DIG"},{"floor":25.0,"key":"REST"},{"floor":29.0,"key":"REST"},{"floor":32.0,"key":"REST"},{"floor":40.0,"key":"REST"},{"floor":45.0,"key":"REST"},{"floor":49.0,"key":"REST"}],"neow_cost":"NONE","seed_source_timestamp":10401257785854,"circlet_count":0,"master_deck":["Strike_R","Defend_R","Defend_R","Defend_R","Defend_R","Bash+1","Double Tap","Shrug It Off","Combust","Flame Barrier","Brutality","Clothesline","Metallicize","Flame Barrier","Bludgeon","Metallicize","Shockwave","Ghostly Armor","Spot Weakness","Feed","Demon Form","Corruption","Sword Boomerang+1","True Grit+1","Flame Barrier","Shrug It Off+1","Reaper+1"],"special_seed":0,"relics":["Burning Blood","Singing Bowl","Shovel","Smiling Mask","Paper Frog","Sozu","Dead Branch","StoneCalendar","Bag of Marbles","Molten Egg 2","Mark of Pain","Letter Opener","TheAbacus"],"potions_floor_usage":[],"damage_taken":[{"damage":1.0,"enemies":"Cultist","floor":1.0,"turns":4.0},{"damage":0.0,"enemies":"Small Slimes","floor":2.0,"turns":3.0},{"damage":0.0,"enemies":"Jaw Worm","floor":7.0,"turns":3.0},{"damage":10.0,"enemies":"Red Slaver","floor":8.0,"turns":6.0},{"damage":30.0,"enemies":"Lagavulin","floor":10.0,"turns":9.0},{"damage":12.0,"enemies":"Gremlin Gang","floor":11.0,"turns":3.0},{"damage":6.0,"enemies":"Looter","floor":12.0,"turns":3.0},{"damage":28.0,"enemies":"Gremlin Nob","floor":13.0,"turns":4.0},{"damage":60.0,"enemies":"The Guardian","floor":16.0,"turns":16.0},{"damage":2.0,"enemies":"Chosen","floor":18.0,"turns":5.0},{"damage":17.0,"enemies":"2 Thieves","floor":20.0,"turns":5.0},{"damage":18.0,"enemies":"Snake Plant","floor":21.0,"turns":5.0},{"damage":34.0,"enemies":"Book of Stabbing","floor":24.0,"turns":8.0},{"damage":27.0,"enemies":"Sentry and Sphere","floor":27.0,"turns":6.0},{"damage":17.0,"enemies":"3 Cultists","floor":28.0,"turns":5.0},{"damage":37.0,"enemies":"Champ","floor":33.0,"turns":9.0},{"damage":6.0,"enemies":"Orb Walker","floor":35.0,"turns":3.0},{"damage":19.0,"enemies":"3 Darklings","floor":36.0,"turns":4.0},{"damage":49.0,"enemies":"Transient","floor":38.0,"turns":5.0},{"damage":0.0,"enemies":"Jaw Worm Horde","floor":39.0,"turns":4.0},{"damage":28.0,"enemies":"3 Darklings","floor":41.0,"turns":3.0},{"damage":10.0,"enemies":"Spire Growth","floor":44.0,"turns":3.0},{"damage":65.0,"enemies":"Reptomancer","floor":46.0,"turns":5.0},{"damage":12.0,"enemies":"Writhing Mass","floor":48.0,"turns":3.0},{"damage":45,"enemies":"Time Eater","floor":50,"turns":10}],"seed_played":"-6677633646725682520","potions_obtained":[{"floor":2.0,"key":"EntropicBrew"},{"floor":8.0,"key":"EssenceOfSteel"},{"floor":12.0,"key":"AttackPotion"},{"floor":14.0,"key":"Poison Potion"},{"floor":14.0,"key":"SpeedPotion"},{"floor":16.0,"key":"Energy Potion"}],"is_trial":false,"path_per_floor":["M","M","?","$","T","R","M","M","T","E","M","M","E","?","R","B",null,"M","$","M","M","$","R","E","R","T","M","M","R","?","$","R","B",null,"M","M","?","M","M","R","M","?","T","M","R","E","$","M","R","B",null],"character_chosen":"IRONCLAD","items_purchased":["Flame Barrier","Ghostly Armor","Spot Weakness","Reaper+1","TheAbacus"],"campfire_rested":7,"item_purchase_floors":[4,22,22,47,47],"current_hp_per_floor":[77,80,72,72,72,72,78,74,74,50,46,48,26,26,51,18,68,72,72,63,51,51,51,25,51,51,30,21,48,48,48,75,47,82,85,72,74,33,42,72,50,50,50,51,83,27,27,23,56,25],"gold":53,"neow_bonus":"ONE_RANDOM_RARE_CARD","is_prod":false,"is_daily":false,"chose_seed":false,"campfire_upgraded":1,"win_rate":0,"timestamp":1562061629,"path_taken":["M","?","?","$","?","R","M","M","T","E","M","M","E","?","R","BOSS","M","?","M","?","$","R","E","R","T","M","M","R","?","$","R","BOSS","M","M","?","M","M","R","M","?","T","M","R","E","$","M","R","BOSS"],"build_version":"2019-07-01","purchased_purges":4,"victory":true,"max_hp_per_floor":[80,80,80,80,80,80,80,80,80,80,82,84,84,84,84,84,84,84,84,86,86,86,86,88,88,88,88,90,90,90,90,90,93,93,96,96,98,100,103,103,103,103,103,108,108,111,111,113,113,113],"card_choices":[{"not_picked":["Cleave","Sword Boomerang"],"picked":"Shrug It Off","floor":1.0},{"not_picked":["Clash","Armaments"],"picked":"Combust","floor":2.0},{"not_picked":["Thunderclap","Blood for Blood"],"picked":"Brutality","floor":7.0},{"not_picked":["Warcry","Cleave"],"picked":"Clothesline","floor":8.0},{"not_picked":["Cleave","Body Slam"],"picked":"Metallicize","floor":10.0},{"not_picked":["Heavy Blade","Pommel Strike","Flex"],"picked":"Singing Bowl","floor":11.0},{"not_picked":["Havoc","Twin Strike","Thunderclap"],"picked":"Singing Bowl","floor":12.0},{"not_picked":["Clash","Double Tap"],"picked":"Flame Barrier","floor":13.0},{"not_picked":["Barricade","Impervious"],"picked":"Bludgeon","floor":16.0},{"not_picked":["Anger","Searing Blow+1"],"picked":"Metallicize","floor":18.0},{"not_picked":["Twin Strike+1","Perfected Strike","Armaments+1"],"picked":"Singing Bowl","floor":20.0},{"not_picked":["Twin Strike","Warcry"],"picked":"Shockwave","floor":21.0},{"not_picked":["Pummel","Headbutt","Flex+1"],"picked":"Singing Bowl","floor":24.0},{"not_picked":["Rage","Clothesline+1"],"picked":"Feed","floor":27.0},{"not_picked":["Searing Blow","Perfected Strike","Power Through"],"picked":"Singing Bowl","floor":28.0},{"not_picked":["Exhume","Feed+1"],"picked":"Demon Form","floor":33.0},{"not_picked":["Havoc","Pommel Strike+1"],"picked":"Corruption","floor":35.0},{"not_picked":["Wild Strike+1","Perfected Strike+1"],"picked":"Sword Boomerang+1","floor":36.0},{"not_picked":["Blind","Good Instincts","Purity"],"picked":"Singing Bowl","floor":37.0},{"not_picked":["Sword Boomerang+1","Flex","Metallicize"],"picked":"Singing Bowl","floor":38.0},{"not_picked":["Dropkick+1","Metallicize"],"picked":"True Grit+1","floor":39.0},{"not_picked":["Berserk","Infernal Blade"],"picked":"Flame Barrier","floor":41.0},{"not_picked":["Sword Boomerang+1","Clothesline+1","Metallicize"],"picked":"Singing Bowl","floor":44.0},{"not_picked":["Heavy Blade+1","Headbutt+1"],"picked":"Shrug It Off+1","floor":46.0},{"not_picked":["Heavy Blade+1","Anger+1","Hemokinesis+1"],"picked":"Singing Bowl","floor":48.0}],"player_experience":392917,"relics_obtained":[{"floor":5.0,"key":"Singing Bowl"},{"floor":9.0,"key":"Shovel"},{"floor":10.0,"key":"Smiling Mask"},{"floor":13.0,"key":"Paper Frog"},{"floor":23.0,"key":"Dead Branch"},{"floor":24.0,"key":"StoneCalendar"},{"floor":26.0,"key":"Bag of Marbles"},{"floor":46.0,"key":"Letter Opener"}],"event_choices":[{"damage_healed":0.0,"max_hp_gain":0.0,"max_hp_loss":0.0,"gold_gain":0.0,"event_name":"Wheel of Change","player_choice":"Damaged","floor":3.0,"gold_loss":0.0,"damage_taken":8.0},{"damage_healed":0.0,"max_hp_gain":0.0,"max_hp_loss":0.0,"gold_gain":0.0,"event_name":"The Woman in Blue","player_choice":"Bought 2 Potions","floor":14.0,"gold_loss":0.0,"damage_taken":0.0},{"damage_healed":0.0,"max_hp_gain":0.0,"max_hp_loss":0.0,"gold_gain":0.0,"event_name":"Addict","player_choice":"Obtained Relic","floor":30.0,"gold_loss":85.0,"damage_taken":0.0,"relics_obtained":["Molten Egg 2"]},{"damage_healed":0.0,"max_hp_gain":0.0,"max_hp_loss":0.0,"gold_gain":0.0,"event_name":"SensoryStone","player_choice":"Memory 1","floor":37.0,"gold_loss":0.0,"damage_taken":0.0},{"damage_healed":0.0,"max_hp_gain":0.0,"max_hp_loss":0.0,"gold_gain":0.0,"event_name":"Tomb of Lord Red Mask","player_choice":"Ignored","floor":42.0,"gold_loss":0.0,"damage_taken":0.0}],"is_beta":false,"boss_relics":[{"not_picked":["Runic Cube","Coffee Dripper"],"picked":"Sozu"},{"not_picked":["Runic Dome","Black Star"],"picked":"Mark of Pain"}],"items_purged_floors":[19,22,31,47],"is_endless":false,"potions_floor_spawned":[2,8,12,16,21,39,41,44,46,48],"ascension_level":7}