{"gold_per_floor":[17,17,17,35,48,48,78,90,90,102,102,112,112,37,37,37],"floor_reached":16,"playtime":764,"items_purged":["Strike_R"],"score":102,"play_id":"43ad3048-098f-4c1d-808f-f3a31fa81bb0","local_time":"20190201143326","is_ascension_mode":false,"campfire_choices":[{"floor":6,"key":"DIG"},{"floor":11,"key":"DIG"},{"floor":13,"key":"DIG"},{"floor":15,"key":"REST"}],"neow_cost":"NO_GOLD","seed_source_timestamp":1902553670251602,"circlet_count":0,"master_deck":["Strike_R","Strike_R","Strike_R","Defend_R","Defend_R","Defend_R","Bash","Cleave","Thunderclap","Anger","Wild Strike","Iron Wave","Iron Wave","Cleave"],"relics":["Burning Blood","Shovel","Turnip","Lantern","Frozen Egg 2","Mummified Hand","Darkstone Periapt"],"potions_floor_usage":[8],"damage_taken":[{"damage":6,"enemies":"Cultist","floor":1,"turns":4},{"damage":0,"enemies":"2 Louse","floor":4,"turns":1},{"damage":3,"enemies":"Small Slimes","floor":5,"turns":2},{"damage":40,"enemies":"Lagavulin","floor":7,"turns":5},{"damage":10,"enemies":"Exordium Thugs","floor":8,"turns":3},{"damage":10,"enemies":"Looter","floor":10,"turns":3},{"damage":0,"enemies":"Red Slaver","floor":12,"turns":3},{"damage":68,"enemies":"Hexaghost","floor":16,"turns":9}],"seed_played":"-4222066223596260199","potions_obtained":[{"floor":7,"key":"EssenceOfSteel"},{"floor":10,"key":"SpeedPotion"},{"floor":12,"key":"BloodPotion"}],"is_trial":false,"path_per_floor":["M","T","?","M","M","R","E","M","T","M","R","M","R","$","R","B"],"character_chosen":"IRONCLAD","items_purchased":[],"campfire_rested":1,"item_purchase_floors":[],"current_hp_per_floor":[80,80,80,80,80,80,46,42,42,38,38,44,44,44,68,0],"gold":37,"neow_bonus":"REMOVE_TWO","is_prod":false,"is_daily":false,"chose_seed":false,"campfire_upgraded":0,"win_rate":0,"timestamp":1549053206,"path_taken":["M","?","?","M","M","R","E","?","T","?","R","M","R","?","R","BOSS"],"build_version":"2019-01-23","purchased_purges":1,"victory":false,"max_hp_per_floor":[80,80,80,80,80,80,80,80,80,80,80,80,80,80,80,80],"card_choices":[{"not_picked":["Clothesline","Wild Strike"],"picked":"Cleave","floor":1},{"not_picked":["Flex","Warcry"],"picked":"Anger","floor":4},{"not_picked":["Burning Pact","Reckless Charge"],"picked":"Wild Strike","floor":5},{"not_picked":["Second Wind","Wild Strike"],"picked":"Iron Wave","floor":7},{"not_picked":["Sword Boomerang","Body Slam"],"picked":"Iron Wave","floor":8},{"not_picked":["Feel No Pain+1","Clash"],"picked":"Cleave","floor":10},{"not_picked":["Body Slam","Feel No Pain+1","Hemokinesis"],"picked":"SKIP","floor":12}],"player_experience":1110794,"relics_obtained":[{"floor":2,"key":"Shovel"},{"floor":6,"key":"Turnip"},{"floor":7,"key":"Lantern"},{"floor":9,"key":"Frozen Egg 2"},{"floor":11,"key":"Mummified Hand"},{"floor":13,"key":"Darkstone Periapt"}],"event_choices":[{"damage_healed":0,"gold_gain":0,"player_choice":"1 cards matched","damage_taken":0,"max_hp_gain":0,"max_hp_loss":0,"event_name":"Match and Keep!","floor":3,"gold_loss":0,"cards_obtained":["Thunderclap"]}],"is_beta":false,"boss_relics":[],"items_purged_floors":[14],"is_endless":false,"potions_floor_spawned":[7,10,12],"killed_by":"Hexaghost","ascension_level":0}