{"gold_per_floor":[110,110,121,133,146,146,177,177,177,212,94,94,106,38,38,134,134,147,147,157,172,172],"floor_reached":22,"playtime":2674,"items_purged":[],"score":344,"play_id":"3698ce80-f66c-4152-b97e-f1a9ce5c61be","local_time":"20181109123814","is_ascension_mode":true,"campfire_choices":[{"data":"Zap","floor":6,"key":"SMITH"},{"data":"Consume","floor":8,"key":"SMITH"},{"floor":12,"key":"REST"},{"floor":15,"key":"REST"}],"neow_cost":"NONE","seed_source_timestamp":276954252291570,"circlet_count":0,"master_deck":["Strike_B","Strike_B","Strike_B","Strike_B","Defend_B","Defend_B","Defend_B","Zap+1","Dualcast","Leap","Glacier","Sweeping Beam","Chill","Consume+1","FTL","Ball Lightning","Loop+1","Cold Snap","Defragment+1","Creative AI+1","Steam","Doom and Gloom","Leap+1"],"relics":["Cracked Core","Art of War","Ancient Tea Set","Frozen Egg 2"],"potions_floor_usage":[5,18,22],"damage_taken":[{"damage":0,"enemies":"Cultist","floor":1,"turns":4},{"damage":0,"enemies":"2 Louse","floor":3,"turns":3},{"damage":3,"enemies":"Jaw Worm","floor":4,"turns":3},{"damage":6,"enemies":"Lots of Slimes","floor":5,"turns":4},{"damage":6,"enemies":"3 Sentries","floor":7,"turns":9},{"damage":40,"enemies":"Gremlin Nob","floor":10,"turns":7},{"damage":0,"enemies":"Blue Slaver","floor":13,"turns":2},{"damage":0,"enemies":"Slime Boss","floor":16,"turns":6},{"damage":1,"enemies":"Chosen","floor":18,"turns":6},{"damage":4,"enemies":"Spheric Guardian","floor":20,"turns":4},{"damage":41,"enemies":"Snecko","floor":21,"turns":5},{"damage":0,"enemies":"Sentry and Sphere","floor":22,"turns":2}],"seed_played":"-3910040613536542014","potions_obtained":[{"floor":1,"key":"Fire Potion"},{"floor":3,"key":"GamblersBrew"},{"floor":10,"key":"Dexterity Potion"},{"floor":20,"key":"FearPotion"},{"floor":21,"key":"PowerPotion"}],"is_trial":false,"path_per_floor":["M","?","M","M","M","R","E","R","T","E","$","R","M","$","R","B",null,"M","?","M","M","M"],"character_chosen":"DEFECT","items_purchased":["Ball Lightning","Loop+1","Defragment+1"],"campfire_rested":2,"item_purchase_floors":[11,11,14],"current_hp_per_floor":[75,75,75,72,66,66,60,60,60,20,20,44,44,44,68,68,79,78,70,66,25,25],"gold":172,"neow_bonus":"TEN_PERCENT_HP_BONUS","is_prod":false,"is_daily":false,"chose_seed":false,"campfire_upgraded":2,"win_rate":0,"timestamp":1541788694,"path_taken":["M","?","M","?","M","R","E","R","T","E","$","R","M","$","R","BOSS","M","?","M","?","M"],"build_version":"2018-11-08","purchased_purges":0,"victory":false,"max_hp_per_floor":[82,82,82,82,82,82,82,82,82,82,82,82,82,82,82,82,82,82,82,82,82,82],"card_choices":[{"not_picked":["Force Field","Hello World"],"picked":"Leap","floor":1},{"not_picked":["Hello World","Scrape"],"picked":"Glacier","floor":3},{"not_picked":["Turbo","Barrage"],"picked":"Sweeping Beam","floor":4},{"not_picked":["Conserve Battery","Barrage"],"picked":"Chill","floor":5},{"not_picked":["Melter","Multi-Cast"],"picked":"Consume","floor":7},{"not_picked":["Turbo","Storm"],"picked":"FTL","floor":10},{"not_picked":["BootSequence","Beam Cell"],"picked":"Cold Snap","floor":13},{"not_picked":["Fission","Multi-Cast"],"picked":"Creative AI+1","floor":16},{"not_picked":["Streamline","Leap"],"picked":"Steam","floor":18},{"not_picked":["Sweeping Beam","Conserve Battery+1"],"picked":"Doom and Gloom","floor":20},{"not_picked":["Rebound+1","Compile Driver"],"picked":"Leap+1","floor":21}],"player_experience":966731,"relics_obtained":[{"floor":7,"key":"Art of War"},{"floor":9,"key":"Ancient Tea Set"},{"floor":10,"key":"Frozen Egg 2"}],"event_choices":[{"cards_removed":["Defend_B"],"damage_healed":0,"gold_gain":0,"player_choice":"Offered Basic","damage_taken":0,"max_hp_gain":0,"max_hp_loss":0,"event_name":"Bonfire Elementals","floor":2,"gold_loss":0},{"damage_healed":0,"gold_gain":0,"player_choice":"Damaged","damage_taken":8,"max_hp_gain":0,"max_hp_loss":0,"event_name":"Wheel of Change","floor":19,"gold_loss":0}],"is_beta":false,"boss_relics":[{"not_picked":["Runic Dome","FrozenCore","Philosopher\u0027s Stone"]}],"items_purged_floors":[],"is_endless":false,"potions_floor_spawned":[1,3,10,20,21],"killed_by":"Sentry and Sphere","ascension_level":8}