{"gold_per_floor":[109,109,186,31,44,76,76,96,123,123,143,143,153,181,181,276,276,295,295,20,20,34,62,62,62,85,118,118,134,145,159,159,159],"floor_reached":33,"playtime":2450,"items_purged":["Strike_G"],"score":366,"play_id":"ba6c8c4e-8e51-417d-9694-4469366d2143","local_time":"20190630115522","is_ascension_mode":true,"campfire_choices":[{"floor":7,"key":"REST"},{"floor":10,"key":"REST"},{"floor":12,"key":"RECALL"},{"floor":15,"key":"REST"},{"floor":24,"key":"REST"},{"floor":28,"key":"REST"},{"floor":32,"key":"REST"}],"neow_cost":"NONE","seed_source_timestamp":1294588842219900,"circlet_count":0,"master_deck":["Defend_G+1","Defend_G+1","Defend_G+1","Defend_G+1","Defend_G+1","Strike_G+1","Strike_G+1","Strike_G+1","Survivor","Neutralize","All Out Attack","Noxious Fumes","Crippling Poison","Bane","Footwork","Sucker Punch","Dagger Spray","Night Terror","Deflect","Adrenaline","Poisoned Stab","Backflip","Shame","Writhe","Catalyst+1","Bane"],"relics":["Orrery","Lantern","Meat on the Bone","Odd Mushroom","Dodecahedron","Cursed Key","TwistedFunnel","Darkstone Periapt","Toxic Egg 2","Juzu Bracelet","Regal Pillow"],"potions_floor_usage":[6,14,14,23,27,33,33,33],"damage_taken":[{"damage":5,"enemies":"Jaw Worm","floor":1,"turns":5},{"damage":0,"enemies":"Small Slimes","floor":5,"turns":3},{"damage":22,"enemies":"3 Sentries","floor":6,"turns":4},{"damage":15,"enemies":"The Mushroom Lair","floor":8,"turns":4},{"damage":0,"enemies":"2 Louse","floor":11,"turns":2},{"damage":1,"enemies":"Looter","floor":13,"turns":4},{"damage":30,"enemies":"Gremlin Nob","floor":14,"turns":5},{"damage":18,"enemies":"The Guardian","floor":16,"turns":12},{"damage":14,"enemies":"Chosen","floor":18,"turns":6},{"damage":8,"enemies":"Shell Parasite","floor":22,"turns":5},{"damage":23,"enemies":"Book of Stabbing","floor":23,"turns":6},{"damage":36,"enemies":"Slavers","floor":27,"turns":8},{"damage":13,"enemies":"Centurion and Healer","floor":29,"turns":6},{"damage":24,"enemies":"Snake Plant","floor":30,"turns":5},{"damage":0,"enemies":"Cultist and Chosen","floor":31,"turns":5},{"damage":84,"enemies":"Collector","floor":33,"turns":7}],"seed_played":"5862025807662293460","potions_obtained":[{"floor":1,"key":"AttackPotion"},{"floor":5,"key":"SpeedPotion"},{"floor":8,"key":"Strength Potion"},{"floor":16,"key":"SteroidPotion"},{"floor":18,"key":"Explosive Potion"},{"floor":22,"key":"Strength Potion"},{"floor":30,"key":"PowerPotion"},{"floor":31,"key":"Strength Potion"}],"is_trial":false,"path_per_floor":["M","?","?","$","M","E","R","?","T","R","M","R","M","E","R","B",null,"M","?","$","?","M","E","R","?","T","E","R","M","M","M","R","B"],"character_chosen":"THE_SILENT","items_purchased":["Lantern","TwistedFunnel"],"campfire_rested":6,"item_purchase_floors":[4,20],"current_hp_per_floor":[65,65,65,65,65,43,64,49,49,70,70,70,69,39,60,42,63,49,70,70,70,62,39,60,66,72,48,82,69,45,45,82,0],"gold":159,"neow_bonus":"BOSS_RELIC","is_prod":false,"is_daily":false,"chose_seed":false,"campfire_upgraded":0,"win_rate":0,"timestamp":1561920922,"path_taken":["M","?","?","$","M","E","R","?","T","R","M","R","M","E","R","BOSS","M","?","$","?","M","E","R","?","T","E","R","M","M","M","R","BOSS"],"build_version":"2019-01-23","purchased_purges":1,"victory":false,"max_hp_per_floor":[70,70,70,70,70,70,70,70,70,70,70,70,70,70,70,70,70,70,70,70,70,70,70,70,76,82,82,82,82,82,82,82,82],"card_choices":[{"not_picked":["Concentrate","Dash"],"picked":"All Out Attack","floor":0},{"not_picked":["Deadly Poison","Cloak And Dagger"],"picked":"Noxious Fumes","floor":0},{"not_picked":["Sucker Punch","Bouncing Flask"],"picked":"Crippling Poison","floor":0},{"not_picked":["Masterful Stab","Tactician"],"picked":"Bane","floor":0},{"not_picked":["Dagger Throw","Blur"],"picked":"Footwork","floor":1},{"not_picked":["All Out Attack","Dagger Throw"],"picked":"Dagger Spray","floor":5},{"not_picked":["Infinite Blades","Blade Dance"],"picked":"Night Terror","floor":6},{"not_picked":["Finisher","Masterful Stab","Distraction"],"picked":"SKIP","floor":11},{"not_picked":["Dagger Spray","Flying Knee","Quick Slash"],"picked":"SKIP","floor":13},{"not_picked":["Sucker Punch","Underhanded Strike"],"picked":"Deflect","floor":14},{"not_picked":["Unload","Wraith Form v2"],"picked":"Adrenaline","floor":16},{"not_picked":["Cloak And Dagger","Masterful Stab","Dagger Throw"],"picked":"SKIP","floor":18},{"not_picked":["Backflip+1","Tactician"],"picked":"Poisoned Stab","floor":22},{"not_picked":["Infinite Blades","Underhanded Strike"],"picked":"Backflip","floor":23},{"not_picked":["Wraith Form v2","Backflip+1","Dodge and Roll+1"],"picked":"SKIP","floor":27},{"not_picked":["Quick Slash","Slice","Skewer"],"picked":"SKIP","floor":29},{"not_picked":["Outmaneuver+1","Eviscerate"],"picked":"Catalyst+1","floor":30},{"not_picked":["Eviscerate+1","Masterful Stab"],"picked":"Bane","floor":31}],"player_experience":581555,"relics_obtained":[{"floor":6,"key":"Meat on the Bone"},{"floor":8,"key":"Odd Mushroom"},{"floor":14,"key":"Dodecahedron"},{"floor":23,"key":"Darkstone Periapt"},{"floor":26,"key":"Juzu Bracelet"},{"floor":27,"key":"Regal Pillow"}],"event_choices":[{"damage_healed":0,"gold_gain":0,"cards_transformed":["Strike_G"],"player_choice":"Change","damage_taken":0,"max_hp_gain":0,"max_hp_loss":0,"event_name":"Living Wall","floor":2,"gold_loss":0,"cards_obtained":["Sucker Punch"]},{"damage_healed":0,"gold_gain":77,"player_choice":"Gained Gold","damage_taken":0,"max_hp_gain":0,"max_hp_loss":0,"event_name":"Golden Wing","floor":3,"gold_loss":0},{"damage_healed":0,"gold_gain":0,"player_choice":"Fought Mushrooms","damage_taken":0,"max_hp_gain":0,"max_hp_loss":0,"event_name":"Mushrooms","floor":8,"gold_loss":0},{"damage_healed":23,"gold_gain":0,"player_choice":"Heal","damage_taken":0,"max_hp_gain":0,"max_hp_loss":0,"event_name":"The Library","floor":19,"gold_loss":0},{"damage_healed":0,"gold_gain":0,"player_choice":"Simplicity","damage_taken":0,"max_hp_gain":0,"max_hp_loss":0,"event_name":"Back to Basics","floor":21,"gold_loss":0,"cards_upgraded":["Defend_G","Defend_G","Defend_G","Defend_G","Defend_G","Strike_G","Strike_G","Strike_G"]},{"damage_healed":0,"gold_gain":0,"player_choice":"Stole Relic","damage_taken":0,"relics_obtained":["Toxic Egg 2"],"max_hp_gain":0,"max_hp_loss":0,"event_name":"Addict","floor":25,"gold_loss":0,"cards_obtained":["Shame"]}],"is_beta":false,"boss_relics":[{"not_picked":["Runic Dome","HoveringKite"],"picked":"Cursed Key"}],"items_purged_floors":[20],"is_endless":false,"potions_floor_spawned":[1,5,8,16,18,22,30,31],"killed_by":"Collector","ascension_level":5}