{"gold_per_floor":[117,42,42,42,62,92,92,110,110,110,130,130,160,170,170,269,269,286,286,286,296,344,374,386,414,426,438,400,400],"floor_reached":29,"playtime":2171,"items_purged":["Strike_R","Entrench"],"score":264,"play_id":"61f3e8cd-76c7-4cdb-896f-a88acb9091c0","local_time":"20190509085136","is_ascension_mode":true,"campfire_choices":[{"data":"Flame Barrier","floor":7.0,"key":"SMITH"},{"data":"Shrug It Off","floor":10.0,"key":"SMITH"},{"data":"Bash","floor":12.0,"key":"SMITH"},{"floor":15,"key":"REST"},{"data":"Bloodletting","floor":24,"key":"SMITH"}],"neow_cost":"PERCENT_DAMAGE","seed_source_timestamp":117940491220068,"circlet_count":0,"master_deck":["Bash+1","Sever Soul","Thunderclap","Flame Barrier+1","Shrug It Off+1","Body Slam","Warcry","Searing Blow","Wild Strike","Dual Wield","Rage","Bloodletting+1","Seeing Red"],"special_seed":0,"relics":["Burning Blood","CultistMask","Champion Belt","Ginger","Lantern","Pandora\u0027s Box","Unceasing Top","Smiling Mask","MawBank","Kunai"],"potions_floor_usage":[13,25,25],"damage_taken":[{"damage":1.0,"enemies":"Cultist","floor":1.0,"turns":3.0},{"damage":6.0,"enemies":"Jaw Worm","floor":5.0,"turns":3.0},{"damage":43.0,"enemies":"3 Sentries","floor":6.0,"turns":9.0},{"damage":1.0,"enemies":"2 Louse","floor":8.0,"turns":3.0},{"damage":0.0,"enemies":"Blue Slaver","floor":11.0,"turns":4.0},{"damage":25,"enemies":"Gremlin Nob","floor":13,"turns":3},{"damage":2,"enemies":"Gremlin Gang","floor":14,"turns":5},{"damage":43,"enemies":"Slime Boss","floor":16,"turns":11},{"damage":10,"enemies":"Shell Parasite","floor":18,"turns":7},{"damage":0,"enemies":"Chosen","floor":21,"turns":3},{"damage":66,"enemies":"Book of Stabbing","floor":23,"turns":7},{"damage":14,"enemies":"3 Cultists","floor":25,"turns":5},{"damage":15,"enemies":"Gremlin Leader","floor":29,"turns":1}],"seed_played":"3439420132007834608","potions_obtained":[{"floor":1.0,"key":"LiquidBronze"},{"floor":14,"key":"SpeedPotion"},{"floor":16,"key":"SteroidPotion"},{"floor":23,"key":"SteroidPotion"}],"is_trial":false,"path_per_floor":["M","$","$","?","M","E","R","M","T","R","M","R","E","M","R","B",null,"M","T","?","M","T","E","R","M","T","?","$","E"],"character_chosen":"IRONCLAD","items_purchased":[],"campfire_rested":1,"item_purchase_floors":[],"current_hp_per_floor":[61,61,61,61,61,24,24,29,29,29,35,35,16,20,44,7,80,76,76,76,80,80,20,20,12,12,12,12,0],"gold":400,"neow_bonus":"TRANSFORM_TWO_CARDS","is_prod":false,"is_daily":false,"chose_seed":false,"campfire_upgraded":4,"win_rate":0,"timestamp":1557384696,"path_taken":["M","?","$","?","M","E","R","?","T","R","M","R","E","M","R","BOSS","M","?","?","M","?","E","R","?","T","?","$","E"],"build_version":"2019-01-23","purchased_purges":2,"victory":false,"max_hp_per_floor":[80,80,80,80,80,80,80,80,80,80,80,80,80,80,80,80,80,80,80,80,80,80,80,80,80,80,80,80,80],"card_choices":[{"not_picked":["Power Through","Blood for Blood","Clothesline"],"picked":"SKIP","floor":1.0},{"not_picked":["Rupture","Wild Strike","Havoc"],"picked":"SKIP","floor":5.0},{"not_picked":["Double Tap","Intimidate"],"picked":"Flame Barrier","floor":6.0},{"not_picked":["Perfected Strike","Flame Barrier"],"picked":"Shrug It Off","floor":8.0},{"not_picked":["True Grit","Hemokinesis","Clash"],"picked":"SKIP","floor":11.0},{"not_picked":["Iron Wave","Pommel Strike","Headbutt"],"picked":"SKIP","floor":13},{"not_picked":["Clash","Disarm","Flex"],"picked":"SKIP","floor":14},{"not_picked":["Burning Pact+1","Body Slam","Seeing Red"],"picked":"SKIP","floor":18},{"not_picked":["Intimidate+1","Iron Wave"],"picked":"Bloodletting","floor":21},{"not_picked":["Anger","Wild Strike","Thunderclap+1"],"picked":"SKIP","floor":23},{"not_picked":["Twin Strike","Headbutt"],"picked":"Seeing Red","floor":25}],"player_experience":298844,"relics_obtained":[{"floor":6.0,"key":"Champion Belt"},{"floor":9.0,"key":"Ginger"},{"floor":13,"key":"Lantern"},{"floor":19,"key":"Unceasing Top"},{"floor":22,"key":"Smiling Mask"},{"floor":23,"key":"MawBank"},{"floor":26,"key":"Kunai"}],"event_choices":[{"damage_healed":0.0,"max_hp_gain":0.0,"max_hp_loss":0.0,"gold_gain":0.0,"event_name":"FaceTrader","player_choice":"Trade","floor":4.0,"gold_loss":0.0,"damage_taken":0.0,"relics_obtained":["CultistMask"]},{"damage_healed":0,"gold_gain":0,"player_choice":"Read","damage_taken":0,"max_hp_gain":0,"max_hp_loss":0,"event_name":"The Library","floor":20,"gold_loss":0,"cards_obtained":["Rage"]},{"damage_healed":0,"gold_gain":0,"player_choice":"Ignored","damage_taken":0,"max_hp_gain":0,"max_hp_loss":0,"event_name":"Ghosts","floor":27,"gold_loss":0}],"is_beta":false,"boss_relics":[{"not_picked":["Mark of Pain","White Beast Statue"],"picked":"Pandora\u0027s Box"}],"items_purged_floors":[2,28],"is_endless":false,"potions_floor_spawned":[1,14,16,23],"killed_by":"Gremlin Leader","ascension_level":1}