{"gold_per_floor":[18,35,35,48,48,48,48,48,48,64,64,87,99,112,112,112],"floor_reached":16,"playtime":961,"items_purged":[],"score":92,"play_id":"51742cc2-c055-408e-a190-72cb4cc3c86a","local_time":"20180718115127","is_ascension_mode":false,"campfire_choices":[{"data":"Twin Strike","floor":6,"key":"SMITH"},{"data":"Heavy Blade","floor":8,"key":"SMITH"},{"floor":15,"key":"REST"}],"neow_cost":"NO_GOLD","seed_source_timestamp":1886021453839131,"circlet_count":0,"master_deck":["Strike_R","Strike_R","Strike_R","Defend_R","Defend_R","Defend_R","Defend_R","Bash","Twin Strike+1","Heavy Blade+1","Flame Barrier","Headbutt"],"relics":["Burning Blood","Charon\u0027s Ashes","Meat on the Bone","Unceasing Top","Odd Mushroom"],"potions_floor_usage":[12,13,16],"damage_taken":[{"damage":2,"enemies":"2 Louse","floor":1,"turns":3},{"damage":6,"enemies":"Cultist","floor":2,"turns":3},{"damage":0,"enemies":"Small Slimes","floor":4,"turns":3},{"damage":9,"enemies":"Blue Slaver","floor":10,"turns":4},{"damage":5,"floor":12,"turns":4},{"damage":7,"enemies":"Large Slime","floor":13,"turns":6},{"damage":7,"enemies":"3 Louse","floor":14,"turns":3},{"damage":80,"enemies":"Hexaghost","floor":16,"turns":9}],"seed_played":"-7692682250309498091","potions_obtained":[{"floor":2,"key":"Poison Potion"},{"floor":10,"key":"AttackPotion"},{"floor":12,"key":"BloodPotion"},{"floor":14,"key":"Ancient Potion"}],"is_trial":false,"path_per_floor":["M","M","?","M","?","R","?","R","T","M","$","?","M","M","R"],"character_chosen":"IRONCLAD","items_purchased":[],"campfire_rested":1,"item_purchase_floors":[],"current_hp_per_floor":[80,80,80,80,80,80,55,55,55,52,52,53,60,59,80,0],"gold":112,"neow_bonus":"ONE_RARE_RELIC","is_prod":false,"is_daily":false,"chose_seed":false,"campfire_upgraded":2,"win_rate":0,"timestamp":1531932687,"path_taken":["M","M","?","M","?","R","?","R","T","M","$","?","?","M","R","BOSS"],"build_version":"2018-07-12","purchased_purges":0,"victory":false,"max_hp_per_floor":[80,80,80,80,80,80,80,80,80,80,80,80,80,80,80,80],"card_choices":[{"not_picked":["Anger","Clothesline"],"picked":"Twin Strike","floor":1},{"not_picked":["Power Through","Wild Strike"],"picked":"Heavy Blade","floor":2},{"not_picked":["Heavy Blade","Clothesline","Dual Wield"],"picked":"SKIP","floor":4},{"not_picked":["Warcry","Thunderclap"],"picked":"Flame Barrier","floor":10},{"not_picked":["Hemokinesis","Perfected Strike"],"picked":"Headbutt","floor":12},{"not_picked":["Dropkick","Bloodletting","Combust"],"picked":"SKIP","floor":13},{"not_picked":["Clash","Perfected Strike","Anger"],"picked":"SKIP","floor":14}],"player_experience":212246,"relics_obtained":[{"floor":9,"key":"Unceasing Top"},{"floor":12,"key":"Odd Mushroom"}],"event_choices":[{"event_name":"Bonfire Elementals","player_choice":"BASIC","floor":3,"damage_taken":0},{"event_name":"Living Wall","player_choice":"Forget","floor":5,"damage_taken":0},{"event_name":"Scrap Ooze","player_choice":"success","floor":7,"damage_taken":25},{"event_name":"Mushrooms","player_choice":"Fought Mushrooms","floor":12,"damage_taken":0}],"boss_relics":[],"items_purged_floors":[],"is_endless":false,"potions_floor_spawned":[2,10,12,14],"killed_by":"Hexaghost","ascension_level":0}