{"gold_per_floor":[211,228,246,56,69,95,95,128,128,128],"floor_reached":10,"playtime":607,"items_purged":[],"score":156,"play_id":"836d39d0-d9c7-417f-b70c-d40ae3d1db79","local_time":"20190703204534","is_ascension_mode":true,"campfire_choices":[{"floor":7,"key":"REST"}],"neow_cost":"NONE","seed_source_timestamp":22924337699936,"circlet_count":0,"master_deck":["AscendersBane","Strike_R","Strike_R","Strike_R","Strike_R","Strike_R","Defend_R","Defend_R","Defend_R","Defend_R","Bash","Anger","Shrug It Off","Disarm","Rampage","Double Tap+1","True Grit+1"],"relics":["Burning Blood","Toxic Egg 2","Molten Egg 2","Question Card"],"potions_floor_usage":[6,6,6,10],"damage_taken":[{"damage":7,"enemies":"Cultist","floor":1,"turns":4},{"damage":12,"enemies":"Jaw Worm","floor":2,"turns":4},{"damage":15,"enemies":"2 Louse","floor":3,"turns":4},{"damage":6,"enemies":"Large Slime","floor":5,"turns":7},{"damage":21,"enemies":"Gremlin Nob","floor":6,"turns":4},{"damage":26,"enemies":"Lagavulin","floor":8,"turns":7},{"damage":41,"enemies":"Gremlin Nob","floor":10,"turns":4}],"seed_played":"5933090810723182410","potions_obtained":[{"floor":1,"key":"Poison Potion"}],"is_trial":false,"path_per_floor":["M","M","M","$","M","E","R","E","T","E"],"character_chosen":"IRONCLAD","items_purchased":["Disarm","EntropicBrew"],"campfire_rested":1,"item_purchase_floors":[4,4],"current_hp_per_floor":[67,61,52,52,52,37,59,39,39,0],"gold":128,"neow_bonus":"HUNDRED_GOLD","is_prod":false,"is_daily":false,"chose_seed":false,"campfire_upgraded":0,"win_rate":0,"timestamp":1562179534,"path_taken":["M","M","M","$","M","E","R","E","T","E"],"build_version":"2019-07-01","purchased_purges":0,"victory":false,"max_hp_per_floor":[75,75,75,75,75,75,75,75,75,75],"card_choices":[{"not_picked":["Havoc","Rupture"],"picked":"Anger","floor":1},{"not_picked":["Reckless Charge","Sword Boomerang","Havoc"],"picked":"SKIP","floor":2},{"not_picked":["Anger","Perfected Strike"],"picked":"Shrug It Off","floor":3},{"not_picked":["Warcry","Perfected Strike"],"picked":"Rampage","floor":5},{"not_picked":["Fire Breathing","Anger"],"picked":"Double Tap","floor":6},{"not_picked":["Twin Strike","Second Wind+1"],"picked":"True Grit+1","floor":8}],"player_experience":1459139,"relics_obtained":[{"floor":6,"key":"Toxic Egg 2"},{"floor":8,"key":"Molten Egg 2"},{"floor":9,"key":"Question Card"}],"event_choices":[],"is_beta":false,"boss_relics":[],"items_purged_floors":[],"is_endless":false,"potions_floor_spawned":[1,5],"killed_by":"Gremlin Nob","ascension_level":20}