{"gold_per_floor":[116,130,130,149,73,107,107,163,190,190,48,67,99,115,115,115],"floor_reached":16,"playtime":1294,"items_purged":[],"score":121,"play_id":"a79d925c-7fcc-4fd7-b944-f848a8d42adb","local_time":"20190701004230","is_ascension_mode":true,"campfire_choices":[{"floor":7,"key":"REST"},{"floor":10,"key":"REST"},{"floor":15,"key":"REST"}],"neow_cost":"PERCENT_DAMAGE","seed_source_timestamp":759718740030,"circlet_count":0,"master_deck":["Defend_G","Defend_G","Defend_G","Defend_G","Defend_G","Strike_G","Strike_G","Strike_G","Strike_G","Strike_G","Survivor","Neutralize","Tactician","Reflex","Quick Slash","Glass Knife","Distraction","Tactician","Slice","Swift Strike","Die Die Die","Outmaneuver","Flying Knee"],"relics":["Ring of the Snake","FossilizedHelix","Lantern","Potion Belt","Snake Skull","PreservedInsect"],"potions_floor_usage":[6,13,16,16],"damage_taken":[{"damage":0,"enemies":"2 Louse","floor":1,"turns":2},{"damage":0,"enemies":"Cultist","floor":2,"turns":4},{"damage":0,"enemies":"Small Slimes","floor":4,"turns":4},{"damage":10,"enemies":"3 Sentries","floor":6,"turns":7},{"damage":18,"enemies":"3 Sentries","floor":8,"turns":14},{"damage":0,"enemies":"Looter","floor":12,"turns":3},{"damage":14,"enemies":"Lagavulin","floor":13,"turns":6},{"damage":0,"enemies":"Lots of Slimes","floor":14,"turns":4},{"damage":31,"enemies":"Hexaghost","floor":16,"turns":4}],"seed_played":"537839752868554732","potions_obtained":[{"floor":1,"key":"Explosive Potion"},{"floor":2,"key":"Fire Potion"},{"floor":8,"key":"SneckoOil"},{"floor":14,"key":"Fruit Juice"}],"is_trial":false,"path_per_floor":["M","M","?","M","$","E","R","?","T","R","$","M","E","M","R","B"],"character_chosen":"THE_SILENT","items_purchased":["Glass Knife","Slice","Swift Strike"],"campfire_rested":3,"item_purchase_floors":[5,11,11],"current_hp_per_floor":[49,49,49,49,49,39,60,42,42,63,63,63,49,49,70,44],"gold":115,"neow_bonus":"ONE_RARE_RELIC","is_prod":false,"is_daily":false,"chose_seed":false,"campfire_upgraded":0,"win_rate":0,"timestamp":1561912950,"path_taken":["M","M","?","M","?","E","R","?","T","R","$","M","E","M","R","BOSS"],"build_version":"2019-01-23","purchased_purges":0,"victory":false,"max_hp_per_floor":[70,70,70,70,70,70,70,70,70,70,70,70,70,70,70,75],"card_choices":[{"not_picked":["Well Laid Plans","Underhanded Strike"],"picked":"Tactician","floor":1},{"not_picked":["Expertise","PiercingWail"],"picked":"Reflex","floor":2},{"not_picked":["Distraction","Riddle With Holes"],"picked":"Quick Slash","floor":4},{"not_picked":["Endless Agony","Dodge and Roll"],"picked":"Distraction","floor":6},{"not_picked":["Quick Slash","Cloak And Dagger"],"picked":"Tactician","floor":8},{"not_picked":["Deadly Poison","Terror"],"picked":"Die Die Die","floor":12},{"not_picked":["Deadly Poison","Accuracy"],"picked":"Outmaneuver","floor":13},{"not_picked":["Bouncing Flask","Quick Slash"],"picked":"Flying Knee","floor":14}],"player_experience":289527,"relics_obtained":[{"floor":6,"key":"Lantern"},{"floor":8,"key":"Potion Belt"},{"floor":9,"key":"Snake Skull"},{"floor":13,"key":"PreservedInsect"}],"event_choices":[{"damage_healed":0,"gold_gain":0,"player_choice":"Ignored","damage_taken":0,"max_hp_gain":0,"max_hp_loss":0,"event_name":"Purifier","floor":3,"gold_loss":0},{"damage_healed":0,"gold_gain":30,"player_choice":"Searched \u00272\u0027 times","damage_taken":0,"max_hp_gain":0,"max_hp_loss":0,"event_name":"Dead Adventurer","floor":8,"gold_loss":0}],"is_beta":false,"boss_relics":[],"items_purged_floors":[],"is_endless":false,"potions_floor_spawned":[1,2,8,14],"killed_by":"Hexaghost","ascension_level":2}