{"gold_per_floor":[113,128,148,3,3,0,33,45,45,45,45,120,31,65,65,160,160,179,7,19,35,35,35,67,80,80,80,92,92,92],"floor_reached":30,"playtime":1934,"items_purged":["Strike_G","Strike_G"],"score":310,"play_id":"2706453e-3729-4fd1-8d62-0328f67e1a4b","local_time":"20190612160914","is_ascension_mode":true,"campfire_choices":[{"floor":11.0,"key":"REST"},{"floor":15,"key":"REST"},{"floor":23,"key":"REST"},{"floor":27,"key":"REST"},{"floor":29,"key":"REST"}],"neow_cost":"NONE","seed_source_timestamp":10506008575600,"circlet_count":0,"master_deck":["Strike_G","Strike_G","Defend_G","Defend_G","Defend_G","Defend_G+1","Defend_G","Survivor","Neutralize","Die Die Die+1","Prepared","Dodge and Roll","Well Laid Plans","Footwork","Flechettes","Bouncing Flask","Malaise","PanicButton","Acrobatics","Burst","PiercingWail+1","Blur","Bane","Unload","Good Instincts","Backflip","Cloak And Dagger+1","Shame","PiercingWail"],"special_seed":0,"relics":["Ring of the Snake","Ornamental Fan","Pantograph","Centennial Puzzle","Cursed Key","Meat on the Bone","Kunai"],"potions_floor_usage":[21,24,25,30],"damage_taken":[{"damage":0.0,"enemies":"2 Louse","floor":1.0,"turns":2.0},{"damage":3.0,"enemies":"Jaw Worm","floor":2.0,"turns":4.0},{"damage":3.0,"enemies":"Small Slimes","floor":3.0,"turns":3.0},{"damage":0.0,"enemies":"Looter","floor":6.0,"turns":4.0},{"damage":45.0,"enemies":"Gremlin Nob","floor":7.0,"turns":5.0},{"damage":0.0,"enemies":"Exordium Thugs","floor":8.0,"turns":5.0},{"damage":12,"enemies":"Lagavulin","floor":14,"turns":8},{"damage":7,"enemies":"The Guardian","floor":16,"turns":12},{"damage":31,"enemies":"Spheric Guardian","floor":18,"turns":9},{"damage":13,"enemies":"Chosen","floor":20,"turns":8},{"damage":13,"enemies":"Centurion and Healer","floor":21,"turns":9},{"damage":18,"enemies":"Book of Stabbing","floor":24,"turns":5},{"damage":14,"enemies":"Cultist and Chosen","floor":25,"turns":8},{"damage":3,"enemies":"Snake Plant","floor":28,"turns":5},{"damage":77,"enemies":"Gremlin Leader","floor":30,"turns":9}],"seed_played":"-6166033148606401895","potions_obtained":[{"floor":2.0,"key":"PowerPotion"},{"floor":3.0,"key":"FearPotion"},{"floor":7.0,"key":"GhostInAJar"},{"floor":18,"key":"Energy Potion"},{"floor":24,"key":"Swift Potion"},{"floor":25,"key":"SpeedPotion"},{"floor":28,"key":"SpeedPotion"}],"is_trial":false,"path_per_floor":["M","M","M","$","?","M","E","M","T","?","R","?","$","E","R","B",null,"M","$","M","M","?","R","E","M","T","R","M","R","E"],"character_chosen":"THE_SILENT","items_purchased":["Footwork","PanicButton","Blur"],"campfire_rested":5,"item_purchase_floors":[4,13,19],"current_hp_per_floor":[70,67,64,64,50,50,5,5,5,5,26,15,15,3,24,42,70,39,39,26,13,13,34,16,14,14,35,44,65,0],"gold":92,"neow_bonus":"TRANSFORM_CARD","is_prod":false,"is_daily":false,"chose_seed":false,"campfire_upgraded":0,"win_rate":0,"timestamp":1560348554,"path_taken":["M","M","M","$","?","M","E","M","T","?","R","?","$","E","R","BOSS","M","$","M","M","?","R","E","M","T","R","M","R","E"],"build_version":"2019-06-11","purchased_purges":2,"victory":false,"max_hp_per_floor":[70,70,70,70,70,70,70,70,70,70,70,70,70,70,70,70,70,70,70,70,70,70,70,70,70,70,70,70,70,70],"card_choices":[{"not_picked":["Bane","Flying Knee"],"picked":"Prepared","floor":1.0},{"not_picked":["Accuracy","Terror"],"picked":"Dodge and Roll","floor":2.0},{"not_picked":["Choke","Outmaneuver"],"picked":"Well Laid Plans","floor":3.0},{"not_picked":["Dodge and Roll","Slice"],"picked":"Flechettes","floor":6.0},{"not_picked":["Escape Plan","Outmaneuver"],"picked":"Bouncing Flask","floor":7.0},{"not_picked":["Quick Slash","PiercingWail"],"picked":"Malaise","floor":8.0},{"not_picked":["Slice","Riddle With Holes"],"picked":"Acrobatics","floor":14},{"not_picked":["Storm of Steel","Grand Finale"],"picked":"Burst","floor":16},{"not_picked":["Underhanded Strike+1","Choke+1"],"picked":"PiercingWail+1","floor":18},{"not_picked":["Quick Slash+1","Burst"],"picked":"Bane","floor":20},{"not_picked":["PiercingWail","Masterful Stab+1","Cloak And Dagger"],"picked":"SKIP","floor":21},{"not_picked":["Die Die Die","Bane"],"picked":"Backflip","floor":24},{"not_picked":["Backstab","Acrobatics"],"picked":"Cloak And Dagger+1","floor":25},{"not_picked":["Dagger Spray","Dagger Throw"],"picked":"PiercingWail","floor":28}],"player_experience":370825,"relics_obtained":[{"floor":7.0,"key":"Ornamental Fan"},{"floor":9.0,"key":"Pantograph"},{"floor":14,"key":"Centennial Puzzle"},{"floor":24,"key":"Meat on the Bone"},{"floor":26,"key":"Kunai"}],"event_choices":[{"damage_healed":0.0,"max_hp_gain":0.0,"max_hp_loss":0.0,"gold_gain":0.0,"event_name":"Shining Light","player_choice":"Entered Light","floor":5.0,"gold_loss":0.0,"damage_taken":14.0,"cards_upgraded":["Die Die Die","Defend_G"]},{"damage_healed":0.0,"max_hp_gain":0.0,"max_hp_loss":0.0,"gold_gain":0.0,"event_name":"Scrap Ooze","player_choice":"Fled","floor":10.0,"gold_loss":0.0,"damage_taken":0.0},{"damage_healed":0.0,"max_hp_gain":0.0,"max_hp_loss":0.0,"gold_gain":75.0,"event_name":"World of Goop","player_choice":"Gather Gold","floor":12.0,"gold_loss":0.0,"damage_taken":11.0},{"damage_healed":0,"gold_gain":0,"player_choice":"2 cards matched","damage_taken":0,"max_hp_gain":0,"max_hp_loss":0,"event_name":"Match and Keep!","floor":22,"gold_loss":0,"cards_obtained":["Unload","Good Instincts"]}],"is_beta":true,"boss_relics":[{"not_picked":["Lizard Tail","Runic Pyramid"],"picked":"Cursed Key"}],"items_purged_floors":[4,19],"is_endless":false,"potions_floor_spawned":[2,3,7,18,24,25,28],"killed_by":"Gremlin Leader","ascension_level":4}