{"gold_per_floor":[218,18,18,18,18,18,52,52,52,71,71,85,1,15,15,111,111,122,47,47,47,57,84,104,122,145,157,169,199,58,72,72,169,169,184,184,184,199,199,199,217,230,300,300,300],"floor_reached":45,"playtime":3582,"items_purged":["Strike_G"],"score":520,"play_id":"46b63566-0c80-4d7d-aeb9-c2afa098b8b5","local_time":"20181206211815","is_ascension_mode":true,"campfire_choices":[{"floor":6,"key":"REST"},{"data":"Crippling Poison","floor":11,"key":"SMITH"},{"data":"Noxious Fumes","floor":15,"key":"SMITH"},{"floor":27,"key":"REST"},{"floor":32,"key":"REST"},{"floor":40,"key":"REST"}],"neow_cost":"NONE","seed_source_timestamp":958498955676956,"circlet_count":0,"master_deck":["Defend_G+1","Defend_G+1","Defend_G+1","Defend_G+1","Defend_G+1","Strike_G+1","Strike_G+1","Survivor","Neutralize","All Out Attack","Dagger Throw","Crippling Poison+1","Backstab+1","Cloak And Dagger","Prepared","Noxious Fumes+1","Die Die Die","Prepared","Dagger Throw","Acrobatics+1","Die Die Die","Bane+1","Predator+1","Bane+1"],"relics":["Ring of the Snake","Bronze Scales","Omamori","Du-Vu Doll","Busted Crown","FaceOfCleric","Blood Vial","MawBank","Art of War","Lantern","Philosopher\u0027s Stone","Sundial"],"potions_floor_usage":[7,16,23,31,33,33,33,45,45],"damage_taken":[{"damage":10,"enemies":"2 Louse","floor":1,"turns":2},{"damage":26,"enemies":"Lagavulin","floor":7,"turns":6},{"damage":0,"enemies":"Small Slimes","floor":10,"turns":2},{"damage":0,"enemies":"Cultist","floor":12,"turns":2},{"damage":0,"enemies":"2 Fungi Beasts","floor":14,"turns":2},{"damage":29,"enemies":"Slime Boss","floor":16,"turns":9},{"damage":0,"enemies":"Chosen","floor":18,"turns":4},{"damage":10,"enemies":"Spheric Guardian","floor":22,"turns":4},{"damage":15,"enemies":"Book of Stabbing","floor":23,"turns":6},{"damage":2,"enemies":"Centurion and Healer","floor":24,"turns":5},{"damage":13,"enemies":"Snecko","floor":25,"turns":4},{"damage":8,"enemies":"Chosen and Byrds","floor":29,"turns":5},{"damage":0,"enemies":"Cultist and Chosen","floor":31,"turns":4},{"damage":41,"enemies":"Automaton","floor":33,"turns":11},{"damage":3,"enemies":"Orb Walker","floor":35,"turns":3},{"damage":21,"enemies":"3 Darklings","floor":38,"turns":3},{"damage":12,"enemies":"Jaw Worm Horde","floor":41,"turns":4},{"damage":36,"enemies":"Transient","floor":42,"turns":5},{"damage":77,"enemies":"Giant Head","floor":45,"turns":6}],"seed_played":"-3912052930117158874","potions_obtained":[{"floor":1,"key":"AttackPotion"},{"floor":7,"key":"Poison Potion"},{"floor":12,"key":"Dexterity Potion"},{"floor":16,"key":"Dexterity Potion"},{"floor":18,"key":"SkillPotion"},{"floor":25,"key":"Energy Potion"},{"floor":31,"key":"Explosive Potion"},{"floor":33,"key":"SteroidPotion"},{"floor":38,"key":"Explosive Potion"},{"floor":42,"key":"Poison Potion"}],"is_trial":false,"path_per_floor":["M","$","?","?","?","R","E","?","T","M","R","M","$","M","R","B",null,"M","$","?","?","M","E","M","M","T","R","?","M","$","M","R","B",null,"M","?","?","M","?","R","M","M","T","?","E"],"character_chosen":"THE_SILENT","items_purchased":["Bronze Scales","Dagger Throw","Prepared","Noxious Fumes","Lantern"],"campfire_rested":4,"item_purchase_floors":[2,2,13,13,30],"current_hp_per_floor":[60,60,53,53,53,70,44,67,67,67,67,67,67,67,67,38,70,70,70,70,70,61,47,48,38,38,60,60,55,55,58,76,36,77,75,74,74,54,54,75,64,31,31,31,0],"gold":300,"neow_bonus":"HUNDRED_GOLD","is_prod":false,"is_daily":false,"chose_seed":false,"campfire_upgraded":2,"win_rate":0,"timestamp":1544159895,"path_taken":["M","$","?","?","?","R","E","?","T","M","R","M","$","M","R","BOSS","M","$","?","?","?","E","M","M","T","R","?","M","$","M","R","BOSS","M","?","?","?","?","R","M","M","T","?","E"],"build_version":"2018-12-06","purchased_purges":1,"victory":false,"max_hp_per_floor":[70,70,70,70,70,70,70,70,70,70,70,70,70,70,70,70,70,70,70,70,70,71,72,73,74,74,74,74,75,75,76,76,77,77,78,74,74,75,75,75,76,77,77,77,77],"card_choices":[{"not_picked":["PiercingWail","Expertise"],"picked":"All Out Attack","floor":1},{"not_picked":["Skewer","All Out Attack"],"picked":"Crippling Poison","floor":7},{"not_picked":["Deflect","Riddle With Holes"],"picked":"Backstab","floor":10},{"not_picked":["Blade Dance","Deflect"],"picked":"Cloak And Dagger","floor":12},{"not_picked":["Setup","Masterful Stab","Flechettes"],"picked":"SKIP","floor":14},{"not_picked":["After Image","Corpse Explosion"],"picked":"Die Die Die","floor":16},{"not_picked":[],"picked":"Prepared","floor":18},{"not_picked":[],"picked":"Dagger Throw","floor":22},{"not_picked":["Dagger Throw"],"picked":"SKIP","floor":23},{"not_picked":["Predator"],"picked":"SKIP","floor":24},{"not_picked":["Blade Dance"],"picked":"SKIP","floor":25},{"not_picked":[],"picked":"Acrobatics+1","floor":29},{"not_picked":["Acrobatics"],"picked":"SKIP","floor":31},{"not_picked":[],"picked":"Die Die Die","floor":33},{"not_picked":["Deadly Poison+1"],"picked":"SKIP","floor":35},{"not_picked":[],"picked":"Bane+1","floor":38},{"not_picked":[],"picked":"Predator+1","floor":41},{"not_picked":[],"picked":"Bane+1","floor":42}],"player_experience":522337,"relics_obtained":[{"floor":7,"key":"Omamori"},{"floor":9,"key":"Du-Vu Doll"},{"floor":23,"key":"Blood Vial"},{"floor":26,"key":"MawBank"},{"floor":43,"key":"Sundial"}],"event_choices":[{"cards_removed":["Strike_G"],"damage_healed":0,"gold_gain":0,"player_choice":"Card Removal","damage_taken":7,"max_hp_gain":0,"max_hp_loss":0,"event_name":"Golden Wing","floor":3,"gold_loss":0},{"damage_healed":0,"gold_gain":0,"player_choice":"Fled","damage_taken":0,"max_hp_gain":0,"max_hp_loss":0,"event_name":"Scrap Ooze","floor":4,"gold_loss":0},{"damage_healed":0,"gold_gain":0,"player_choice":"Ignored","damage_taken":0,"max_hp_gain":0,"max_hp_loss":0,"event_name":"Shining Light","floor":5,"gold_loss":0},{"damage_healed":23,"gold_gain":0,"player_choice":"Banana","damage_taken":0,"max_hp_gain":0,"max_hp_loss":0,"event_name":"Big Fish","floor":8,"gold_loss":0},{"damage_healed":0,"gold_gain":0,"player_choice":"Simplicity","damage_taken":0,"max_hp_gain":0,"max_hp_loss":0,"event_name":"Back to Basics","floor":20,"gold_loss":0,"cards_upgraded":["Defend_G","Defend_G","Defend_G","Defend_G","Defend_G","Strike_G","Strike_G","Strike_G"]},{"damage_healed":0,"gold_gain":0,"player_choice":"Trade","damage_taken":0,"relics_obtained":["FaceOfCleric"],"max_hp_gain":0,"max_hp_loss":0,"event_name":"FaceTrader","floor":21,"gold_loss":0},{"damage_healed":0,"gold_gain":0,"player_choice":"Stole Relic","damage_taken":0,"relics_obtained":["Art of War"],"max_hp_gain":0,"max_hp_loss":0,"event_name":"Addict","floor":28,"gold_loss":0,"cards_obtained":["Shame"]},{"damage_healed":0,"gold_gain":0,"player_choice":"Max HP","damage_taken":0,"max_hp_gain":0,"max_hp_loss":4,"event_name":"Winding Halls","floor":36,"gold_loss":0},{"damage_healed":0,"gold_gain":0,"player_choice":"Upgraded","damage_taken":0,"max_hp_gain":0,"max_hp_loss":0,"event_name":"Upgrade Shrine","floor":37,"gold_loss":0,"cards_upgraded":["Backstab"]},{"damage_healed":0,"gold_gain":0,"player_choice":"Ignored","damage_taken":0,"max_hp_gain":0,"max_hp_loss":0,"event_name":"Tomb of Lord Red Mask","floor":39,"gold_loss":0},{"cards_removed":["Strike_G"],"damage_healed":0,"gold_gain":0,"player_choice":"Removed Attack","damage_taken":0,"max_hp_gain":0,"max_hp_loss":0,"event_name":"Falling","floor":44,"gold_loss":0}],"is_beta":false,"boss_relics":[{"not_picked":["Orrery","Runic Pyramid"],"picked":"Busted Crown"},{"not_picked":["Snecko Eye","Coffee Dripper"],"picked":"Philosopher\u0027s Stone"}],"items_purged_floors":[19],"is_endless":false,"potions_floor_spawned":[1,7,12,16,18,25,31,33,38,42],"killed_by":"Giant Head","ascension_level":4}