{"gold_per_floor":[116,116,41,53,65,65,120,15,15,34,34,62,74,101,101,101],"floor_reached":16,"playtime":6981,"items_purged":["Regret"],"score":210,"play_id":"3863603e-d99f-41ab-8ca9-2a046f0a1684","local_time":"20181009114453","is_ascension_mode":true,"campfire_choices":[{"data":"Flex","floor":6,"key":"SMITH"},{"data":"Flex","floor":11,"key":"SMITH"},{"floor":15,"key":"REST"}],"neow_cost":"NONE","seed_source_timestamp":2328587285910693,"circlet_count":0,"master_deck":["Strike_R","Strike_R","Strike_R","Strike_R","Strike_R","Defend_R","Defend_R","Defend_R","Defend_R","Bash","AscendersBane","Heavy Blade","Headbutt","Flex+1","Flex+1","Iron Wave","Cleave","Iron Wave","Clothesline","Clothesline","Thunderclap"],"relics":["Burning Blood","NeowsBlessing","Letter Opener","Tiny Chest","Darkstone Periapt","Dream Catcher","Strawberry"],"potions_floor_usage":[7,10],"damage_taken":[{"damage":0,"enemies":"2 Louse","floor":1,"turns":1},{"damage":0,"enemies":"Cultist","floor":4,"turns":1},{"damage":0,"enemies":"Jaw Worm","floor":5,"turns":1},{"damage":24,"enemies":"3 Sentries","floor":7,"turns":9},{"damage":12,"enemies":"Exordium Thugs","floor":10,"turns":5},{"damage":30,"enemies":"Lagavulin","floor":12,"turns":7},{"damage":1,"enemies":"2 Fungi Beasts","floor":13,"turns":3},{"damage":15,"enemies":"3 Sentries","floor":14,"turns":7},{"damage":66,"enemies":"Hexaghost","floor":16,"turns":10}],"seed_played":"-2832691815573889406","potions_obtained":[{"floor":1,"key":"PowerPotion"},{"floor":7,"key":"BloodPotion"},{"floor":13,"key":"SpeedPotion"}],"is_trial":false,"path_per_floor":["M","?","$","M","M","R","E","$","T","M","R","E","M","E","R"],"character_chosen":"IRONCLAD","items_purchased":["Flex","Iron Wave"],"campfire_rested":1,"item_purchase_floors":[8,8],"current_hp_per_floor":[74,74,74,75,75,75,57,57,57,58,58,34,39,37,61,0],"gold":101,"neow_bonus":"THREE_ENEMY_KILL","is_prod":false,"is_daily":false,"chose_seed":false,"campfire_upgraded":2,"win_rate":0,"timestamp":1539103493,"path_taken":["M","?","$","?","M","R","E","$","T","?","R","E","?","E","R","BOSS"],"build_version":"2018-10-04v2","purchased_purges":1,"victory":false,"max_hp_per_floor":[75,75,75,75,75,75,75,75,75,75,75,75,75,82,82,82],"card_choices":[{"not_picked":["Burning Pact","Sword Boomerang"],"picked":"Heavy Blade","floor":1},{"not_picked":["Intimidate","True Grit"],"picked":"Headbutt","floor":4},{"not_picked":["True Grit","Warcry"],"picked":"Flex","floor":5},{"not_picked":["Sword Boomerang","Exhume","True Grit"],"picked":"SKIP","floor":7},{"not_picked":["Warcry","Sword Boomerang"],"picked":"Cleave","floor":10},{"not_picked":["Blood for Blood","Havoc"],"picked":"Iron Wave","floor":12},{"not_picked":["Anger","Warcry"],"picked":"Clothesline","floor":13},{"not_picked":["Evolve","Carnage"],"picked":"Clothesline","floor":14},{"not_picked":["Second Wind","Searing Blow"],"picked":"Thunderclap","floor":15}],"player_experience":726991,"relics_obtained":[{"floor":7,"key":"Tiny Chest"},{"floor":9,"key":"Darkstone Periapt"},{"floor":12,"key":"Dream Catcher"},{"floor":14,"key":"Strawberry"}],"event_choices":[{"event_name":"Big Fish","player_choice":"Box","floor":2,"damage_taken":0}],"is_beta":false,"boss_relics":[],"items_purged_floors":[3],"is_endless":false,"potions_floor_spawned":[1,7,13],"killed_by":"Hexaghost","ascension_level":15}