{"gold_per_floor":[15,32,44,44,44,44,78,89,113,113,169,169,180,199,199,294,294,311,311,322,336,336,362,362,381,381,27,41,57,57,77,77,177,177,192,192,202,53,106,106,123,123,173,173,173,189,189,189,189,189],"floor_reached":51,"playtime":4135,"items_purged":["Meteor Strike+1","Writhe"],"score":694,"play_id":"87e60e34-cf6e-4391-af37-0538d7e0e608","local_time":"20180802094357","is_ascension_mode":false,"campfire_choices":[{"data":"Zap","floor":6,"key":"SMITH"},{"data":"Glacier","floor":10,"key":"SMITH"},{"data":"Dualcast","floor":12,"key":"SMITH"},{"data":"Creative AI","floor":15,"key":"SMITH"},{"data":"Echo Form","floor":24,"key":"SMITH"},{"data":"Tempest","floor":30,"key":"SMITH"},{"data":"Stack","floor":32,"key":"SMITH"},{"data":"Steam Power","floor":40,"key":"SMITH"},{"data":"Go for the Eyes","floor":42,"key":"SMITH"},{"data":"Turbo","floor":44,"key":"SMITH"},{"data":"Turbo","floor":49,"key":"SMITH"}],"neow_cost":"NO_GOLD","seed_source_timestamp":3171350185135375,"circlet_count":0,"master_deck":["Strike_B+1","Strike_B","Defend_B","Zap+1","Dualcast+1","Glacier+1","Ball Lightning+1","Leap","Ball Lightning","Stack+1","Hologram","Compile Driver","Creative AI+1","Echo Form","Scrape+1","Sunder+1","Steam Power+1","Necronomicurse","Ball Lightning","Compile Driver","Echo Form+1","Conserve Battery","Tempest+1","Steam+1","Conserve Battery","Leap","Reboot","Stack+1","Turbo+1","Turbo+1","Go for the Eyes+1","Scrape+1","Machine Learning"],"relics":["Cracked Core","Thread and Needle","Potion Belt","DataDisk","Blood Vial","Astrolabe","Necronomicon","Ginger","Art of War","Letter Opener","Lee\u0027s Waffle","Eternal Feather","Emotion Chip","Whetstone","Girya","Peace Pipe"],"potions_floor_usage":[13,23,33,33,35,39,39,50],"damage_taken":[{"damage":0,"enemies":"Cultist","floor":1,"turns":3},{"damage":0,"enemies":"Jaw Worm","floor":2,"turns":3},{"damage":0,"enemies":"Small Slimes","floor":3,"turns":3},{"damage":0,"enemies":"3 Sentries","floor":7,"turns":8},{"damage":0,"enemies":"2 Fungi Beasts","floor":8,"turns":2},{"damage":1,"enemies":"Lagavulin Event","floor":11,"turns":5},{"damage":0,"enemies":"3 Louse","floor":13,"turns":2},{"damage":0,"enemies":"Exordium Thugs","floor":14,"turns":4},{"damage":27,"enemies":"Hexaghost","floor":16,"turns":8},{"damage":0,"enemies":"3 Byrds","floor":18,"turns":4},{"damage":5,"enemies":"Chosen","floor":20,"turns":3},{"damage":0,"enemies":"Centurion and Healer","floor":21,"turns":4},{"damage":0,"enemies":"Slavers","floor":23,"turns":4},{"damage":5,"enemies":"Cultist and Chosen","floor":25,"turns":5},{"damage":0,"enemies":"Snecko","floor":28,"turns":4},{"damage":0,"enemies":"Centurion and Healer","floor":29,"turns":3},{"damage":7,"enemies":"Cultist and Chosen","floor":31,"turns":3},{"damage":49,"enemies":"Collector","floor":33,"turns":8},{"damage":19,"enemies":"Flame Bruiser 1 Orb","floor":35,"turns":4},{"damage":0,"enemies":"3 Shapes","floor":37,"turns":4},{"damage":21,"floor":39,"turns":6},{"damage":3,"enemies":"Transient","floor":41,"turns":5},{"damage":2,"enemies":"3 Darklings","floor":46,"turns":4},{"damage":42,"enemies":"Donu and Deca","floor":50,"turns":8}],"seed_played":"-118241328181990141","potions_obtained":[{"floor":1,"key":"Fire Potion"},{"floor":7,"key":"Block Potion"},{"floor":8,"key":"FocusPotion"},{"floor":13,"key":"Fire Potion"},{"floor":14,"key":"Ancient Potion"},{"floor":21,"key":"Weak Potion"},{"floor":25,"key":"LiquidBronze"},{"floor":33,"key":"Regen Potion"},{"floor":37,"key":"FairyPotion"},{"floor":46,"key":"GamblersBrew"}],"is_trial":false,"path_per_floor":["M","M","M","?","?","R","E","M","T","R","?","R","M","M","R","B",null,"M","?","M","M","?","E","R","M","T","$","M","M","R","M","R","B",null,"M","?","M","$","?","R","M","R","T","R","?","M","T","?","R","B"],"character_chosen":"DEFECT","items_purchased":["Tempest","Lee\u0027s Waffle","Turbo"],"campfire_rested":0,"item_purchase_floors":[27,27,38],"current_hp_per_floor":[75,75,75,75,75,75,75,75,75,75,74,74,75,75,75,48,75,75,59,56,58,58,60,60,57,57,82,82,82,82,75,75,28,82,63,82,82,82,75,82,79,82,82,82,82,80,80,80,82,40],"gold":189,"neow_bonus":"ONE_RARE_RELIC","is_prod":false,"is_daily":false,"chose_seed":false,"campfire_upgraded":11,"win_rate":0,"timestamp":1533221037,"path_taken":["M","?","M","?","?","R","E","?","T","R","?","R","M","?","R","BOSS","M","?","M","M","?","E","R","M","T","$","M","?","R","M","R","BOSS","M","?","M","$","?","R","M","R","T","R","?","?","?","?","R","BOSS"],"build_version":"2018-07-26","purchased_purges":2,"victory":true,"max_hp_per_floor":[75,75,75,75,75,75,75,75,75,75,75,75,75,75,75,75,75,75,75,75,75,75,75,75,75,75,82,82,82,82,82,82,82,82,82,82,82,82,82,82,82,82,82,82,82,82,82,82,82,82],"card_choices":[{"not_picked":["Chaos","Go for the Eyes"],"picked":"Glacier","floor":1},{"not_picked":["Go for the Eyes","Conserve Battery"],"picked":"Ball Lightning","floor":2},{"not_picked":["Barrage","Hologram"],"picked":"Leap","floor":3},{"not_picked":["Steam","Beam Cell"],"picked":"Ball Lightning","floor":7},{"not_picked":["Aggregate","Heatsinks"],"picked":"Stack","floor":8},{"not_picked":["Heatsinks","Undo"],"picked":"Hologram","floor":11},{"not_picked":["Reprogram","Undo"],"picked":"Compile Driver","floor":13},{"not_picked":["Melter","Turbo"],"picked":"Creative AI","floor":14},{"not_picked":["Seek","Amplify"],"picked":"Echo Form","floor":16},{"not_picked":["Sweeping Beam","Gash"],"picked":"Steam Power","floor":18},{"not_picked":["Barrage","Beam Cell+1"],"picked":"Ball Lightning","floor":20},{"not_picked":["Leap","Gash"],"picked":"Compile Driver","floor":21},{"not_picked":["Cold Snap","Loop"],"picked":"Echo Form","floor":23},{"not_picked":["Gash","Rebound"],"picked":"Conserve Battery","floor":25},{"not_picked":["Lockon","Redo"],"picked":"Steam+1","floor":28},{"not_picked":["Scrape+1","Gash"],"picked":"Conserve Battery","floor":29},{"not_picked":["Reprogram","Cold Snap"],"picked":"Leap","floor":31},{"not_picked":["Seek","Meteor Strike"],"picked":"Reboot","floor":33},{"not_picked":["Beam Cell","Redo+1"],"picked":"Stack+1","floor":35},{"not_picked":["Darkness+1","Hello World+1"],"picked":"Turbo","floor":37},{"not_picked":["Steam+1","Conserve Battery"],"picked":"Go for the Eyes","floor":39},{"not_picked":["Barrage","Ball Lightning+1"],"picked":"Scrape+1","floor":41},{"not_picked":["Compile Driver","Ball Lightning+1"],"picked":"Machine Learning","floor":46}],"player_experience":410429,"relics_obtained":[{"floor":7,"key":"Potion Belt"},{"floor":9,"key":"DataDisk"},{"floor":11,"key":"Blood Vial"},{"floor":19,"key":"Necronomicon"},{"floor":23,"key":"Art of War"},{"floor":26,"key":"Letter Opener"},{"floor":39,"key":"Emotion Chip"},{"floor":43,"key":"Whetstone"},{"floor":47,"key":"Peace Pipe"}],"event_choices":[{"event_name":"The Cleric","player_choice":"Leave","floor":4,"damage_taken":0},{"event_name":"Living Wall","player_choice":"Forget","floor":5,"damage_taken":0},{"event_name":"Dead Adventurer","player_choice":"Searched \u00271\u0027 times","floor":11,"damage_taken":0},{"event_name":"Cursed Tome","player_choice":"Obtained Book","floor":19,"damage_taken":0},{"event_name":"Wheel of Change","player_choice":"Relic","floor":22,"damage_taken":0},{"event_name":"Winding Halls","player_choice":"Writhe","floor":36,"damage_taken":0},{"event_name":"Mysterious Sphere","player_choice":"Fight","floor":39,"damage_taken":0},{"event_name":"WeMeetAgain","player_choice":"Potion","floor":45,"damage_taken":0},{"event_name":"Falling","player_choice":"Removed Skill","floor":48,"damage_taken":0}],"is_beta":false,"boss_relics":[{"not_picked":["Philosopher\u0027s Stone","Fusion Hammer"],"picked":"Astrolabe"},{"not_picked":["Runic Dome","Empty Cage"],"picked":"Eternal Feather"}],"items_purged_floors":[27,38],"is_endless":false,"potions_floor_spawned":[1,7,8,13,14,21,25,31,33,37,46],"ascension_level":0}