{"gold_per_floor":[116,126,126,126,81,114,125,125,150,160,176,193,193,223,223,328,328,343,396,413,488,138,138,138,98,123,148,240,278,290,302,314,326],"floor_reached":33,"playtime":1903,"items_purged":[],"score":407,"play_id":"ec7143d3-c142-4c30-bdb3-306c56ee059d","local_time":"20181109223036","is_ascension_mode":true,"campfire_choices":[{"floor":8,"key":"REST"},{"floor":13,"key":"REST"},{"floor":15,"key":"REST"},{"floor":23,"key":"REST"},{"floor":30,"key":"REST"},{"data":"Zap","floor":32,"key":"SMITH"}],"neow_cost":"NONE","seed_source_timestamp":792215377743907,"circlet_count":0,"master_deck":["Strike_B","Strike_B","Strike_B","Strike_B","Defend_B","Defend_B","Defend_B","Defend_B","Zap+1","Dualcast+1","Cold Snap","Cold Snap","Go for the Eyes","Rebound","Rebound","Sweeping Beam","Doom and Gloom","Biased Cognition+1","Seek","Stack+1","Fusion+1","Rainbow","Go for the Eyes","Zap+1","Glacier","Ball Lightning"],"relics":["Cracked Core","Centennial Puzzle","Kunai","Lantern","Juzu Bracelet","Busted Crown","Potion Belt","Regal Pillow","Oddly Smooth Stone","MawBank","Bottled Lightning","WingedGreaves"],"potions_floor_usage":[6,14,14,16,29,33,33],"damage_taken":[{"damage":0,"enemies":"Cultist","floor":1,"turns":3},{"damage":0,"enemies":"2 Louse","floor":2,"turns":3},{"damage":29,"enemies":"Gremlin Nob","floor":6,"turns":5},{"damage":0,"enemies":"Small Slimes","floor":7,"turns":3},{"damage":7,"enemies":"Red Slaver","floor":10,"turns":2},{"damage":1,"enemies":"Blue Slaver","floor":11,"turns":2},{"damage":8,"enemies":"Exordium Thugs","floor":12,"turns":3},{"damage":6,"enemies":"3 Sentries","floor":14,"turns":5},{"damage":30,"enemies":"Hexaghost","floor":16,"turns":8},{"damage":12,"enemies":"Chosen","floor":18,"turns":2},{"damage":4,"enemies":"3 Byrds","floor":20,"turns":3},{"damage":12,"enemies":"Book of Stabbing","floor":27,"turns":5},{"damage":27,"enemies":"Slavers","floor":29,"turns":4},{"damage":19,"enemies":"Collector","floor":33,"turns":8}],"seed_played":"7111692268631910679","potions_obtained":[{"floor":1,"key":"SkillPotion"},{"floor":7,"key":"EssenceOfSteel"},{"floor":10,"key":"FocusPotion"},{"floor":12,"key":"Fire Potion"},{"floor":16,"key":"GamblersBrew"},{"floor":18,"key":"GamblersBrew"},{"floor":27,"key":"SkillPotion"},{"floor":29,"key":"Swift Potion"}],"is_trial":false,"path_per_floor":["M","M","?","?","$","E","M","R","T","M","M","M","R","E","R","B",null,"M","T","M","?","$","R","?","?","T","E","T","E","R","?","R","B"],"character_chosen":"DEFECT","items_purchased":["Go for the Eyes","Regal Pillow","Rainbow","Go for the Eyes"],"campfire_rested":5,"item_purchase_floors":[5,22,22,22],"current_hp_per_floor":[68,68,56,56,56,27,27,49,49,42,41,33,55,49,71,41,67,55,55,51,44,44,75,75,75,75,63,63,36,73,73,73,54],"gold":326,"neow_bonus":"UPGRADE_CARD","is_prod":false,"is_daily":false,"chose_seed":false,"campfire_upgraded":1,"win_rate":0,"timestamp":1541824236,"path_taken":["M","?","?","?","$","E","M","R","T","M","M","M","R","E","R","BOSS","M","?","M","?","?","R","?","?","T","E","?","E","R","?","R","BOSS"],"build_version":"2018-11-08","purchased_purges":0,"victory":false,"max_hp_per_floor":[75,75,75,75,75,75,75,75,75,75,75,75,75,75,75,75,75,75,75,75,75,75,75,75,75,75,75,75,75,75,75,75,75],"card_choices":[{"not_picked":["Hello World","Rebound"],"picked":"Cold Snap","floor":1},{"not_picked":["Rebound","Redo"],"picked":"Cold Snap","floor":2},{"not_picked":["Reinforced Body","Core Surge"],"picked":"Rebound","floor":6},{"not_picked":["Redo","Hello World"],"picked":"Rebound","floor":7},{"not_picked":["Gash","Compile Driver"],"picked":"Sweeping Beam","floor":10},{"not_picked":["Hello World","Stack","Streamline"],"picked":"SKIP","floor":11},{"not_picked":["Turbo","Chaos"],"picked":"Doom and Gloom","floor":12},{"not_picked":["Static Discharge","Stack"],"picked":"Biased Cognition","floor":14},{"not_picked":["Echo Form","Meteor Strike"],"picked":"Seek","floor":16},{"not_picked":[],"picked":"Stack+1","floor":18},{"not_picked":[],"picked":"Fusion+1","floor":20},{"not_picked":[],"picked":"Glacier","floor":27},{"not_picked":[],"picked":"Ball Lightning","floor":29}],"player_experience":978761,"relics_obtained":[{"floor":6,"key":"Kunai"},{"floor":9,"key":"Lantern"},{"floor":14,"key":"Juzu Bracelet"},{"floor":19,"key":"Potion Belt"},{"floor":26,"key":"Oddly Smooth Stone"},{"floor":27,"key":"MawBank"},{"floor":28,"key":"Bottled Lightning"},{"floor":29,"key":"WingedGreaves"}],"event_choices":[{"damage_healed":0,"gold_gain":0,"player_choice":"Success","damage_taken":12,"relics_obtained":["Centennial Puzzle"],"max_hp_gain":0,"max_hp_loss":0,"event_name":"Scrap Ooze","floor":3,"gold_loss":0},{"damage_healed":0,"gold_gain":0,"player_choice":"Forge","damage_taken":0,"max_hp_gain":0,"max_hp_loss":0,"event_name":"Accursed Blacksmith","floor":4,"gold_loss":0,"cards_upgraded":["Dualcast"]},{"damage_healed":0,"gold_gain":75,"player_choice":"Touch","damage_taken":7,"max_hp_gain":0,"max_hp_loss":0,"event_name":"FaceTrader","floor":21,"gold_loss":0},{"damage_healed":0,"gold_gain":0,"player_choice":"1 cards matched","damage_taken":0,"max_hp_gain":0,"max_hp_loss":0,"event_name":"Match and Keep!","floor":24,"gold_loss":0,"cards_obtained":["Zap"]},{"damage_healed":0,"gold_gain":0,"player_choice":"Upgrade","damage_taken":0,"max_hp_gain":0,"max_hp_loss":0,"event_name":"Designer","floor":25,"gold_loss":40,"cards_upgraded":["Biased Cognition"]},{"damage_healed":0,"gold_gain":0,"player_choice":"Ignored","damage_taken":0,"max_hp_gain":0,"max_hp_loss":0,"event_name":"Ghosts","floor":31,"gold_loss":0}],"is_beta":false,"boss_relics":[{"not_picked":["Ectoplasm","Cursed Key"],"picked":"Busted Crown"}],"items_purged_floors":[],"is_endless":false,"potions_floor_spawned":[1,7,10,12,16,18,27,29],"killed_by":"Collector","ascension_level":8}