{"gold_per_floor":[218,218,229,229,61,61,95,95,95,128,128,147,174,192,192,269,269,269,219,38,38,38,38,38,38,38,38,38,38,38,38,38,38],"floor_reached":33,"playtime":1942,"items_purged":["Regret"],"score":639,"play_id":"dc119de9-e891-46af-924f-a78d6c1fbbd6","local_time":"20181016214039","is_ascension_mode":true,"campfire_choices":[{"data":"Dropkick","floor":6.0,"key":"SMITH"},{"data":"Armaments","floor":8.0,"key":"SMITH"},{"data":"Perfected Strike","floor":15.0,"key":"SMITH"},{"data":"Immolate","floor":23.0,"key":"SMITH"},{"floor":32.0,"key":"REST"}],"neow_cost":"NONE","seed_source_timestamp":0,"circlet_count":0,"master_deck":["Strike_R","Strike_R","Strike_R","Strike_R","Defend_R+1","Defend_R","Defend_R+1","Defend_R","Bash","AscendersBane","Thunderclap+1","Twin Strike","Dropkick+1","Armaments+1","Twin Strike","Cleave","Perfected Strike+1","Flame Barrier","Twin Strike","Immolate+1","Shrug It Off","Pommel Strike","Headbutt","Flex","Flex+1","Inflame","Perfected Strike","Perfected Strike","Dropkick","Spot Weakness"],"special_seed":0,"relics":["Burning Blood","Self Forming Clay","Prayer Wheel","Meat on the Bone","Pen Nib","Boot","Ectoplasm","War Paint","Singing Bowl","Happy Flower","Tiny Chest","Gremlin Horn","Spirit Poop","Blue Candle"],"potions_floor_usage":[],"damage_taken":[{"damage":6.0,"enemies":"Cultist","floor":1.0,"turns":3.0},{"damage":4.0,"enemies":"Small Slimes","floor":3.0,"turns":3.0},{"damage":16.0,"enemies":"3 Sentries","floor":7.0,"turns":6.0},{"damage":25.0,"enemies":"Gremlin Nob","floor":10.0,"turns":5.0},{"damage":1.0,"enemies":"2 Louse","floor":12.0,"turns":3.0},{"damage":17.0,"enemies":"3 Sentries","floor":13.0,"turns":5.0},{"damage":16.0,"enemies":"Large Slime","floor":14.0,"turns":3.0},{"damage":18.0,"enemies":"Slime Boss","floor":16.0,"turns":8.0},{"damage":6.0,"enemies":"Spheric Guardian","floor":18.0,"turns":3.0},{"damage":12.0,"enemies":"Chosen","floor":21.0,"turns":3.0},{"damage":0.0,"enemies":"Snecko","floor":22.0,"turns":2.0},{"damage":45.0,"enemies":"Gremlin Leader","floor":25.0,"turns":4.0},{"damage":11.0,"enemies":"Book of Stabbing","floor":28.0,"turns":3.0},{"damage":27.0,"enemies":"Gremlin Leader","floor":30.0,"turns":5.0},{"damage":4.0,"enemies":"Cultist and Chosen","floor":31.0,"turns":3.0},{"damage":18,"enemies":"Champ","floor":33,"turns":6}],"seed_played":"8917178426081642076","potions_obtained":[{"floor":3.0,"key":"Energy Potion"},{"floor":7.0,"key":"Energy Potion"},{"floor":10.0,"key":"Swift Potion"},{"floor":16.0,"key":"Ancient Potion"},{"floor":21.0,"key":"GamblersBrew"},{"floor":28.0,"key":"Strength Potion"}],"is_trial":false,"path_per_floor":["M","?","M","?","$","R","E","R","T","E","?","M","E","M","R","B",null,"M","?","$","M","M","R","?","E","T","?","E","?","E","M","R"],"character_chosen":"IRONCLAD","items_purchased":["Dropkick","War Paint"],"campfire_rested":1,"item_purchase_floors":[5,20],"current_hp_per_floor":[68,68,70,70,70,70,60,60,60,53,53,58,47,49,49,49,69,69,69,69,63,69,69,69,42,42,42,51,51,44,46,69,51],"gold":38,"neow_bonus":"HUNDRED_GOLD","is_prod":false,"is_daily":false,"chose_seed":false,"campfire_upgraded":4,"win_rate":0,"timestamp":1539744039,"path_taken":["M","?","M","?","$","R","E","R","T","E","?","M","E","M","R","BOSS","M","?","$","M","M","R","?","E","T","?","E","?","E","M","R","BOSS"],"build_version":"2018-10-11","purchased_purges":1,"victory":false,"max_hp_per_floor":[75,75,75,75,75,75,75,75,75,75,75,75,75,75,75,75,75,75,75,75,75,75,75,75,75,75,75,77,77,79,79,79,79],"card_choices":[{"not_picked":["Second Wind","Clash"],"picked":"Thunderclap","floor":1.0},{"not_picked":["Clash","Pommel Strike"],"picked":"Twin Strike","floor":3.0},{"not_picked":["Brutality","Pommel Strike"],"picked":"Armaments","floor":7.0},{"not_picked":["Corruption","Clash"],"picked":"Twin Strike","floor":10.0},{"not_picked":["Searing Blow","True Grit"],"picked":"Cleave","floor":12.0},{"not_picked":["Battle Trance","Twin Strike"],"picked":"Perfected Strike","floor":12.0},{"not_picked":["Bloodletting","Fire Breathing"],"picked":"Flame Barrier","floor":13.0},{"not_picked":["Brutality","Pommel Strike"],"picked":"Twin Strike","floor":14.0},{"not_picked":["Sword Boomerang","Clothesline","Havoc"],"picked":"SKIP","floor":14.0},{"not_picked":["Offering","Impervious"],"picked":"Immolate","floor":16.0},{"not_picked":["Warcry","Bloodletting"],"picked":"Shrug It Off","floor":18.0},{"not_picked":["True Grit","Shrug It Off"],"picked":"Pommel Strike","floor":18.0},{"not_picked":["Armaments","True Grit"],"picked":"Headbutt","floor":21.0},{"not_picked":["Entrench","Uppercut"],"picked":"Flex","floor":21.0},{"not_picked":["Anger","Second Wind"],"picked":"Flex+1","floor":22.0},{"not_picked":["Bloodletting","Offering"],"picked":"Inflame","floor":22.0},{"not_picked":["Cleave","Spot Weakness"],"picked":"Perfected Strike","floor":25.0},{"not_picked":["Warcry","Shrug It Off","Combust"],"picked":"Singing Bowl","floor":28.0},{"not_picked":["Shrug It Off","Cleave","Reaper"],"picked":"Singing Bowl","floor":30.0},{"not_picked":["Anger","Shrug It Off"],"picked":"Dropkick","floor":31.0},{"not_picked":["Ghostly Armor","Heavy Blade"],"picked":"Spot Weakness","floor":31.0}],"player_experience":776482,"relics_obtained":[{"floor":7.0,"key":"Prayer Wheel"},{"floor":9.0,"key":"Meat on the Bone"},{"floor":10.0,"key":"Pen Nib"},{"floor":13.0,"key":"Boot"},{"floor":25.0,"key":"Singing Bowl"},{"floor":26.0,"key":"Happy Flower"},{"floor":28.0,"key":"Gremlin Horn"},{"floor":30.0,"key":"Blue Candle"}],"event_choices":[{"event_name":"Living Wall","player_choice":"Grow","floor":2.0,"damage_taken":0.0},{"event_name":"Big Fish","player_choice":"Box","floor":4.0,"damage_taken":0.0},{"event_name":"Purifier","player_choice":"One Purge","floor":11.0,"damage_taken":0.0},{"event_name":"The Joust","player_choice":"Bet on Murderer","floor":19.0,"damage_taken":0.0},{"event_name":"The Library","player_choice":"Read","floor":24.0,"damage_taken":0.0},{"event_name":"The Mausoleum","player_choice":"Yes","floor":27.0,"damage_taken":0.0},{"event_name":"Bonfire Elementals","player_choice":"CURSE","floor":29.0,"damage_taken":0.0}],"is_beta":false,"boss_relics":[{"not_picked":["Pandora\u0027s Box","Lizard Tail"],"picked":"Ectoplasm"}],"items_purged_floors":[5],"is_endless":false,"potions_floor_spawned":[3,7,10,16,21,28],"killed_by":"Champ","ascension_level":17}