{"gold_per_floor":[117,117,137,152,152,152,83,83,109,59,78,78,78,103,103,229,229,245,245,118,141,156,156,195,195,195,213,213,213,213,234,234,234],"floor_reached":33,"playtime":1657,"items_purged":["Strike_B","Strike_B"],"score":255,"play_id":"3232e823-2582-4147-8511-8eff4f90c10c","local_time":"20190617095609","is_ascension_mode":false,"campfire_choices":[{"data":"Zap","floor":6.0,"key":"SMITH"},{"data":"Defragment","floor":8.0,"key":"SMITH"},{"data":"Static Discharge","floor":12.0,"key":"SMITH"},{"data":"Barrage","floor":15.0,"key":"SMITH"},{"data":"Fission","floor":23,"key":"SMITH"},{"data":"Static Discharge","floor":25,"key":"SMITH"},{"data":"Barrage","floor":28,"key":"SMITH"},{"data":"Hologram","floor":30,"key":"SMITH"},{"floor":32,"key":"REST"}],"neow_cost":"NONE","seed_source_timestamp":0,"circlet_count":0,"master_deck":["Strike_B","Defend_B","Defend_B","Defend_B","Defend_B","Zap+1","Dualcast","Barrage+1","Static Discharge+1","Hologram+1","Barrage","Defragment+1","Coolheaded","Barrage+1","Fission+1","Beam Cell+1","Ball Lightning","Cold Snap","Machine Learning","Hologram+1","Static Discharge+1","Storm","Shame","Buffer"],"special_seed":0,"relics":["Cracked Core","Golden Idol","Smiling Mask","Nuclear Battery","Dead Branch","Ice Cream","Molten Egg 2"],"potions_floor_usage":[22,27],"damage_taken":[{"damage":1.0,"enemies":"Jaw Worm","floor":1.0,"turns":3.0},{"damage":5.0,"enemies":"2 Louse","floor":3.0,"turns":2.0},{"damage":1.0,"enemies":"Cultist","floor":4.0,"turns":3.0},{"damage":14.0,"enemies":"Large Slime","floor":11.0,"turns":4.0},{"damage":1.0,"enemies":"2 Fungi Beasts","floor":14.0,"turns":4.0},{"damage":15.0,"enemies":"The Guardian","floor":16.0,"turns":8.0},{"damage":5,"enemies":"Spheric Guardian","floor":18,"turns":3},{"damage":5,"enemies":"Shell Parasite","floor":21,"turns":4},{"damage":7,"enemies":"Sentry and Sphere","floor":22,"turns":5},{"damage":33,"enemies":"Slavers","floor":24,"turns":3},{"damage":3,"enemies":"Shelled Parasite and Fungi","floor":27,"turns":4},{"damage":14,"enemies":"Snake Plant","floor":31,"turns":2},{"damage":44,"enemies":"Collector","floor":33,"turns":6}],"seed_played":"-6424123678720062036","potions_obtained":[{"floor":14.0,"key":"Block Potion"},{"floor":18,"key":"Block Potion"},{"floor":24,"key":"Fire Potion"},{"floor":31,"key":"SpeedPotion"}],"is_trial":false,"path_per_floor":["M","?","M","M","?","R","$","R","T","$","M","R","?","M","R","B",null,"M","?","$","M","M","R","E","R","T","M","R","?","R","M","R","B"],"character_chosen":"DEFECT","items_purchased":["Defragment","Ball Lightning","Cold Snap"],"campfire_rested":1,"item_purchase_floors":[7,20,20],"current_hp_per_floor":[74,56,51,50,43,43,43,43,43,43,29,29,75,74,74,59,75,70,70,70,65,58,58,25,25,25,22,22,22,22,8,30,0],"gold":234,"neow_bonus":"THREE_CARDS","is_prod":false,"is_daily":false,"chose_seed":false,"campfire_upgraded":8,"win_rate":0,"timestamp":1560783369,"path_taken":["M","?","M","M","?","R","$","R","T","?","M","R","?","?","R","BOSS","M","?","$","M","M","R","E","R","T","M","R","?","R","M","R","BOSS"],"build_version":"2019-01-23","purchased_purges":2,"victory":false,"max_hp_per_floor":[75,75,75,75,75,75,75,75,75,75,75,75,75,75,75,75,75,75,75,75,75,75,75,75,75,75,75,75,75,75,75,75,75],"card_choices":[{"not_picked":["Stack","Force Field"],"picked":"Barrage","floor":0.0},{"not_picked":["Steam","Gash"],"picked":"Static Discharge","floor":1.0},{"not_picked":["Streamline","Rebound"],"picked":"Hologram","floor":3.0},{"not_picked":["Amplify","Steam"],"picked":"Barrage","floor":4.0},{"not_picked":["Scrape","Melter"],"picked":"Coolheaded","floor":11.0},{"not_picked":["Loop","Redo"],"picked":"Barrage","floor":14.0},{"not_picked":["Creative AI","Biased Cognition"],"picked":"Fission","floor":16.0},{"not_picked":["Gash","Stack+1"],"picked":"Beam Cell+1","floor":18},{"not_picked":["Leap","Turbo"],"picked":"Machine Learning","floor":21},{"not_picked":["Beam Cell","Reprogram"],"picked":"Hologram+1","floor":22},{"not_picked":["Gash+1","Coolheaded"],"picked":"Static Discharge","floor":24},{"not_picked":["Rebound","Recycle+1"],"picked":"Storm","floor":27},{"not_picked":["Hologram","Self Repair"],"picked":"Buffer","floor":31}],"player_experience":1463992,"relics_obtained":[{"floor":9.0,"key":"Smiling Mask"},{"floor":24,"key":"Dead Branch"},{"floor":26,"key":"Ice Cream"}],"event_choices":[{"damage_healed":0.0,"max_hp_gain":0.0,"max_hp_loss":0.0,"gold_gain":0.0,"event_name":"Golden Idol","player_choice":"Take Damage","floor":2.0,"gold_loss":0.0,"damage_taken":18.0,"relics_obtained":["Golden Idol"]},{"cards_removed":["Strike_B"],"damage_healed":0.0,"max_hp_gain":0.0,"max_hp_loss":0.0,"gold_gain":0.0,"event_name":"Golden Wing","player_choice":"Card Removal","floor":5.0,"gold_loss":0.0,"damage_taken":7.0},{"damage_healed":46.0,"max_hp_gain":0.0,"max_hp_loss":0.0,"gold_gain":0.0,"event_name":"Wheel of Change","player_choice":"Full Heal","floor":13.0,"gold_loss":0.0,"damage_taken":0.0},{"damage_healed":0,"gold_gain":0,"player_choice":"Ignored","damage_taken":0,"max_hp_gain":0,"max_hp_loss":0,"event_name":"Vampires","floor":19,"gold_loss":0},{"damage_healed":0,"gold_gain":0,"player_choice":"Stole Relic","damage_taken":0,"relics_obtained":["Molten Egg 2"],"max_hp_gain":0,"max_hp_loss":0,"event_name":"Addict","floor":29,"gold_loss":0,"cards_obtained":["Shame"]}],"is_beta":false,"boss_relics":[{"not_picked":["Sozu","Pandora\u0027s Box"],"picked":"Nuclear Battery"}],"items_purged_floors":[10,20],"is_endless":false,"potions_floor_spawned":[14,18,24,31],"killed_by":"Collector","ascension_level":0}