{"gold_per_floor":[119,119,136,136,61,77,77,88,88,102,102,132,132,132,132,252,252,267,288,288,288,142,155,155,194,194,207,228,248,123,162,162,291,291,311,377,327,352,352,352,377,392,392,410,410,410,451,469,469,469],"floor_reached":50,"playtime":2676,"items_purged":["Regret","Writhe","Parasite"],"score":564,"play_id":"cd841daf-624a-4dd6-b37e-aa1f6e603f95","local_time":"20190703142250","is_ascension_mode":false,"campfire_choices":[{"data":"Neutralize","floor":7.0,"key":"SMITH"},{"data":"Dagger Spray","floor":11.0,"key":"SMITH"},{"floor":13.0,"key":"REST"},{"data":"Deadly Poison","floor":15.0,"key":"SMITH"},{"data":"Cloak And Dagger","floor":24.0,"key":"SMITH"},{"data":"Deadly Poison","floor":32.0,"key":"SMITH"},{"data":"Cloak And Dagger","floor":40.0,"key":"SMITH"},{"floor":45,"key":"REST"},{"floor":49,"key":"REST"}],"neow_cost":"NONE","seed_source_timestamp":107825101344359,"circlet_count":0,"master_deck":["Strike_G","Strike_G","Strike_G","Strike_G","Strike_G","Defend_G","Defend_G","Defend_G","Defend_G","Defend_G","Survivor","Neutralize+1","Deadly Poison+1","Sucker Punch","Dagger Spray+1","Slice+1","PiercingWail","Cloak And Dagger+1","Cloak And Dagger+1","Deadly Poison+1","PiercingWail+1","Backflip","Deadly Poison+1","Backflip+1"],"special_seed":0,"relics":["Cursed Key","Centennial Puzzle","Ninja Scroll","Ornamental Fan","Pantograph","Golden Idol","WristBlade","Singing Bowl","MutagenicStrength","Mercury Hourglass","Art of War","Runic Dome","Tingsha","Darkstone Periapt"],"potions_floor_usage":[42,42,47,48,50],"damage_taken":[{"damage":1.0,"enemies":"Jaw Worm","floor":1.0,"turns":5.0},{"damage":0.0,"enemies":"Cultist","floor":3.0,"turns":3.0},{"damage":0.0,"enemies":"Small Slimes","floor":6.0,"turns":2.0},{"damage":4.0,"enemies":"Blue Slaver","floor":8.0,"turns":3.0},{"damage":0.0,"enemies":"Exordium Wildlife","floor":10.0,"turns":3.0},{"damage":5.0,"enemies":"Gremlin Nob","floor":12.0,"turns":4.0},{"damage":12.0,"enemies":"The Guardian","floor":16.0,"turns":11.0},{"damage":11.0,"enemies":"Spheric Guardian","floor":18.0,"turns":4.0},{"damage":0.0,"enemies":"2 Thieves","floor":19.0,"turns":3.0},{"damage":0.0,"enemies":"3 Cultists","floor":23.0,"turns":4.0},{"damage":0.0,"enemies":"Slavers","floor":25.0,"turns":5.0},{"damage":0.0,"enemies":"Centurion and Healer","floor":27.0,"turns":4.0},{"damage":1.0,"enemies":"Snake Plant","floor":28.0,"turns":3.0},{"damage":0.0,"enemies":"3 Cultists","floor":29.0,"turns":3.0},{"damage":6.0,"enemies":"Book of Stabbing","floor":31.0,"turns":5.0},{"damage":53.0,"enemies":"Collector","floor":33.0,"turns":7.0},{"damage":0.0,"enemies":"3 Darklings","floor":35.0,"turns":5.0},{"damage":33.0,"enemies":"2 Orb Walkers","floor":36.0,"turns":6.0},{"damage":0.0,"enemies":"Orb Walker","floor":38.0,"turns":2.0},{"damage":2.0,"enemies":"Spire Growth","floor":41.0,"turns":4.0},{"damage":5,"enemies":"Maw","floor":42,"turns":6},{"damage":9,"enemies":"Transient","floor":44,"turns":5},{"damage":12,"enemies":"Reptomancer","floor":47,"turns":5},{"damage":6,"enemies":"Spire Growth","floor":48,"turns":4},{"damage":100,"enemies":"Donu and Deca","floor":50,"turns":8}],"seed_played":"-8601862890148848212","potions_obtained":[{"floor":1.0,"key":"SkillPotion"},{"floor":3.0,"key":"EssenceOfSteel"},{"floor":8.0,"key":"Weak Potion"},{"floor":25.0,"key":"Block Potion"},{"floor":28.0,"key":"GhostInAJar"},{"floor":31.0,"key":"FearPotion"},{"floor":33.0,"key":"Dexterity Potion"},{"floor":38.0,"key":"Fire Potion"},{"floor":42,"key":"Strength Potion"},{"floor":44,"key":"Explosive Potion"},{"floor":47,"key":"Poison Potion"}],"is_trial":false,"path_per_floor":["M","?","M","T","$","M","R","M","T","M","R","E","R","?","R","B",null,"M","M","?","?","$","M","R","E","T","M","M","M","$","E","R","B",null,"M","?","$","M","$","R","M","M","T","M","R","?","E","M","R","B"],"character_chosen":"THE_SILENT","items_purchased":["Cloak And Dagger","Backflip"],"campfire_rested":3,"item_purchase_floors":[22,37],"current_hp_per_floor":[69,44,44,44,44,44,44,40,40,40,40,35,56,39,39,52,70,59,59,59,59,59,61,61,63,63,63,64,66,66,60,60,24,77,77,46,46,48,48,48,46,43,43,34,58,60,50,46,72,0],"gold":469,"neow_bonus":"BOSS_RELIC","is_prod":false,"is_daily":false,"chose_seed":false,"campfire_upgraded":6,"win_rate":0,"timestamp":1562156570,"path_taken":["M","?","M","?","$","M","R","?","T","M","R","E","R","?","R","BOSS","M","M","?","?","$","M","R","E","T","M","M","M","?","E","R","BOSS","M","?","$","M","$","R","M","M","T","M","R","?","E","M","R","BOSS"],"build_version":"2019-07-01","purchased_purges":3,"victory":false,"max_hp_per_floor":[70,70,70,70,70,70,70,70,70,70,70,70,70,70,70,70,70,70,70,70,70,70,72,72,74,74,74,76,78,75,75,75,77,77,77,79,79,81,81,81,81,83,83,83,83,85,87,89,89,89],"card_choices":[{"not_picked":["Noxious Fumes","Cloak And Dagger"],"picked":"Deadly Poison","floor":1.0},{"not_picked":["Bane","Blade Dance"],"picked":"Sucker Punch","floor":3.0},{"not_picked":["Sucker Punch","Outmaneuver"],"picked":"Dagger Spray","floor":6.0},{"not_picked":["Sucker Punch","Flechettes","Terror"],"picked":"SKIP","floor":8.0},{"not_picked":["Wraith Form v2","Choke","Reflex"],"picked":"SKIP","floor":10.0},{"not_picked":["Wraith Form v2","Choke","Reflex"],"picked":"SKIP","floor":10.0},{"not_picked":["Dagger Throw","Setup","Blur"],"picked":"SKIP","floor":12.0},{"not_picked":["Terror","Outmaneuver"],"picked":"Slice+1","floor":18.0},{"not_picked":["Prepared","Dagger Throw+1"],"picked":"PiercingWail","floor":19.0},{"not_picked":["Underhanded Strike","Skewer","Infinite Blades"],"picked":"Singing Bowl","floor":23.0},{"not_picked":["Setup+1","Well Laid Plans+1","Accuracy"],"picked":"Singing Bowl","floor":25.0},{"not_picked":["Flying Knee","Skewer+1"],"picked":"Cloak And Dagger","floor":27.0},{"not_picked":["Dash","Quick Slash","Cloak And Dagger"],"picked":"Singing Bowl","floor":28.0},{"not_picked":["Deflect+1","Die Die Die","Dagger Throw"],"picked":"Singing Bowl","floor":29.0},{"not_picked":["Flying Knee","Catalyst+1"],"picked":"Deadly Poison","floor":31.0},{"not_picked":["Envenom","Storm of Steel","Phantasmal Killer"],"picked":"Singing Bowl","floor":33.0},{"not_picked":["Prepared+1","Well Laid Plans+1"],"picked":"PiercingWail+1","floor":35.0},{"not_picked":["Endless Agony","Eviscerate+1","Reflex+1"],"picked":"Singing Bowl","floor":36.0},{"not_picked":["Underhanded Strike+1","Riddle With Holes","Expertise"],"picked":"Singing Bowl","floor":38.0},{"not_picked":["Quick Slash","Prepared+1"],"picked":"Deadly Poison+1","floor":41.0},{"not_picked":["Eviscerate","Quick Slash","Bouncing Flask+1"],"picked":"Singing Bowl","floor":42},{"not_picked":["Masterful Stab","Dagger Throw+1"],"picked":"Backflip+1","floor":44},{"not_picked":["Bandage Up","Trip","Deep Breath"],"picked":"Singing Bowl","floor":46},{"not_picked":["Underhanded Strike","Dash","Catalyst+1"],"picked":"Singing Bowl","floor":47},{"not_picked":["Reflex","Poisoned Stab+1","Noxious Fumes"],"picked":"Singing Bowl","floor":48}],"player_experience":444302,"relics_obtained":[{"floor":4.0,"key":"Ninja Scroll"},{"floor":9.0,"key":"Ornamental Fan"},{"floor":12.0,"key":"Pantograph"},{"floor":25.0,"key":"Mercury Hourglass"},{"floor":31.0,"key":"Art of War"},{"floor":36.0,"key":"Tingsha"},{"floor":47,"key":"Darkstone Periapt"}],"event_choices":[{"damage_healed":0.0,"max_hp_gain":0.0,"max_hp_loss":0.0,"gold_gain":0.0,"event_name":"Scrap Ooze","player_choice":"Success","floor":2.0,"gold_loss":0.0,"damage_taken":25.0,"relics_obtained":["Centennial Puzzle"]},{"damage_healed":0.0,"max_hp_gain":0.0,"max_hp_loss":0.0,"gold_gain":0.0,"event_name":"Golden Idol","player_choice":"Take Damage","floor":14.0,"gold_loss":0.0,"damage_taken":17.0,"relics_obtained":["Golden Idol"]},{"damage_healed":0.0,"max_hp_gain":0.0,"max_hp_loss":0.0,"gold_gain":0.0,"event_name":"The Mausoleum","player_choice":"Opened","floor":20.0,"gold_loss":0.0,"damage_taken":0.0,"relics_obtained":["Singing Bowl"],"cards_obtained":["Writhe"]},{"damage_healed":0.0,"max_hp_gain":0.0,"max_hp_loss":0.0,"gold_gain":0.0,"event_name":"Drug Dealer","player_choice":"Inject Mutagens","floor":21.0,"gold_loss":0.0,"damage_taken":0.0,"relics_obtained":["MutagenicStrength"]},{"damage_healed":0.0,"max_hp_gain":0.0,"max_hp_loss":0.0,"gold_gain":0.0,"event_name":"Mysterious Sphere","player_choice":"Fight","floor":36.0,"gold_loss":0.0,"damage_taken":0.0},{"damage_healed":0,"gold_gain":0,"player_choice":"Memory 1","damage_taken":0,"max_hp_gain":0,"max_hp_loss":0,"event_name":"SensoryStone","floor":46,"gold_loss":0}],"is_beta":false,"boss_relics":[{"not_picked":["Pandora\u0027s Box","Busted Crown"],"picked":"WristBlade"},{"not_picked":["Eternal Feather","Black Star"],"picked":"Runic Dome"}],"items_purged_floors":[5,22,30],"is_endless":false,"potions_floor_spawned":[1,3,8,25,28,29,31,33,38,42,44,47],"killed_by":"Donu and Deca","ascension_level":0}