{"gold_per_floor":[110,210,210,221,101,101,128,144,190,215,235,37,37,53,53,151,151,164,164,94,111,111,111],"floor_reached":23,"playtime":1458,"items_purged":["Regret","Strike_G"],"score":229,"play_id":"2ec4f606-2b67-4f4b-9b38-30cab79cbb34","local_time":"20180814085053","is_ascension_mode":true,"campfire_choices":[{"data":"Dagger Spray","floor":6,"key":"SMITH"},{"floor":15,"key":"REST"}],"neow_cost":"","seed_source_timestamp":64072835774150,"circlet_count":0,"master_deck":["Defend_G+1","Defend_G+1","Defend_G+1","Defend_G+1","Defend_G+1","Strike_G+1","Strike_G+1","Strike_G+1","Strike_G+1","Survivor","Neutralize","Acrobatics","Dagger Spray+1","Slice","Footwork","Slice","Dagger Spray","Flash of Steel","Flying Knee","Tools of the Trade","Footwork","Cloak And Dagger","Backflip","Sucker Punch","Poisoned Stab","Choke","Poisoned Stab"],"relics":["Ring of the Snake","Oddly Smooth Stone","Bronze Scales","Art of War","Incense Burner","Orrery"],"potions_floor_usage":[10,16,16,23],"damage_taken":[{"damage":10,"enemies":"Cultist","floor":1,"turns":6},{"damage":7,"enemies":"Jaw Worm","floor":4,"turns":6},{"damage":34,"enemies":"Lagavulin","floor":7,"turns":11},{"damage":0,"enemies":"2 Louse","floor":8,"turns":3},{"damage":17,"enemies":"Gremlin Nob","floor":10,"turns":5},{"damage":0,"enemies":"Red Slaver","floor":11,"turns":3},{"damage":0,"enemies":"Exordium Wildlife","floor":14,"turns":3},{"damage":12,"enemies":"Hexaghost","floor":16,"turns":9},{"damage":2,"enemies":"Spheric Guardian","floor":18,"turns":6},{"damage":22,"enemies":"2 Thieves","floor":21,"turns":4},{"damage":48,"enemies":"Slavers","floor":23,"turns":4}],"seed_played":"-6468544404050167339","potions_obtained":[{"floor":7,"key":"Fire Potion"},{"floor":11,"key":"SteroidPotion"},{"floor":14,"key":"SteroidPotion"},{"floor":16,"key":"Weak Potion"}],"is_trial":false,"path_per_floor":["M","?","?","M","$","R","E","M","T","E","M","$","?","M","R","B",null,"M","?","$","M","?"],"character_chosen":"THE_SILENT","items_purchased":["Slice","Flash of Steel","Choke"],"campfire_rested":1,"item_purchase_floors":[5,12,20],"current_hp_per_floor":[60,60,60,53,53,53,19,19,19,2,2,2,2,2,23,11,70,68,68,68,46,46,0],"gold":111,"neow_bonus":"","is_prod":false,"is_daily":false,"chose_seed":false,"campfire_upgraded":1,"win_rate":0,"timestamp":1534254653,"path_taken":["M","?","?","M","$","R","E","?","T","E","M","$","?","M","R","BOSS","M","?","?","M","?","E"],"build_version":"2018-08-09","purchased_purges":2,"victory":false,"max_hp_per_floor":[70,70,70,70,70,70,70,70,70,70,70,70,70,70,70,70,70,70,70,70,70,70,70],"card_choices":[{"not_picked":["Bane","PiercingWail"],"picked":"Acrobatics","floor":1},{"not_picked":["Dodge and Roll","Well Laid Plans"],"picked":"Dagger Spray","floor":4},{"not_picked":["Cloak And Dagger","Doppelganger"],"picked":"Footwork","floor":7},{"not_picked":["Acrobatics","Deadly Poison"],"picked":"Slice","floor":8},{"not_picked":["Underhanded Strike","Bane","Expertise"],"picked":"SKIP","floor":10},{"not_picked":["Quick Slash","Backstab"],"picked":"Dagger Spray","floor":11},{"not_picked":["Underhanded Strike","Dodge and Roll"],"picked":"Flying Knee","floor":14},{"not_picked":["Doppelganger","Malaise"],"picked":"Tools of the Trade","floor":16},{"not_picked":["Slice","Predator"],"picked":"Footwork","floor":17},{"not_picked":["Flechettes","Slice"],"picked":"Cloak And Dagger","floor":17},{"not_picked":["Deflect","Concentrate"],"picked":"Backflip","floor":17},{"not_picked":["Underhanded Strike","Setup"],"picked":"Sucker Punch","floor":17},{"not_picked":["Riddle With Holes","Bouncing Flask"],"picked":"Poisoned Stab","floor":18},{"not_picked":["Catalyst+1","Storm of Steel"],"picked":"Poisoned Stab","floor":21}],"player_experience":499887,"relics_obtained":[{"floor":7,"key":"Bronze Scales"},{"floor":9,"key":"Art of War"},{"floor":10,"key":"Incense Burner"}],"event_choices":[{"event_name":"Golden Shrine","player_choice":"Pray","floor":2,"damage_taken":0},{"event_name":"Big Fish","player_choice":"Box","floor":3,"damage_taken":0},{"event_name":"Shining Light","player_choice":"Ignored","floor":13,"damage_taken":0},{"event_name":"Ghosts","player_choice":"Ignored","floor":19,"damage_taken":0},{"event_name":"Back to Basics","player_choice":"Simplicity","floor":22,"damage_taken":0}],"is_beta":false,"boss_relics":[{"not_picked":["Pandora\u0027s Box","Snecko Eye"],"picked":"Orrery"}],"items_purged_floors":[5,12],"is_endless":false,"potions_floor_spawned":[7,11,14,16],"killed_by":"Slavers","ascension_level":3}