{"gold_per_floor":[112,112,42,142,159,159,192,210,210,237,251,280,206,221,221,292,292,302,317,317,331,331,331,343,343,391,391],"floor_reached":27,"playtime":2152,"items_purged":[],"score":476,"play_id":"40079fec-2359-4156-9a51-27864ed21f1e","local_time":"20190326094920","is_ascension_mode":true,"campfire_choices":[{"data":"Dualcast","floor":6.0,"key":"SMITH"},{"floor":15.0,"key":"REST"},{"floor":23,"key":"REST"},{"floor":25,"key":"REST"}],"neow_cost":"NONE","seed_source_timestamp":0,"circlet_count":0,"master_deck":["AscendersBane","Defend_B","Defend_B","Defend_B","Defend_B","Zap","Dualcast+1","Darkness","Darkness","Doom and Gloom","Beam Cell","Genetic Algorithm","Ball Lightning","Barrage","Tempest","Redo","Redo","Conserve Battery","Ball Lightning","Creative AI+1","Conserve Battery","Conserve Battery","Conserve Battery","Bite","Bite","Bite","Bite","Bite","Cold Snap"],"special_seed":0,"relics":["Cracked Core","Frozen Egg 2","Oddly Smooth Stone","Pear","Mummified Hand","Black Star","Lantern"],"potions_floor_usage":[21],"damage_taken":[{"damage":9.0,"enemies":"2 Louse","floor":1.0,"turns":2.0},{"damage":1.0,"enemies":"Cultist","floor":5.0,"turns":3.0},{"damage":0.0,"enemies":"3 Sentries","floor":7.0,"turns":2.0},{"damage":4.0,"enemies":"Small Slimes","floor":8.0,"turns":3.0},{"damage":27.0,"enemies":"Gremlin Nob","floor":10.0,"turns":5.0},{"damage":8.0,"enemies":"Red Slaver","floor":11.0,"turns":3.0},{"damage":8.0,"enemies":"3 Sentries","floor":12.0,"turns":4.0},{"damage":20.0,"enemies":"Lots of Slimes","floor":14.0,"turns":3.0},{"damage":18.0,"enemies":"Slime Boss","floor":16.0,"turns":6.0},{"damage":37.0,"enemies":"Shell Parasite","floor":18.0,"turns":6.0},{"damage":26.0,"enemies":"2 Thieves","floor":19.0,"turns":4.0},{"damage":36,"enemies":"Centurion and Healer","floor":21,"turns":8},{"damage":23,"enemies":"Snecko","floor":24,"turns":5},{"damage":0,"enemies":"Shelled Parasite and Fungi","floor":27,"turns":1}],"seed_played":"-8497531387225595300","potions_obtained":[{"floor":1.0,"key":"AttackPotion"},{"floor":5.0,"key":"SteroidPotion"},{"floor":8.0,"key":"Fire Potion"},{"floor":16.0,"key":"Dexterity Potion"},{"floor":19.0,"key":"Dexterity Potion"}],"is_trial":false,"path_per_floor":["M","?","$","?","M","R","E","M","T","E","M","E","$","M","R","B",null,"M","M","?","M","?","R","M","R","T","M"],"character_chosen":"DEFECT","items_purchased":["Doom and Gloom","Redo","Conserve Battery"],"campfire_rested":3,"item_purchase_floors":[3,13,13],"current_hp_per_floor":[66,66,66,66,65,65,65,61,61,44,36,28,28,8,35,17,73,36,10,40,4,4,23,6,25,25,25],"gold":391,"neow_bonus":"TEN_PERCENT_HP_BONUS","is_prod":false,"is_daily":false,"chose_seed":false,"campfire_upgraded":1,"win_rate":0,"timestamp":1553611760,"path_taken":["M","?","?","?","M","R","E","?","T","E","M","E","?","M","R","BOSS","M","M","?","M","?","R","M","R","T","M"],"build_version":"2019-01-23","purchased_purges":0,"victory":false,"max_hp_per_floor":[82,82,82,82,82,82,82,82,82,92,92,92,92,92,92,92,92,92,92,92,92,64,64,64,64,64,64],"card_choices":[{"not_picked":["Turbo","Reinforced Body"],"picked":"Darkness","floor":1.0},{"not_picked":["White Noise","Static Discharge"],"picked":"Beam Cell","floor":5.0},{"not_picked":["Seek","White Noise"],"picked":"Genetic Algorithm","floor":7.0},{"not_picked":["Gash","Turbo"],"picked":"Ball Lightning","floor":8.0},{"not_picked":["Hello World+1","Recycle"],"picked":"Barrage","floor":10.0},{"not_picked":["Recycle","Gash"],"picked":"Tempest","floor":11.0},{"not_picked":["Compile Driver","Buffer+1"],"picked":"Redo","floor":12.0},{"not_picked":["Sweeping Beam","Chaos"],"picked":"Ball Lightning","floor":14.0},{"not_picked":["Amplify","Fission"],"picked":"Creative AI+1","floor":16.0},{"not_picked":["Reinforced Body","Recycle+1"],"picked":"Conserve Battery","floor":18.0},{"not_picked":["Redo","Reprogram"],"picked":"Conserve Battery","floor":19.0},{"not_picked":["Rebound","Beam Cell"],"picked":"Conserve Battery","floor":21},{"not_picked":["Genetic Algorithm","Rebound"],"picked":"Cold Snap","floor":24}],"player_experience":1276506,"relics_obtained":[{"floor":7.0,"key":"Frozen Egg 2"},{"floor":9.0,"key":"Oddly Smooth Stone"},{"floor":10.0,"key":"Pear"},{"floor":12.0,"key":"Mummified Hand"},{"floor":26,"key":"Lantern"}],"event_choices":[{"damage_healed":0.0,"max_hp_gain":0.0,"max_hp_loss":0.0,"gold_gain":0.0,"cards_transformed":["Strike_B"],"event_name":"Transmorgrifier","player_choice":"Transformed","floor":2.0,"gold_loss":0.0,"damage_taken":0.0,"cards_obtained":["Darkness"]},{"damage_healed":0.0,"max_hp_gain":0.0,"max_hp_loss":0.0,"gold_gain":100.0,"event_name":"Golden Shrine","player_choice":"Pray","floor":4.0,"gold_loss":0.0,"damage_taken":0.0},{"damage_healed":30.0,"max_hp_gain":0.0,"max_hp_loss":0.0,"gold_gain":0.0,"event_name":"The Library","player_choice":"Heal","floor":20.0,"gold_loss":0.0,"damage_taken":0.0},{"damage_healed":0,"gold_gain":0,"player_choice":"Became a vampire","damage_taken":0,"max_hp_gain":0,"max_hp_loss":28,"event_name":"Vampires","floor":22,"gold_loss":0,"cards_obtained":["Bite","Bite","Bite","Bite","Bite"]}],"is_beta":false,"boss_relics":[{"not_picked":["Coffee Dripper","FrozenCore"],"picked":"Black Star"}],"items_purged_floors":[],"is_endless":false,"potions_floor_spawned":[1,5,8,10,16,19],"killed_by":"Shelled Parasite and Fungi","ascension_level":13}