{"gold_per_floor":[364,378,9,21,21,21,46,56,56,56,72,24,38,57,57,162,212,228,213,213,227,227],"floor_reached":22,"playtime":3001,"items_purged":[],"score":219,"play_id":"effac3b6-83e8-4451-958e-e3cc6e33988c","local_time":"20180906103142","is_ascension_mode":true,"campfire_choices":[{"floor":6,"key":"REST"},{"data":"Strike_R","floor":10,"key":"PURGE"},{"floor":15,"key":"REST"}],"neow_cost":"PERCENT_DAMAGE","seed_source_timestamp":605030065685649,"circlet_count":0,"master_deck":["Strike_R","Strike_R","Strike_R","Strike_R","Defend_R","Defend_R","Defend_R","Defend_R","Bash","Cleave","Anger","Shrug It Off+1","Rampage","Twin Strike","Shrug It Off","Combust+1","Ghostly Armor","Pommel Strike","Reaper","Power Through","Thunderclap","Blood for Blood+1","Cleave"],"relics":["Burning Blood","Peace Pipe","Dodecahedron","Frozen Egg 2","Tiny House"],"potions_floor_usage":[8,16,18,18,19],"damage_taken":[{"damage":1,"enemies":"Cultist","floor":1,"turns":3},{"damage":8,"enemies":"Jaw Worm","floor":2,"turns":4},{"damage":12,"enemies":"Small Slimes","floor":4,"turns":3},{"damage":27,"enemies":"Gremlin Nob","floor":7,"turns":4},{"damage":6,"enemies":"Exordium Thugs","floor":8,"turns":3},{"damage":5,"enemies":"Large Slime","floor":11,"turns":6},{"damage":10,"enemies":"3 Louse","floor":13,"turns":2},{"damage":3,"enemies":"2 Fungi Beasts","floor":14,"turns":2},{"damage":47,"enemies":"The Guardian","floor":16,"turns":10},{"damage":35,"enemies":"Shell Parasite","floor":18,"turns":6},{"damage":39,"enemies":"2 Thieves","floor":19,"turns":4},{"damage":39,"enemies":"Snecko","floor":21,"turns":6},{"damage":66,"enemies":"Cultist and Chosen","floor":22,"turns":4}],"seed_played":"1214662023867437706","potions_obtained":[{"floor":1,"key":"FairyPotion"},{"floor":4,"key":"Fire Potion"},{"floor":13,"key":"BloodPotion"},{"floor":16,"key":"Energy Potion"},{"floor":18,"key":"PowerPotion"},{"floor":19,"key":"Strength Potion"}],"is_trial":false,"path_per_floor":["M","M","$","M","?","R","E","M","T","R","M","$","M","M","R","B",null,"M","M","?","M"],"character_chosen":"IRONCLAD","items_purchased":["Peace Pipe","Shrug It Off","AttackPotion"],"campfire_rested":2,"item_purchase_floors":[3,3,12],"current_hp_per_floor":[61,59,59,53,53,77,56,56,56,56,57,57,53,56,80,39,85,64,43,43,14,0],"gold":227,"neow_bonus":"TWO_FIFTY_GOLD","is_prod":false,"is_daily":false,"chose_seed":false,"campfire_upgraded":0,"win_rate":0,"timestamp":1536255102,"path_taken":["M","?","$","M","?","R","E","M","T","R","M","?","?","M","R","BOSS","M","M","?","M","?"],"build_version":"2018-08-30","purchased_purges":0,"victory":false,"max_hp_per_floor":[80,80,80,80,80,80,80,80,80,80,80,80,80,80,80,80,85,85,85,85,85,85],"card_choices":[{"not_picked":["Burning Pact","Fire Breathing"],"picked":"Cleave","floor":1},{"not_picked":["Armaments","Wild Strike"],"picked":"Anger","floor":2},{"not_picked":["Warcry","Disarm"],"picked":"Rampage","floor":4},{"not_picked":["Feel No Pain","Entrench"],"picked":"Twin Strike","floor":7},{"not_picked":["Metallicize","Whirlwind"],"picked":"Shrug It Off","floor":8},{"not_picked":["Perfected Strike","Flex"],"picked":"Combust+1","floor":11},{"not_picked":["Perfected Strike","Flex"],"picked":"Ghostly Armor","floor":13},{"not_picked":["Anger","Hemokinesis"],"picked":"Pommel Strike","floor":14},{"not_picked":["Impervious","Double Tap"],"picked":"Reaper","floor":16},{"not_picked":["Twin Strike","Burning Pact"],"picked":"Power Through","floor":17},{"not_picked":["Warcry","True Grit"],"picked":"Thunderclap","floor":18},{"not_picked":["Evolve+1","Infernal Blade"],"picked":"Blood for Blood+1","floor":19},{"not_picked":["Rupture+1","Body Slam"],"picked":"Cleave","floor":21}],"player_experience":344840,"relics_obtained":[{"floor":7,"key":"Dodecahedron"},{"floor":9,"key":"Frozen Egg 2"}],"event_choices":[{"event_name":"Match and Keep!","player_choice":"0 cards matched","floor":5,"damage_taken":0},{"event_name":"Cursed Tome","player_choice":"Ignored","floor":20,"damage_taken":0}],"is_beta":false,"boss_relics":[{"not_picked":["Sozu","Runic Cube"],"picked":"Tiny House"}],"items_purged_floors":[],"is_endless":false,"potions_floor_spawned":[1,4,13,16,18,19],"killed_by":"Cultist and Chosen","ascension_level":3}