{"gold_per_floor":[118,118,293,312,159,159,169,203,203,203,238,238,313,331,331,434,434,450,410,161,174,184,184,200,235,235,255,180,180,180],"floor_reached":30,"playtime":3318,"items_purged":["Doubt"],"score":258,"play_id":"046067b6-d3fc-4e56-8e42-3dbfbf18cdde","local_time":"20190211193719","is_ascension_mode":false,"campfire_choices":[{"data":"Rampage","floor":6,"key":"SMITH"},{"data":"Searing Blow","floor":10,"key":"SMITH"},{"data":"Searing Blow+1","floor":12,"key":"SMITH"},{"floor":15,"key":"REST"},{"floor":23,"key":"REST"},{"floor":29,"key":"REST"}],"neow_cost":"NONE","seed_source_timestamp":2133932027373786,"circlet_count":0,"master_deck":["Strike_R","Strike_R","Strike_R","Defend_R","Defend_R","Defend_R","Defend_R","Bash","Shrug It Off","Iron Wave","Rampage+1","Searing Blow+3","Uppercut+1","Spot Weakness","Headbutt","Feed","Battle Trance","Thunderclap","Dropkick","Armaments","Anger"],"relics":["Burning Blood","Matryoshka","Anchor","Regal Pillow","Bottled Flame","White Beast Statue","Gremlin Horn","Blue Candle","Oddly Smooth Stone","Self Forming Clay"],"potions_floor_usage":[16,16,18,22,22,22,22,25,25,25,27],"damage_taken":[{"damage":1,"enemies":"2 Louse","floor":1,"turns":2},{"damage":1,"enemies":"Cultist","floor":4,"turns":4},{"damage":0,"enemies":"Jaw Worm","floor":7,"turns":4},{"damage":18,"enemies":"Lagavulin","floor":8,"turns":6},{"damage":24,"enemies":"Gremlin Nob","floor":11,"turns":5},{"damage":7,"enemies":"Large Slime","floor":14,"turns":5},{"damage":56,"enemies":"Hexaghost","floor":16,"turns":7},{"damage":29,"enemies":"Shell Parasite","floor":18,"turns":6},{"damage":24,"enemies":"Spheric Guardian","floor":21,"turns":4},{"damage":32,"enemies":"Centurion and Healer","floor":22,"turns":5},{"damage":6,"enemies":"Snake Plant","floor":24,"turns":3},{"damage":27,"enemies":"Gremlin Leader","floor":25,"turns":4},{"damage":30,"enemies":"Sentry and Sphere","floor":27,"turns":7},{"damage":0,"enemies":"Centurion and Healer","floor":30,"turns":1}],"seed_played":"1613444748697918341","potions_obtained":[{"floor":4,"key":"LiquidBronze"},{"floor":14,"key":"SkillPotion"},{"floor":16,"key":"Weak Potion"},{"floor":18,"key":"FearPotion"},{"floor":21,"key":"EntropicBrew"},{"floor":22,"key":"SteroidPotion"},{"floor":24,"key":"Explosive Potion"},{"floor":25,"key":"Explosive Potion"},{"floor":27,"key":"Regen Potion"}],"is_trial":false,"path_per_floor":["M","?","?","M","$","R","M","E","T","R","E","R","?","M","R","B",null,"M","?","$","M","M","R","M","E","T","M","?","R","M"],"character_chosen":"IRONCLAD","items_purchased":["Rampage","Gremlin Horn"],"campfire_rested":3,"item_purchase_floors":[5,20],"current_hp_per_floor":[88,81,81,86,86,86,88,76,76,76,58,58,47,46,87,37,88,65,65,65,47,21,62,62,50,50,26,26,67,67],"gold":180,"neow_bonus":"TEN_PERCENT_HP_BONUS","is_prod":false,"is_daily":false,"chose_seed":false,"campfire_upgraded":3,"win_rate":0,"timestamp":1549935439,"path_taken":["M","?","?","M","$","R","M","E","T","R","E","R","?","M","R","BOSS","M","?","$","?","M","R","M","E","T","M","?","R","M"],"build_version":"2019-01-23","purchased_purges":1,"victory":false,"max_hp_per_floor":[88,88,88,88,88,88,88,88,88,88,88,88,88,88,88,88,88,88,88,88,88,88,88,88,88,88,88,88,88,88],"card_choices":[{"not_picked":["Anger","Blood for Blood"],"picked":"Shrug It Off","floor":1},{"not_picked":["Clash","Rupture"],"picked":"Iron Wave","floor":4},{"not_picked":["Sword Boomerang","Havoc"],"picked":"Searing Blow","floor":7},{"not_picked":["Entrench","Dark Embrace"],"picked":"Uppercut","floor":8},{"not_picked":["Armaments","Pummel"],"picked":"Spot Weakness","floor":11},{"not_picked":["Clash","Shrug It Off"],"picked":"Headbutt","floor":14},{"not_picked":["Immolate","Barricade"],"picked":"Feed","floor":16},{"not_picked":["Perfected Strike+1","Rampage"],"picked":"Battle Trance","floor":18},{"not_picked":["Entrench","Combust"],"picked":"Thunderclap","floor":21},{"not_picked":["Heavy Blade","Armaments+1"],"picked":"Dropkick","floor":22},{"not_picked":["Warcry+1","True Grit","Thunderclap"],"picked":"SKIP","floor":24},{"not_picked":["Clash","Perfected Strike"],"picked":"Armaments","floor":25},{"not_picked":["Havoc","Blood for Blood"],"picked":"Anger","floor":27}],"player_experience":1111588,"relics_obtained":[{"floor":8,"key":"Matryoshka"},{"floor":9,"key":"Anchor"},{"floor":9,"key":"Regal Pillow"},{"floor":11,"key":"Bottled Flame"},{"floor":25,"key":"Blue Candle"},{"floor":26,"key":"Oddly Smooth Stone"},{"floor":26,"key":"Self Forming Clay"}],"event_choices":[{"cards_removed":["Strike_R"],"damage_healed":0,"gold_gain":0,"player_choice":"Card Removal","damage_taken":7,"max_hp_gain":0,"max_hp_loss":0,"event_name":"Golden Wing","floor":2,"gold_loss":0},{"damage_healed":0,"gold_gain":175,"player_choice":"AGREE","damage_taken":0,"max_hp_gain":0,"max_hp_loss":0,"event_name":"Liars Game","floor":3,"gold_loss":0,"cards_obtained":["Doubt"]},{"damage_healed":0,"gold_gain":75,"player_choice":"Gather Gold","damage_taken":11,"max_hp_gain":0,"max_hp_loss":0,"event_name":"World of Goop","floor":13,"gold_loss":0},{"damage_healed":0,"gold_gain":0,"player_choice":"Upgraded Two","damage_taken":0,"max_hp_gain":0,"max_hp_loss":0,"event_name":"Designer","floor":19,"gold_loss":40,"cards_upgraded":["Searing Blow","Uppercut"]},{"cards_removed":["Strike_R"],"damage_healed":0,"gold_gain":0,"player_choice":"Gave Gold","damage_taken":0,"max_hp_gain":0,"max_hp_loss":0,"event_name":"Beggar","floor":28,"gold_loss":75}],"is_beta":false,"boss_relics":[{"not_picked":["Philosopher\u0027s Stone","Cursed Key"],"picked":"White Beast Statue"}],"items_purged_floors":[5],"is_endless":false,"potions_floor_spawned":[4,14,16,18,21,22,24,25,27],"killed_by":"Centurion and Healer","ascension_level":0}