{"gold_per_floor":[111,122,47,147,164,194,12,41,41,41,41,41,41,55,55,174,174,198,98,98,98,98,123,146,146,192,211,211],"floor_reached":28,"playtime":1643,"items_purged":["Defend_R","Strike_R"],"score":226,"play_id":"b40b8283-07d5-40eb-a9c8-29231899ba3e","local_time":"20180717133212","is_ascension_mode":false,"campfire_choices":[{"data":"Strike_R","floor":10,"key":"PURGE"},{"data":"Infernal Blade","floor":13,"key":"SMITH"},{"data":"Shrug It Off","floor":15,"key":"SMITH"}],"neow_cost":"NONE","seed_source_timestamp":1804971435291143,"circlet_count":0,"master_deck":["Strike_R","Strike_R","Strike_R","Defend_R","Defend_R","Defend_R","Bash","Shrug It Off+1","Infernal Blade+1","Whirlwind","Battle Trance","Spot Weakness","Flex","Flex","Feed","Battle Trance","Pommel Strike","RitualDagger"],"relics":["Burning Blood","Blood Vial","Orichalcum","Peace Pipe","Golden Idol","Pantograph","Velvet Choker","Nloth\u0027s Gift","Frozen Egg 2","Anchor"],"potions_floor_usage":[8,14,16],"damage_taken":[{"damage":6,"enemies":"Jaw Worm","floor":1,"turns":4},{"damage":5,"enemies":"Cultist","floor":2,"turns":4},{"damage":0,"enemies":"Small Slimes","floor":5,"turns":3},{"damage":32,"enemies":"Gremlin Nob","floor":6,"turns":4},{"damage":3,"enemies":"3 Sentries","floor":8,"turns":7},{"damage":3,"enemies":"Exordium Thugs","floor":14,"turns":4},{"damage":50,"enemies":"Hexaghost","floor":16,"turns":8},{"damage":23,"enemies":"Spheric Guardian","floor":18,"turns":4},{"damage":5,"enemies":"Shell Parasite","floor":23,"turns":4},{"damage":14,"enemies":"Snecko","floor":24,"turns":5},{"damage":32,"enemies":"3 Cultists","floor":27,"turns":6},{"damage":5,"enemies":"Centurion and Healer","floor":28,"turns":4}],"seed_played":"-3579566682405043192","potions_obtained":[{"floor":6,"key":"Regen Potion"},{"floor":8,"key":"Fire Potion"},{"floor":14,"key":"Poison Potion"},{"floor":18,"key":"Poison Potion"},{"floor":27,"key":"Block Potion"}],"is_trial":false,"path_per_floor":["M","M","$","?","M","E","$","E","T","R","?","T","R","M","R","B",null,"M","$","?","T","?","M","M","?","T","M"],"character_chosen":"IRONCLAD","items_purchased":["Orichalcum","Spot Weakness"],"campfire_rested":0,"item_purchase_floors":[7,7],"current_hp_per_floor":[88,88,88,88,88,62,62,82,82,82,60,60,60,65,65,44,88,74,74,74,74,74,77,71,65,65,41,38],"gold":211,"neow_bonus":"TEN_PERCENT_HP_BONUS","is_prod":false,"is_daily":false,"chose_seed":false,"campfire_upgraded":2,"win_rate":0,"timestamp":1531852332,"path_taken":["M","M","$","?","M","E","?","E","T","R","?","?","R","M","R","BOSS","M","$","?","?","?","M","M","?","T","?","M"],"build_version":"2018-07-12","purchased_purges":2,"victory":false,"max_hp_per_floor":[88,88,88,88,88,88,88,88,88,88,88,88,88,88,88,88,88,91,91,91,91,91,91,91,91,91,91,91],"card_choices":[{"not_picked":["Rupture","Headbutt"],"picked":"Shrug It Off","floor":1},{"not_picked":["Shrug It Off","Armaments"],"picked":"Infernal Blade","floor":2},{"not_picked":["True Grit","Rage"],"picked":"Whirlwind","floor":5},{"not_picked":["Blood for Blood","Sword Boomerang"],"picked":"Battle Trance","floor":6},{"not_picked":["Reckless Charge","Seeing Red"],"picked":"Flex","floor":8},{"not_picked":["Body Slam","Bloodletting"],"picked":"Flex","floor":14},{"not_picked":["Juggernaut","Berserk"],"picked":"Feed","floor":16},{"not_picked":["True Grit","Hemokinesis","Burning Pact+1"],"picked":"SKIP","floor":18},{"not_picked":["Burning Pact","Sword Boomerang"],"picked":"Battle Trance","floor":23},{"not_picked":["Sentinel","Twin Strike"],"picked":"Pommel Strike","floor":24},{"not_picked":["Entrench","Thunderclap","Anger"],"picked":"SKIP","floor":27}],"player_experience":203026,"relics_obtained":[{"floor":6,"key":"Blood Vial"},{"floor":8,"key":"Peace Pipe"},{"floor":9,"key":"Dodecahedron"},{"floor":12,"key":"Pantograph"},{"floor":21,"key":"Frozen Egg 2"},{"floor":26,"key":"Anchor"}],"event_choices":[{"event_name":"Golden Shrine","player_choice":"Pray","floor":4,"damage_taken":0},{"event_name":"Golden Idol","player_choice":"Take Damage","floor":11,"damage_taken":0},{"event_name":"N\u0027loth","player_choice":"Traded a Dodecahedron","floor":20,"damage_taken":0},{"event_name":"Drug Dealer","player_choice":"Ignored","floor":22,"damage_taken":0},{"event_name":"Nest","player_choice":"Joined the Cult","floor":25,"damage_taken":0}],"boss_relics":[{"not_picked":["Runic Dome","Eternal Feather"],"picked":"Velvet Choker"}],"items_purged_floors":[3,19],"is_endless":false,"potions_floor_spawned":[6,8,14,18,27],"killed_by":"Centurion and Healer","ascension_level":0}