{"gold_per_floor":[115,390,409,41,54,89,105,105,131,146,321,333,45,58,58,153,153,173,183,183,194,21,21,46,46,46,46,61,61,79,79,79,79],"floor_reached":33,"playtime":2043,"items_purged":["Regret","Doubt"],"score":442,"play_id":"2a63308d-d0be-4078-b30c-cc994b6a11d6","local_time":"20190424210947","is_ascension_mode":true,"campfire_choices":[{"floor":8.0,"key":"REST"},{"floor":15.0,"key":"REST"},{"data":"A Thousand Cuts","floor":23.0,"key":"SMITH"},{"floor":25.0,"key":"REST"},{"floor":27.0,"key":"REST"},{"data":"Bane","floor":29.0,"key":"SMITH"},{"data":"Neutralize","floor":32.0,"key":"SMITH"}],"neow_cost":"NONE","seed_source_timestamp":0,"circlet_count":0,"master_deck":["AscendersBane","Defend_G","Defend_G","Defend_G","Defend_G","Defend_G","Strike_G","Strike_G","Strike_G","Strike_G","Strike_G","Survivor","Neutralize+1","Poisoned Stab","Dagger Spray","Dagger Spray","Dagger Spray","Dagger Spray","Endless Agony","Slice","Slice","Dash","Backflip","Envenom","Outmaneuver","Backflip","Deadly Poison","A Thousand Cuts+1","Bane+1","Deadly Poison+1","Dodge and Roll+1","Endless Agony"],"special_seed":0,"relics":["Ring of the Snake","Shuriken","Oddly Smooth Stone","Happy Flower","Orichalcum","Velvet Choker","Centennial Puzzle","Ornamental Fan","Pantograph"],"potions_floor_usage":[],"damage_taken":[{"damage":0.0,"enemies":"2 Louse","floor":1.0,"turns":3.0},{"damage":7.0,"enemies":"Cultist","floor":3.0,"turns":4.0},{"damage":0.0,"enemies":"Small Slimes","floor":5.0,"turns":2.0},{"damage":50.0,"enemies":"Lagavulin","floor":6.0,"turns":6.0},{"damage":3.0,"enemies":"3 Louse","floor":7.0,"turns":2.0},{"damage":0.0,"enemies":"Exordium Wildlife","floor":10.0,"turns":2.0},{"damage":0.0,"enemies":"Large Slime","floor":12.0,"turns":3.0},{"damage":5.0,"enemies":"Lots of Slimes","floor":14.0,"turns":3.0},{"damage":26.0,"enemies":"Hexaghost","floor":16.0,"turns":8.0},{"damage":0.0,"enemies":"Chosen","floor":18.0,"turns":3.0},{"damage":15.0,"enemies":"2 Thieves","floor":19.0,"turns":3.0},{"damage":24.0,"enemies":"Shelled Parasite and Fungi","floor":21.0,"turns":4.0},{"damage":35.0,"enemies":"Book of Stabbing","floor":24.0,"turns":4.0},{"damage":8.0,"enemies":"Centurion and Healer","floor":28.0,"turns":4.0},{"damage":4.0,"enemies":"Snecko","floor":30.0,"turns":4.0},{"damage":95,"enemies":"Champ","floor":33,"turns":8}],"seed_played":"-3974628555811483441","potions_obtained":[{"floor":3.0,"key":"Ancient Potion"},{"floor":6.0,"key":"Ancient Potion"},{"floor":7.0,"key":"AttackPotion"},{"floor":14.0,"key":"Fire Potion"},{"floor":28.0,"key":"Fire Potion"}],"is_trial":false,"path_per_floor":["M","?","M","$","M","E","M","R","T","M","?","M","$","M","R","B",null,"M","M","?","M","$","R","E","R","T","R","M","R","M","?","R","B"],"character_chosen":"THE_SILENT","items_purchased":["Shuriken","Dagger Spray","Orichalcum","Dash","A Thousand Cuts","Bane"],"campfire_rested":4,"item_purchase_floors":[4,4,13,13,22,22],"current_hp_per_floor":[70,70,63,63,63,13,10,33,33,33,33,33,33,28,51,25,64,64,49,74,50,50,50,15,38,38,61,53,53,49,49,49,0],"gold":79,"neow_bonus":"TEN_PERCENT_HP_BONUS","is_prod":false,"is_daily":false,"chose_seed":false,"campfire_upgraded":3,"win_rate":0,"timestamp":1556158187,"path_taken":["M","?","M","$","M","E","?","R","T","?","?","M","$","M","R","BOSS","M","M","?","M","$","R","E","R","T","R","M","R","M","?","R","BOSS"],"build_version":"2019-01-23","purchased_purges":2,"victory":false,"max_hp_per_floor":[77,77,77,77,77,77,77,77,77,77,77,77,77,77,77,77,77,77,77,77,77,77,77,77,77,77,77,77,77,77,77,77,77],"card_choices":[{"not_picked":["Underhanded Strike","Dagger Throw"],"picked":"Poisoned Stab","floor":1.0},{"not_picked":["Skewer","Slice"],"picked":"Dagger Spray","floor":3.0},{"not_picked":["Predator","Deflect"],"picked":"Dagger Spray","floor":5.0},{"not_picked":["Prepared","All Out Attack"],"picked":"Dagger Spray","floor":6.0},{"not_picked":["Terror","Heel Hook"],"picked":"Endless Agony","floor":7.0},{"not_picked":["All Out Attack","Blade Dance"],"picked":"Slice","floor":10.0},{"not_picked":["Riddle With Holes","Dagger Spray"],"picked":"Slice","floor":12.0},{"not_picked":["Prepared","PiercingWail"],"picked":"Backflip","floor":14.0},{"not_picked":["Glass Knife","A Thousand Cuts"],"picked":"Envenom","floor":16.0},{"not_picked":["Finisher","Tactician+1"],"picked":"Outmaneuver","floor":18.0},{"not_picked":["Bouncing Flask","Blade Dance+1"],"picked":"Backflip","floor":19.0},{"not_picked":["Deflect","Cloak And Dagger"],"picked":"Deadly Poison","floor":21.0},{"not_picked":["Deflect+1","Sucker Punch"],"picked":"Deadly Poison+1","floor":24.0},{"not_picked":["Escape Plan+1","Flechettes"],"picked":"Dodge and Roll+1","floor":28.0},{"not_picked":["Concentrate","Sucker Punch"],"picked":"Endless Agony","floor":30.0}],"player_experience":1341121,"relics_obtained":[{"floor":6.0,"key":"Oddly Smooth Stone"},{"floor":9.0,"key":"Happy Flower"},{"floor":24.0,"key":"Centennial Puzzle"},{"floor":26.0,"key":"Ornamental Fan"}],"event_choices":[{"damage_healed":0.0,"max_hp_gain":0.0,"max_hp_loss":0.0,"gold_gain":275.0,"event_name":"Golden Shrine","player_choice":"Desecrate","floor":2.0,"gold_loss":0.0,"damage_taken":0.0,"cards_obtained":["Regret"]},{"damage_healed":0.0,"max_hp_gain":0.0,"max_hp_loss":0.0,"gold_gain":175.0,"event_name":"Liars Game","player_choice":"AGREE","floor":11.0,"gold_loss":0.0,"damage_taken":0.0,"cards_obtained":["Doubt"]},{"damage_healed":25.0,"max_hp_gain":0.0,"max_hp_loss":0.0,"gold_gain":0.0,"event_name":"The Library","player_choice":"Heal","floor":20.0,"gold_loss":0.0,"damage_taken":0.0},{"damage_healed":0.0,"max_hp_gain":0.0,"max_hp_loss":0.0,"gold_gain":0.0,"event_name":"The Mausoleum","player_choice":"Opened","floor":31.0,"gold_loss":0.0,"damage_taken":0.0,"relics_obtained":["Pantograph"]}],"is_beta":false,"boss_relics":[{"not_picked":["Philosopher\u0027s Stone","Tiny House"],"picked":"Velvet Choker"}],"items_purged_floors":[4,13],"is_endless":false,"potions_floor_spawned":[3,6,7,14,18,21,28],"killed_by":"Champ","ascension_level":11}