{"gold_per_floor":[415,434,399,28,40,40,99,99,180,214,20,40,60,89,89,185,185,203,216,235,253,263,263],"floor_reached":23,"playtime":1860,"items_purged":[],"score":237,"play_id":"a9bed424-5e3d-4734-b061-a4f91dfcaedf","local_time":"20190630024552","is_ascension_mode":true,"campfire_choices":[{"data":"Tools of the Trade","floor":6.0,"key":"SMITH"},{"floor":8.0,"key":"REST"},{"floor":15.0,"key":"REST"}],"neow_cost":"PERCENT_DAMAGE","seed_source_timestamp":0,"circlet_count":0,"master_deck":["Defend_G","Defend_G","Defend_G","Defend_G","Defend_G","Strike_G","Strike_G","Strike_G","Strike_G","Strike_G","Survivor","Neutralize","Deadly Poison","Dagger Throw","Tools of the Trade+1","Underhanded Strike","Prepared","Cloak And Dagger","Dagger Throw","Endless Agony","Quick Slash","Dramatic Entrance","Deflect","Flying Knee","Dagger Spray","Die Die Die","After Image","Quick Slash+1","Caltrops","Flying Knee","All Out Attack","Corpse Explosion"],"special_seed":0,"relics":["Ring of the Snake","Old Coin","TwistedFunnel","Tiny Chest","Pear","Regal Pillow","Art of War","WristBlade"],"potions_floor_usage":[23],"damage_taken":[{"damage":0.0,"enemies":"Small Slimes","floor":1.0,"turns":3.0},{"damage":2.0,"enemies":"Jaw Worm","floor":2.0,"turns":4.0},{"damage":2.0,"enemies":"Cultist","floor":5.0,"turns":4.0},{"damage":19.0,"enemies":"Lagavulin","floor":7.0,"turns":7.0},{"damage":10.0,"enemies":"Gremlin Nob","floor":10.0,"turns":3.0},{"damage":0.0,"enemies":"Blue Slaver","floor":12.0,"turns":1.0},{"damage":0.0,"enemies":"Lots of Slimes","floor":13.0,"turns":1.0},{"damage":10.0,"enemies":"3 Sentries","floor":14.0,"turns":5.0},{"damage":46.0,"enemies":"The Guardian","floor":16.0,"turns":10.0},{"damage":9,"enemies":"3 Byrds","floor":18,"turns":3},{"damage":6,"enemies":"Shell Parasite","floor":19,"turns":3},{"damage":20,"enemies":"3 Cultists","floor":20,"turns":4},{"damage":22,"enemies":"Sentry and Sphere","floor":21,"turns":5},{"damage":1,"enemies":"Centurion and Healer","floor":22,"turns":4},{"damage":29,"enemies":"Book of Stabbing","floor":23,"turns":4}],"seed_played":"-6814845552104626199","potions_obtained":[{"floor":5.0,"key":"FearPotion"},{"floor":7.0,"key":"FearPotion"},{"floor":10.0,"key":"SkillPotion"},{"floor":13.0,"key":"Explosive Potion"},{"floor":16.0,"key":"EssenceOfSteel"},{"floor":21,"key":"Explosive Potion"}],"is_trial":false,"path_per_floor":["M","M","?","$","M","R","E","R","T","E","$","M","M","E","R","B",null,"M","M","M","M","M","E"],"character_chosen":"THE_SILENT","items_purchased":["Tools of the Trade","Underhanded Strike","TwistedFunnel","Prepared","Quick Slash","Dramatic Entrance","Deflect"],"campfire_rested":2,"item_purchase_floors":[4,4,4,4,11,11,11],"current_hp_per_floor":[49,47,64,64,62,62,43,64,74,64,64,64,64,54,80,34,80,71,65,45,23,22,0],"gold":263,"neow_bonus":"ONE_RARE_RELIC","is_prod":false,"is_daily":false,"chose_seed":false,"campfire_upgraded":1,"win_rate":0,"timestamp":1561833952,"path_taken":["M","M","?","$","M","R","E","R","T","E","?","M","M","E","R","BOSS","M","M","M","M","M","E"],"build_version":"2019-01-23","purchased_purges":0,"victory":false,"max_hp_per_floor":[70,70,70,70,70,70,70,70,80,80,80,80,80,80,80,80,80,80,80,80,80,80,80],"card_choices":[{"not_picked":["Bane","Quick Slash"],"picked":"Deadly Poison","floor":1.0},{"not_picked":["Expertise","Underhanded Strike"],"picked":"Dagger Throw","floor":2.0},{"not_picked":["Backflip","Leg Sweep"],"picked":"Cloak And Dagger","floor":5.0},{"not_picked":["Acrobatics","Heel Hook"],"picked":"Dagger Throw","floor":7.0},{"not_picked":["Deadly Poison","Calculated Gamble"],"picked":"Endless Agony","floor":10.0},{"not_picked":["Grand Finale","Poisoned Stab"],"picked":"Flying Knee","floor":12.0},{"not_picked":["Dodge and Roll","Skewer"],"picked":"Dagger Spray","floor":13.0},{"not_picked":["Cloak And Dagger","Riddle With Holes"],"picked":"Die Die Die","floor":14.0},{"not_picked":["Storm of Steel","Burst"],"picked":"After Image","floor":16.0},{"not_picked":["Backflip+1","Deflect"],"picked":"Quick Slash+1","floor":18},{"not_picked":["Terror","PiercingWail"],"picked":"Caltrops","floor":19},{"not_picked":["Dodge and Roll","Flechettes"],"picked":"Flying Knee","floor":20},{"not_picked":["Deflect","Finisher"],"picked":"All Out Attack","floor":21},{"not_picked":["Flying Knee","Skewer+1"],"picked":"Corpse Explosion","floor":22}],"player_experience":286028,"relics_obtained":[{"floor":7.0,"key":"Tiny Chest"},{"floor":9.0,"key":"Pear"},{"floor":10.0,"key":"Regal Pillow"},{"floor":14.0,"key":"Art of War"}],"event_choices":[{"damage_healed":17.0,"max_hp_gain":0.0,"max_hp_loss":0.0,"gold_gain":0.0,"event_name":"The Cleric","player_choice":"Healed","floor":3.0,"gold_loss":35.0,"damage_taken":0.0}],"is_beta":false,"boss_relics":[{"not_picked":["HoveringKite","Coffee Dripper"],"picked":"WristBlade"}],"items_purged_floors":[],"is_endless":false,"potions_floor_spawned":[5,7,10,13,16,21,22],"killed_by":"Book of Stabbing","ascension_level":2}