{"gold_per_floor":[115,115,163,163,176,176,210,210,234,284,284,302,312,328,328,425,425],"floor_reached":17,"playtime":1104,"items_purged":[],"score":233,"play_id":"76a0043d-97f8-45ec-8655-7513712ca8eb","local_time":"20181028154602","is_ascension_mode":true,"campfire_choices":[{"floor":6,"key":"REST"},{"data":"Dash","floor":8,"key":"SMITH"},{"data":"Neutralize","floor":11,"key":"SMITH"},{"floor":15,"key":"REST"}],"neow_cost":"NONE","seed_source_timestamp":947653287888457,"circlet_count":0,"master_deck":["Defend_G","Defend_G","Defend_G","Defend_G+1","Defend_G","Strike_G","Strike_G","Strike_G","Strike_G","Strike_G","Survivor+1","Neutralize+1","AscendersBane","Dramatic Entrance","Quick Slash","Dash+1","Flying Knee","Poisoned Stab","Backflip","Predator","A Thousand Cuts"],"relics":["Ring of the Snake","Bag of Preparation","Oddly Smooth Stone","Lantern","Bronze Scales","Omamori","Eternal Feather"],"potions_floor_usage":[16],"damage_taken":[{"damage":0,"enemies":"2 Louse","floor":1,"turns":3},{"damage":0,"enemies":"Small Slimes","floor":5,"turns":3},{"damage":17,"enemies":"3 Sentries","floor":7,"turns":10},{"damage":0,"enemies":"Jaw Worm","floor":12,"turns":2},{"damage":0,"enemies":"Large Slime","floor":13,"turns":5},{"damage":0,"enemies":"Looter","floor":14,"turns":2},{"damage":26,"enemies":"Slime Boss","floor":16,"turns":13}],"seed_played":"2220307974372180576","potions_obtained":[{"floor":7,"key":"Block Potion"},{"floor":12,"key":"SpeedPotion"},{"floor":13,"key":"SpeedPotion"},{"floor":16,"key":"AttackPotion"}],"is_trial":false,"path_per_floor":["M","?","T","?","M","R","E","R","T","T","R","M","M","M","R","B"],"character_chosen":"THE_SILENT","items_purchased":[],"campfire_rested":2,"item_purchase_floors":[],"current_hp_per_floor":[63,51,51,37,37,58,41,41,41,41,41,41,41,41,62,36,36],"gold":425,"neow_bonus":"RANDOM_COLORLESS","is_prod":false,"is_daily":false,"chose_seed":false,"campfire_upgraded":2,"win_rate":0,"timestamp":1540759562,"path_taken":["M","?","?","?","M","R","E","R","T","?","R","M","?","M","R","BOSS"],"build_version":"2018-10-25v2","purchased_purges":0,"victory":false,"max_hp_per_floor":[70,70,70,70,70,70,70,70,70,70,70,70,70,70,70,70,70],"card_choices":[{"not_picked":["Outmaneuver","Reflex"],"picked":"Quick Slash","floor":1},{"not_picked":["Expertise","Acrobatics"],"picked":"Dash","floor":5},{"not_picked":["Bane","PiercingWail"],"picked":"Flying Knee","floor":7},{"not_picked":["Prepared","Terror"],"picked":"Poisoned Stab","floor":12},{"not_picked":["Choke","Noxious Fumes"],"picked":"Backflip","floor":13},{"not_picked":["Masterful Stab","Finisher"],"picked":"Predator","floor":14},{"not_picked":["After Image","Tools of the Trade"],"picked":"A Thousand Cuts","floor":16}],"player_experience":878433,"relics_obtained":[{"floor":3,"key":"Oddly Smooth Stone"},{"floor":7,"key":"Lantern"},{"floor":9,"key":"Bronze Scales"},{"floor":10,"key":"Omamori"}],"event_choices":[{"damage_healed":0,"gold_gain":0,"player_choice":"Success","damage_taken":12,"relics_obtained":["Bag of Preparation"],"max_hp_gain":0,"max_hp_loss":0,"event_name":"Scrap Ooze","floor":2,"gold_loss":0},{"damage_healed":0,"gold_gain":0,"player_choice":"Entered Light","damage_taken":14,"max_hp_gain":0,"max_hp_loss":0,"event_name":"Shining Light","floor":4,"gold_loss":0,"cards_upgraded":["Defend_G","Survivor"]}],"is_beta":false,"boss_relics":[{"not_picked":["Orrery","Calling Bell"],"picked":"Eternal Feather"}],"items_purged_floors":[],"is_endless":false,"potions_floor_spawned":[7,12,13,16],"ascension_level":10}