{"gold_per_floor":[113,128,147,158,169,169,169,204,204,204],"floor_reached":10,"playtime":691,"items_purged":[],"score":81,"play_id":"40c383c0-c8ca-4e9b-b3bb-bbbdabdf8743","local_time":"20180907091857","is_ascension_mode":true,"campfire_choices":[{"floor":6,"key":"REST"}],"neow_cost":"","seed_source_timestamp":689376841610711,"circlet_count":0,"master_deck":["Strike_B","Strike_B","Strike_B","Strike_B","Defend_B","Defend_B","Defend_B","Defend_B","Zap","Dualcast","Undo","Ball Lightning","Redo","Cold Snap","Aggregate","Tempest"],"relics":["Cracked Core","Bronze Scales","DataDisk","Bottled Lightning"],"potions_floor_usage":[],"damage_taken":[{"damage":0,"enemies":"2 Louse","floor":1,"turns":2},{"damage":11,"enemies":"Small Slimes","floor":2,"turns":4},{"damage":2,"enemies":"Jaw Worm","floor":3,"turns":3},{"damage":15,"enemies":"Gremlin Gang","floor":4,"turns":6},{"damage":10,"enemies":"Blue Slaver","floor":5,"turns":4},{"damage":40,"enemies":"Gremlin Nob","floor":8,"turns":5},{"damage":7,"enemies":"2 Fungi Beasts","floor":10,"turns":2}],"seed_played":"8764669741347452196","potions_obtained":[{"floor":3,"key":"Ancient Potion"},{"floor":5,"key":"SteroidPotion"},{"floor":8,"key":"Explosive Potion"}],"is_trial":false,"path_per_floor":["M","M","M","M","M","R","?","E","T"],"character_chosen":"DEFECT","items_purchased":[],"campfire_rested":1,"item_purchase_floors":[],"current_hp_per_floor":[75,64,62,47,37,59,47,7,7,0],"gold":204,"neow_bonus":"","is_prod":false,"is_daily":false,"chose_seed":false,"campfire_upgraded":0,"win_rate":0,"timestamp":1536337137,"path_taken":["M","M","M","M","M","R","?","E","T","?"],"build_version":"2018-09-06","purchased_purges":0,"victory":false,"max_hp_per_floor":[75,75,75,75,75,75,75,75,75,75],"card_choices":[{"not_picked":["Gash","Blizzard"],"picked":"Undo","floor":1},{"not_picked":["Beam Cell","Auto Shields"],"picked":"Ball Lightning","floor":2},{"not_picked":["Barrage","Compile Driver"],"picked":"Redo","floor":3},{"not_picked":["Rebound","Echo Form"],"picked":"Cold Snap","floor":4},{"not_picked":["Loop","Go for the Eyes"],"picked":"Aggregate","floor":5},{"not_picked":["Double Energy","Beam Cell"],"picked":"Tempest","floor":8}],"player_experience":347845,"relics_obtained":[{"floor":8,"key":"DataDisk"},{"floor":9,"key":"Bottled Lightning"}],"event_choices":[{"event_name":"Scrap Ooze","player_choice":"success","floor":7,"damage_taken":12}],"is_beta":false,"boss_relics":[],"items_purged_floors":[],"is_endless":false,"potions_floor_spawned":[3,5,8],"killed_by":"2 Fungi Beasts","ascension_level":3}