{"gold_per_floor":[111,111,121,136,152,152,183,183,263,263,281,281,298,298,298,377,377,397,425,438,187,215,215,267,304,329,361,374,394,407,434,434,509,509,520,520,520,74,93,146,146,146,199,230,230,230],"floor_reached":46,"playtime":2921,"items_purged":["Parasite"],"score":914,"play_id":"88e886ec-37c0-473f-bb83-f307a612365a","local_time":"20181004222210","is_ascension_mode":true,"campfire_choices":[{"data":"1","floor":6.0,"key":"LIFT"},{"data":"2","floor":8.0,"key":"LIFT"},{"data":"3","floor":12.0,"key":"LIFT"},{"floor":15.0,"key":"REST"},{"data":"HandOfGreed","floor":23.0,"key":"SMITH"},{"floor":32.0,"key":"REST"},{"data":"Rampage","floor":42.0,"key":"SMITH"}],"neow_cost":"PERCENT_DAMAGE","seed_source_timestamp":0,"circlet_count":0,"master_deck":["Strike_R+1","Strike_R","Strike_R","Strike_R","Strike_R","Defend_R+1","Defend_R","Defend_R","Defend_R+1","Bash","AscendersBane","Headbutt+1","Shrug It Off","Twin Strike","Cleave","Reaper","Wild Strike","Thunderclap","Bludgeon","Heavy Blade","Perfected Strike","HandOfGreed+1","Wild Strike","Armaments+1","Headbutt","Twin Strike+1","Rampage+1","Double Tap","Madness","Madness","Perfected Strike","Dropkick","Doubt"],"special_seed":0,"relics":["Burning Blood","Girya","Smiling Mask","Kunai","Busted Crown","Red Mask","War Paint","Happy Flower","Lantern","Velvet Choker","Incense Burner","Strawberry","Regal Pillow","Tiny Chest","Shuriken","Molten Egg 2"],"potions_floor_usage":[],"damage_taken":[{"damage":2.0,"enemies":"Small Slimes","floor":1.0,"turns":5.0},{"damage":0.0,"enemies":"2 Louse","floor":3.0,"turns":4.0},{"damage":2.0,"enemies":"Jaw Worm","floor":4.0,"turns":4.0},{"damage":8.0,"enemies":"Large Slime","floor":5.0,"turns":5.0},{"damage":32.0,"enemies":"Lagavulin","floor":7.0,"turns":5.0},{"damage":5.0,"enemies":"2 Fungi Beasts","floor":11.0,"turns":3.0},{"damage":14.0,"enemies":"Red Slaver","floor":13.0,"turns":2.0},{"damage":35.0,"enemies":"The Guardian","floor":16.0,"turns":13.0},{"damage":11.0,"enemies":"2 Thieves","floor":18.0,"turns":2.0},{"damage":2.0,"enemies":"Masked Bandits","floor":19.0,"turns":3.0},{"damage":8.0,"enemies":"Chosen","floor":20.0,"turns":2.0},{"damage":10.0,"enemies":"Snake Plant","floor":22.0,"turns":2.0},{"damage":18.0,"enemies":"Slavers","floor":24.0,"turns":4.0},{"damage":8.0,"enemies":"Snecko","floor":25.0,"turns":3.0},{"damage":15.0,"enemies":"Shelled Parasite and Fungi","floor":27.0,"turns":4.0},{"damage":0.0,"enemies":"Snake Plant","floor":28.0,"turns":2.0},{"damage":11.0,"enemies":"Sentry and Sphere","floor":29.0,"turns":3.0},{"damage":20.0,"enemies":"Shelled Parasite and Fungi","floor":30.0,"turns":4.0},{"damage":20.0,"enemies":"Gremlin Leader","floor":31.0,"turns":4.0},{"damage":97.0,"enemies":"Automaton","floor":33.0,"turns":12.0},{"damage":6.0,"enemies":"Orb Walker","floor":35.0,"turns":3.0},{"damage":17.0,"enemies":"3 Shapes","floor":39.0,"turns":3.0},{"damage":64.0,"enemies":"Nemesis","floor":40.0,"turns":5.0},{"damage":30.0,"enemies":"Giant Head","floor":44.0,"turns":6.0},{"damage":0,"enemies":"Nemesis","floor":46,"turns":1}],"seed_played":"-9123403341860650217","potions_obtained":[{"floor":1.0,"key":"PowerPotion"},{"floor":5.0,"key":"Energy Potion"},{"floor":13.0,"key":"Block Potion"},{"floor":16.0,"key":"BloodPotion"},{"floor":20.0,"key":"SmokeBomb"},{"floor":22.0,"key":"SkillPotion"},{"floor":27.0,"key":"GamblersBrew"},{"floor":29.0,"key":"SpeedPotion"},{"floor":31.0,"key":"BloodPotion"},{"floor":33.0,"key":"Regen Potion"},{"floor":35.0,"key":"Energy Potion"},{"floor":40.0,"key":"SpeedPotion"},{"floor":44.0,"key":"Explosive Potion"}],"is_trial":false,"path_per_floor":["M","?","M","M","M","R","E","R","T","?","M","R","M","?","R","B",null,"M","?","M","$","M","R","E","M","T","M","M","M","M","E","R","B",null,"M","?","?","$","M","E","?","R","T","E","T"],"character_chosen":"IRONCLAD","items_purchased":["HandOfGreed","Incense Burner","Strawberry"],"campfire_rested":2,"item_purchase_floors":[21,38,38],"current_hp_per_floor":[62,57,63,67,65,65,39,39,39,12,25,25,17,39,65,43,78,73,77,75,75,71,71,66,74,74,75,81,76,62,48,73,11,67,83,68,68,75,64,22,93,93,93,69,69,69],"gold":230,"neow_bonus":"TWENTY_PERCENT_HP_BONUS","is_prod":false,"is_daily":false,"chose_seed":false,"campfire_upgraded":2,"win_rate":0,"timestamp":1538709730,"path_taken":["M","?","M","M","M","R","E","R","T","?","M","R","M","?","R","BOSS","M","?","M","$","M","R","E","M","T","M","M","M","M","E","R","BOSS","M","?","?","$","?","E","?","R","T","E","?","E"],"build_version":"2018-10-04","purchased_purges":1,"victory":false,"max_hp_per_floor":[89,89,89,89,89,89,89,89,89,89,89,89,89,89,89,89,89,89,89,89,86,86,86,86,86,86,86,86,86,86,86,86,86,86,86,86,86,93,93,93,93,93,93,93,93,93],"card_choices":[{"not_picked":["Carnage","Thunderclap"],"picked":"Headbutt","floor":1.0},{"not_picked":["Headbutt","Power Through"],"picked":"Shrug It Off","floor":3.0},{"not_picked":["Warcry","Seeing Red"],"picked":"Twin Strike","floor":4.0},{"not_picked":["Warcry","Sword Boomerang"],"picked":"Cleave","floor":5.0},{"not_picked":["Feel No Pain","Intimidate"],"picked":"Reaper","floor":7.0},{"not_picked":["Warcry","Sword Boomerang"],"picked":"Wild Strike","floor":11.0},{"not_picked":["Wild Strike","Blood for Blood"],"picked":"Thunderclap","floor":13.0},{"not_picked":["Reaper","Offering"],"picked":"Bludgeon","floor":16.0},{"not_picked":["Sentinel"],"picked":"SKIP","floor":18.0},{"not_picked":[],"picked":"Heavy Blade","floor":19.0},{"not_picked":[],"picked":"Perfected Strike","floor":20.0},{"not_picked":["Warcry"],"picked":"SKIP","floor":22.0},{"not_picked":[],"picked":"Wild Strike","floor":24.0},{"not_picked":[],"picked":"Armaments+1","floor":25.0},{"not_picked":["Havoc"],"picked":"SKIP","floor":27.0},{"not_picked":["Warcry"],"picked":"SKIP","floor":28.0},{"not_picked":[],"picked":"Headbutt","floor":29.0},{"not_picked":[],"picked":"Twin Strike+1","floor":30.0},{"not_picked":[],"picked":"Rampage","floor":31.0},{"not_picked":[],"picked":"Double Tap","floor":33.0},{"not_picked":["Evolve"],"picked":"SKIP","floor":35.0},{"not_picked":[],"picked":"Perfected Strike","floor":39.0},{"not_picked":[],"picked":"Dropkick","floor":40.0},{"not_picked":["Intimidate"],"picked":"SKIP","floor":44.0}],"player_experience":693557,"relics_obtained":[{"floor":7.0,"key":"Smiling Mask"},{"floor":9.0,"key":"Kunai"},{"floor":19.0,"key":"Red Mask"},{"floor":24.0,"key":"War Paint"},{"floor":26.0,"key":"Happy Flower"},{"floor":31.0,"key":"Lantern"},{"floor":40.0,"key":"Regal Pillow"},{"floor":43.0,"key":"Tiny Chest"},{"floor":44.0,"key":"Shuriken"},{"floor":45.0,"key":"Molten Egg 2"}],"event_choices":[{"event_name":"Scrap Ooze","player_choice":"success","floor":2.0,"damage_taken":5.0},{"event_name":"Shining Light","player_choice":"Entered Light","floor":10.0,"damage_taken":0.0},{"event_name":"Mushrooms","player_choice":"Healed and dodged fight","floor":14.0,"damage_taken":0.0},{"event_name":"Masked Bandits","player_choice":"Fought Bandits","floor":19.0,"damage_taken":0.0},{"event_name":"Winding Halls","player_choice":"Embrace Madness","floor":36.0,"damage_taken":0.0},{"event_name":"SensoryStone","player_choice":"Memory 1","floor":37.0,"damage_taken":0.0},{"event_name":"MindBloom","player_choice":"Heal","floor":41.0,"damage_taken":0.0}],"is_beta":false,"boss_relics":[{"not_picked":["Sozu","Runic Cube"],"picked":"Busted Crown"},{"not_picked":["Snecko Eye","Lizard Tail"],"picked":"Velvet Choker"}],"items_purged_floors":[21],"is_endless":false,"potions_floor_spawned":[1,5,13,16,20,22,27,29,31,33,35,40,44],"killed_by":"Nemesis","ascension_level":15}