{"gold_per_floor":[117,292,306,39,56,83,83,97,120,153,173,173,207,307,307,407,407,422,241,268,278,141,167,167,197,267,283,36,62,62,80,80,185,185,201,215,79,95,95,121,121,147,170,170,16,16,34,45,45,45],"floor_reached":51,"playtime":4342,"items_purged":["Doubt"],"score":1093,"play_id":"70c7fd48-24cc-4fac-a32f-9c3a1371e302","local_time":"20181106184254","is_ascension_mode":true,"campfire_choices":[{"data":"Loop","floor":7.0,"key":"SMITH"},{"data":"Defragment","floor":12.0,"key":"SMITH"},{"data":"Defragment","floor":15.0,"key":"SMITH"},{"data":"Streamline","floor":30.0,"key":"SMITH"},{"floor":32.0,"key":"REST"},{"data":"Buffer","floor":41.0,"key":"SMITH"},{"data":"Dualcast","floor":46.0,"key":"SMITH"},{"data":"Zap","floor":49.0,"key":"SMITH"}],"neow_cost":"NONE","seed_source_timestamp":0,"circlet_count":0,"master_deck":["Strike_B","Strike_B","Strike_B","Strike_B+1","Defend_B","Defend_B","Defend_B","Defend_B","Zap+1","Dualcast+1","Ball Lightning+1","Ball Lightning","Conserve Battery+1","Loop+1","Auto Shields","Streamline+1","Defragment+1","Defragment+1","Conserve Battery","Seek","Ball Lightning+1","Doom and Gloom","Cold Snap","Skim+1","Steam","Self Repair","Loop+1","Conserve Battery","Writhe","Glacier+1","Cold Snap+1","Leap","Glacier","Steam","Electrodynamics","Self Repair+1","Defragment+1","Parasite","Buffer+1","Conserve Battery","Redo+1","Thunder Strike","Conserve Battery+1","Capacitor"],"special_seed":0,"relics":["Cracked Core","Membership Card","Whetstone","PreservedInsect","Bag of Preparation","Oddly Smooth Stone","Sozu","Shuriken","Red Mask","DollysMirror","Orichalcum","Symbiotic Virus","Dream Catcher","Kunai","Lantern","Sling","Ancient Tea Set","Strawberry","Eternal Feather","Mercury Hourglass","Smiling Mask","Unceasing Top","War Paint","Happy Flower"],"potions_floor_usage":[],"damage_taken":[{"damage":2.0,"enemies":"Jaw Worm","floor":1.0,"turns":3.0},{"damage":7.0,"enemies":"Small Slimes","floor":3.0,"turns":3.0},{"damage":0.0,"enemies":"Cultist","floor":5.0,"turns":3.0},{"damage":18.0,"enemies":"Lagavulin","floor":6.0,"turns":6.0},{"damage":0.0,"enemies":"3 Louse","floor":8.0,"turns":1.0},{"damage":0.0,"enemies":"3 Sentries","floor":10.0,"turns":3.0},{"damage":0.0,"enemies":"Large Slime","floor":11.0,"turns":3.0},{"damage":4.0,"enemies":"Lagavulin","floor":13.0,"turns":4.0},{"damage":1.0,"enemies":"The Guardian","floor":16.0,"turns":7.0},{"damage":4.0,"enemies":"Chosen","floor":18.0,"turns":4.0},{"damage":9.0,"enemies":"Masked Bandits","floor":20.0,"turns":3.0},{"damage":8.0,"enemies":"2 Thieves","floor":21.0,"turns":3.0},{"damage":15.0,"enemies":"Slavers","floor":23.0,"turns":4.0},{"damage":11.0,"enemies":"Gremlin Leader","floor":25.0,"turns":5.0},{"damage":0.0,"enemies":"Centurion and Healer","floor":27.0,"turns":6.0},{"damage":8.0,"enemies":"Slavers","floor":29.0,"turns":3.0},{"damage":7.0,"enemies":"Snake Plant","floor":31.0,"turns":4.0},{"damage":29.0,"enemies":"Collector","floor":33.0,"turns":13.0},{"damage":9.0,"enemies":"Orb Walker","floor":35.0,"turns":3.0},{"damage":18.0,"enemies":"3 Darklings","floor":36.0,"turns":6.0},{"damage":0.0,"enemies":"Writhing Mass","floor":38.0,"turns":8.0},{"damage":0.0,"enemies":"Nemesis","floor":40.0,"turns":3.0},{"damage":48.0,"enemies":"Giant Head","floor":42.0,"turns":9.0},{"damage":0.0,"enemies":"Sphere and 2 Shapes","floor":47.0,"turns":3.0},{"damage":0.0,"enemies":"Transient","floor":48.0,"turns":5.0},{"damage":38,"enemies":"Donu and Deca","floor":50,"turns":12}],"seed_played":"-5995315535977079643","potions_obtained":[{"floor":5.0,"key":"FearPotion"},{"floor":6.0,"key":"Fire Potion"},{"floor":8.0,"key":"Explosive Potion"},{"floor":10.0,"key":"EntropicBrew"}],"is_trial":false,"path_per_floor":["M","?","M","$","M","E","R","M","T","E","M","R","E","?","R","B",null,"M","$","?","M","$","E","?","E","T","M","$","E","R","M","R","B",null,"M","M","$","M","?","E","R","E","T","?","$","R","M","M","R","B",null],"character_chosen":"DEFECT","items_purchased":["Membership Card","Conserve Battery","Shuriken","Doom and Gloom","Cold Snap","Self Repair","DollysMirror","Lantern","Sling","Ancient Tea Set","Mercury Hourglass","Loop","Happy Flower","Thunder Strike"],"campfire_rested":1,"item_purchase_floors":[4,4,19,19,19,22,22,28,28,28,37,37,45,45],"current_hp_per_floor":[73,73,66,66,66,48,48,48,48,48,48,48,44,44,44,43,72,68,68,59,51,51,43,43,39,39,46,46,52,52,45,71,49,79,70,69,69,86,86,89,89,58,58,58,58,82,82,89,89,61],"gold":45,"neow_bonus":"TEN_PERCENT_HP_BONUS","is_prod":false,"is_daily":false,"chose_seed":false,"campfire_upgraded":7,"win_rate":0,"timestamp":1541551374,"path_taken":["M","?","M","$","M","E","R","M","T","E","M","R","E","?","R","BOSS","M","?","?","M","$","E","?","E","T","M","$","E","R","M","R","BOSS","M","M","$","M","?","E","R","E","T","?","$","R","M","M","R","BOSS"],"build_version":"2018-11-01","purchased_purges":1,"victory":true,"max_hp_per_floor":[82,82,82,82,82,82,82,82,82,82,82,82,82,82,82,82,82,82,82,82,82,82,82,82,82,82,82,82,89,89,89,89,89,89,89,89,89,89,89,89,89,89,89,89,89,89,89,89,89,89],"card_choices":[{"not_picked":["Sweeping Beam","Recycle"],"picked":"Ball Lightning","floor":1.0},{"not_picked":["Stack","Turbo"],"picked":"Ball Lightning","floor":3.0},{"not_picked":["Tempest","Aggregate"],"picked":"Loop","floor":5.0},{"not_picked":["Sweeping Beam","Undo"],"picked":"Auto Shields","floor":6.0},{"not_picked":["Steam","Melter"],"picked":"Streamline","floor":8.0},{"not_picked":["Gash","Chill"],"picked":"Defragment","floor":10.0},{"not_picked":["Steam Power","Rebound"],"picked":"Defragment","floor":11.0},{"not_picked":["Storm","Hologram"],"picked":"Conserve Battery","floor":13.0},{"not_picked":["Machine Learning","Hyperbeam"],"picked":"Seek","floor":16.0},{"not_picked":["Chill","Coolheaded"],"picked":"Ball Lightning+1","floor":18.0},{"not_picked":["Steam","Coolheaded"],"picked":"Skim","floor":20.0},{"not_picked":["Multi-Cast","Gash+1"],"picked":"Steam","floor":21.0},{"not_picked":["Melter","Fission"],"picked":"Conserve Battery","floor":23.0},{"not_picked":["Skim","Reboot"],"picked":"Glacier+1","floor":25.0},{"not_picked":["Go for the Eyes","Hello World"],"picked":"Cold Snap+1","floor":27.0},{"not_picked":["Coolheaded","Stack"],"picked":"Leap","floor":29.0},{"not_picked":["Coolheaded","Compile Driver+1"],"picked":"Glacier","floor":31.0},{"not_picked":["Leap+1","Storm+1"],"picked":"Steam","floor":32.0},{"not_picked":["Hyperbeam","Creative AI"],"picked":"Electrodynamics","floor":33.0},{"not_picked":["Sweeping Beam","Coolheaded+1"],"picked":"Self Repair+1","floor":35.0},{"not_picked":["Conserve Battery","Steam+1"],"picked":"Defragment+1","floor":36.0},{"not_picked":["Hello World","Stack"],"picked":"Buffer","floor":38.0},{"not_picked":["BootSequence","Streamline"],"picked":"Conserve Battery","floor":40.0},{"not_picked":["Genetic Algorithm","Undo"],"picked":"Redo+1","floor":42.0},{"not_picked":["Gash+1","Beam Cell+1"],"picked":"Conserve Battery+1","floor":47.0},{"not_picked":["Static Discharge+1","Recycle"],"picked":"Capacitor","floor":48.0}],"player_experience":947715,"relics_obtained":[{"floor":6.0,"key":"Whetstone"},{"floor":9.0,"key":"PreservedInsect"},{"floor":10.0,"key":"Bag of Preparation"},{"floor":13.0,"key":"Oddly Smooth Stone"},{"floor":20.0,"key":"Red Mask"},{"floor":23.0,"key":"Orichalcum"},{"floor":25.0,"key":"Dream Catcher"},{"floor":26.0,"key":"Kunai"},{"floor":29.0,"key":"Strawberry"},{"floor":40.0,"key":"Smiling Mask"},{"floor":42.0,"key":"Unceasing Top"},{"floor":43.0,"key":"War Paint"}],"event_choices":[{"damage_healed":0.0,"max_hp_gain":0.0,"max_hp_loss":0.0,"gold_gain":175.0,"event_name":"Liars Game","player_choice":"AGREE","floor":2.0,"gold_loss":0.0,"damage_taken":0.0,"cards_obtained":["Doubt"]},{"damage_healed":0.0,"max_hp_gain":0.0,"max_hp_loss":0.0,"gold_gain":100.0,"event_name":"Golden Shrine","player_choice":"Pray","floor":14.0,"gold_loss":0.0,"damage_taken":0.0},{"damage_healed":0.0,"max_hp_gain":0.0,"max_hp_loss":0.0,"gold_gain":0.0,"event_name":"Masked Bandits","player_choice":"Fought Bandits","floor":20.0,"gold_loss":0.0,"damage_taken":0.0},{"damage_healed":0.0,"max_hp_gain":0.0,"max_hp_loss":0.0,"gold_gain":0.0,"event_name":"The Mausoleum","player_choice":"Opened","floor":24.0,"gold_loss":0.0,"damage_taken":0.0,"relics_obtained":["Symbiotic Virus"],"cards_obtained":["Writhe"]},{"cards_removed":["Loop"],"damage_healed":0.0,"max_hp_gain":0.0,"max_hp_loss":0.0,"gold_gain":0.0,"event_name":"Falling","player_choice":"Removed Power","floor":39.0,"gold_loss":0.0,"damage_taken":0.0},{"damage_healed":0.0,"max_hp_gain":0.0,"max_hp_loss":0.0,"gold_gain":0.0,"event_name":"SecretPortal","player_choice":"Ignored","floor":44.0,"gold_loss":0.0,"damage_taken":0.0}],"is_beta":false,"boss_relics":[{"not_picked":["Tiny House","Runic Pyramid"],"picked":"Sozu"},{"not_picked":["Cursed Key","White Beast Statue"],"picked":"Eternal Feather"}],"items_purged_floors":[4],"is_endless":false,"potions_floor_spawned":[5,6,8,10,13,20,21,23,27,35,36,42,48],"ascension_level":6}