{"gold_per_floor":[119,194,194,211,211,211,244,244,244,244,270,297,34,45,45,45],"floor_reached":16,"playtime":801,"items_purged":[],"score":135,"play_id":"05106854-895e-4cae-83e0-dde078ff55e9","local_time":"20181030134703","is_ascension_mode":true,"campfire_choices":[{"floor":6,"key":"REST"},{"floor":8,"key":"REST"},{"data":"Ball Lightning","floor":10,"key":"SMITH"},{"floor":15,"key":"REST"}],"neow_cost":"TEN_PERCENT_HP_LOSS","seed_source_timestamp":4156570335694927,"circlet_count":0,"master_deck":["Strike_B","Strike_B","Defend_B","Defend_B","Defend_B","Defend_B","Zap","Dualcast","Gash","Redo","Ball Lightning+1","Rebound","Reboot","Self Repair","Self Repair","Genetic Algorithm"],"relics":["Cracked Core","SsserpentHead","StoneCalendar","Mercury Hourglass","MawBank","DollysMirror"],"potions_floor_usage":[7],"damage_taken":[{"damage":13,"enemies":"Small Slimes","floor":1,"turns":3},{"damage":2,"enemies":"Jaw Worm","floor":4,"turns":5},{"damage":24,"enemies":"Lagavulin","floor":7,"turns":6},{"damage":25,"enemies":"3 Sentries","floor":11,"turns":4},{"damage":0,"enemies":"Cultist","floor":12,"turns":2},{"damage":8,"enemies":"Blue Slaver","floor":14,"turns":3},{"damage":28,"enemies":"The Guardian","floor":16,"turns":7}],"seed_played":"4273594873239160535","potions_obtained":[{"floor":4,"key":"Dexterity Potion"},{"floor":12,"key":"LiquidBronze"}],"is_trial":false,"path_per_floor":["M","?","?","M","$","R","E","R","T","R","E","M","$","M","R"],"character_chosen":"DEFECT","items_purchased":["Self Repair","DollysMirror"],"campfire_rested":3,"item_purchase_floors":[13,13],"current_hp_per_floor":[55,44,44,42,42,62,38,58,58,58,33,33,33,39,59,31],"gold":45,"neow_bonus":"REMOVE_TWO","is_prod":false,"is_daily":false,"chose_seed":false,"campfire_upgraded":1,"win_rate":0,"timestamp":1540925223,"path_taken":["M","?","?","M","$","R","E","R","T","R","E","M","$","M","R","BOSS"],"build_version":"2018-10-25v2","purchased_purges":0,"victory":false,"max_hp_per_floor":[68,68,68,68,68,68,68,68,68,68,68,68,68,68,68,68],"card_choices":[{"not_picked":["Barrage","Storm"],"picked":"Gash","floor":1},{"not_picked":["Turbo","Streamline"],"picked":"Redo","floor":4},{"not_picked":["Sweeping Beam","Beam Cell"],"picked":"Ball Lightning","floor":7},{"not_picked":["Hologram","Darkness"],"picked":"Rebound","floor":11},{"not_picked":["Undo","Barrage"],"picked":"Reboot","floor":12},{"not_picked":["Skim","Recycle"],"picked":"Genetic Algorithm","floor":14}],"player_experience":899756,"relics_obtained":[{"floor":7,"key":"StoneCalendar"},{"floor":9,"key":"Mercury Hourglass"},{"floor":11,"key":"MawBank"}],"event_choices":[{"damage_healed":0,"gold_gain":75,"player_choice":"Gather Gold","damage_taken":11,"max_hp_gain":0,"max_hp_loss":0,"event_name":"World of Goop","floor":2,"gold_loss":0},{"damage_healed":0,"gold_gain":0,"player_choice":"Trade","damage_taken":0,"relics_obtained":["SsserpentHead"],"max_hp_gain":0,"max_hp_loss":0,"event_name":"FaceTrader","floor":3,"gold_loss":0}],"is_beta":false,"boss_relics":[],"items_purged_floors":[],"is_endless":false,"potions_floor_spawned":[4,12],"killed_by":"The Guardian","ascension_level":5}