{"gold_per_floor":[418,428,482,405,405,405,237,272,329,358,214,245,256,256],"floor_reached":14,"playtime":796,"items_purged":[],"score":164,"play_id":"d1a2daac-20b6-4d71-9feb-fb5cf85edd92","local_time":"20190423154230","is_ascension_mode":true,"campfire_choices":[{"data":"Backflip","floor":6,"key":"SMITH"}],"neow_cost":"TEN_PERCENT_HP_LOSS","seed_source_timestamp":0,"circlet_count":0,"master_deck":["AscendersBane","Defend_G","Defend_G","Defend_G","Defend_G","Defend_G","Strike_G","Strike_G","Strike_G","Strike_G","Strike_G","Survivor","Neutralize","Backflip+1","Choke","Dash+1","Apotheosis","Backflip","Terror","Envenom","Glass Knife","Footwork"],"special_seed":0,"relics":["Ring of the Snake","Old Coin","Ancient Tea Set","Tiny Chest","Pear","Bag of Preparation"],"potions_floor_usage":[10,10,12],"damage_taken":[{"damage":0.0,"enemies":"2 Louse","floor":1.0,"turns":5.0},{"damage":0.0,"enemies":"Jaw Worm","floor":2.0,"turns":5.0},{"damage":30,"enemies":"Gremlin Nob","floor":8,"turns":6},{"damage":3,"enemies":"Lagavulin","floor":10,"turns":6},{"damage":27,"enemies":"Gremlin Nob","floor":12,"turns":6},{"damage":0,"enemies":"Small Slimes","floor":13,"turns":3},{"damage":20,"enemies":"Gremlin Gang","floor":14,"turns":2}],"seed_played":"693811960805234503","potions_obtained":[{"floor":2.0,"key":"SkillPotion"},{"floor":8,"key":"Strength Potion"},{"floor":10,"key":"GhostInAJar"}],"is_trial":false,"path_per_floor":["M","M","?","$","?","R","$","E","T","E","$","E","M","M"],"character_chosen":"THE_SILENT","items_purchased":["Dash","Apotheosis","Envenom"],"campfire_rested":0,"item_purchase_floors":[4,7,11],"current_hp_per_floor":[63,63,63,63,63,63,63,33,33,40,40,13,13,0],"gold":256,"neow_bonus":"ONE_RARE_RELIC","is_prod":false,"is_daily":false,"chose_seed":false,"campfire_upgraded":1,"win_rate":0,"timestamp":1556052150,"path_taken":["M","M","?","$","?","R","$","E","T","E","$","E","M","M"],"build_version":"2019-01-23","purchased_purges":0,"victory":false,"max_hp_per_floor":[63,63,63,63,63,63,63,63,63,73,73,73,73,73],"card_choices":[{"not_picked":["Dagger Throw","Blade Dance"],"picked":"Backflip","floor":1.0},{"not_picked":["Setup","Blade Dance"],"picked":"Choke","floor":2.0},{"not_picked":["Distraction","Masterful Stab"],"picked":"Backflip","floor":8},{"not_picked":["Expertise","Setup"],"picked":"Terror","floor":10},{"not_picked":["Dagger Spray","Cloak And Dagger"],"picked":"Glass Knife","floor":12},{"not_picked":["Flying Knee","Dagger Throw"],"picked":"Footwork","floor":13}],"player_experience":1340325,"relics_obtained":[{"floor":8,"key":"Ancient Tea Set"},{"floor":9,"key":"Tiny Chest"},{"floor":10,"key":"Pear"},{"floor":12,"key":"Bag of Preparation"}],"event_choices":[{"damage_healed":0.0,"max_hp_gain":0.0,"max_hp_loss":0.0,"gold_gain":54.0,"event_name":"Golden Wing","player_choice":"Gained Gold","floor":3.0,"gold_loss":0.0,"damage_taken":0.0},{"damage_healed":0,"gold_gain":0,"player_choice":"Grow","damage_taken":0,"max_hp_gain":0,"max_hp_loss":0,"event_name":"Living Wall","floor":5,"gold_loss":0,"cards_upgraded":["Dash"]}],"is_beta":false,"boss_relics":[],"items_purged_floors":[],"is_endless":false,"potions_floor_spawned":[2,8,10],"killed_by":"Gremlin Gang","ascension_level":11}