{"gold_per_floor":[129,152,114,126,138,150,195,207,219,245,257,282,309,347,359,471,483,513,525,537,565,577,589,620,112,166,166,200,200,115,15,15,120,120,131,148,148,161,0,0,0,0,51,51,68,100,100,112,112,112],"floor_reached":51,"playtime":2659,"items_purged":["Bite","Defend_G"],"score":991,"play_id":"ddf36b2c-0f48-42ef-8cf4-50884211362d","local_time":"20180725135118","is_ascension_mode":false,"campfire_choices":[{"data":"Bane","floor":6,"key":"SMITH"},{"data":"Corpse Explosion","floor":8,"key":"SMITH"},{"data":"Dagger Spray","floor":11,"key":"SMITH"},{"data":"Poisoned Stab","floor":15,"key":"SMITH"},{"data":"Catalyst","floor":23,"key":"SMITH"},{"data":"Corpse Explosion","floor":27,"key":"SMITH"},{"floor":32,"key":"REST"},{"data":"Corpse Explosion","floor":40,"key":"SMITH"},{"floor":42,"key":"REST"},{"data":"Calculated Gamble","floor":44,"key":"SMITH"},{"data":"1","floor":49,"key":"LIFT"}],"neow_cost":"NONE","seed_source_timestamp":2496351602122893,"circlet_count":0,"master_deck":["Defend_G","Defend_G","Defend_G","Defend_G","Survivor","Neutralize","Deadly Poison","Bane+1","Corpse Explosion+1","Dagger Spray+1","Poisoned Stab+1","Corpse Explosion+1","Catalyst+1","Bite","Bite","Bite","Poisoned Stab+1","Backflip+1","Catalyst+1","Backflip+1","Corpse Explosion+1","Calculated Gamble+1","Deflect","Poisoned Stab+1","Writhe"],"relics":["Ring of the Snake","Strawberry","Kunai","Orichalcum","Odd Mushroom","White Beast Statue","DollysMirror","Bottled Lightning","Bag of Preparation","Gambling Chip","Nloth\u0027s Gift","Frozen Egg 2","Busted Crown","Girya","Red Mask","Art of War","Juzu Bracelet"],"potions_floor_usage":[16,33,50,50,50,50],"damage_taken":[{"damage":0,"enemies":"Cultist","floor":1,"turns":4},{"damage":0,"enemies":"Jaw Worm","floor":2,"turns":6},{"damage":8,"enemies":"Gremlin Nob","floor":7,"turns":3},{"damage":2,"enemies":"2 Louse","floor":10,"turns":3},{"damage":0,"enemies":"Exordium Thugs","floor":12,"turns":3},{"damage":0,"enemies":"3 Louse","floor":13,"turns":2},{"damage":0,"floor":14,"turns":2},{"damage":12,"enemies":"Hexaghost","floor":16,"turns":8},{"damage":4,"enemies":"Chosen","floor":18,"turns":4},{"damage":10,"enemies":"Shell Parasite","floor":21,"turns":3},{"damage":0,"enemies":"3 Cultists","floor":24,"turns":2},{"damage":37,"enemies":"Gremlin Leader","floor":28,"turns":3},{"damage":49,"enemies":"Automaton","floor":33,"turns":10},{"damage":9,"enemies":"Orb Walker","floor":35,"turns":2},{"damage":0,"enemies":"3 Darklings","floor":36,"turns":1},{"damage":0,"floor":37,"turns":2},{"damage":22,"enemies":"Sphere and 2 Shapes","floor":38,"turns":4},{"damage":16,"enemies":"Flame Bruiser 2 Orb","floor":45,"turns":4},{"damage":8,"enemies":"2 Orb Walkers","floor":46,"turns":2},{"damage":0,"enemies":"Transient","floor":48,"turns":5},{"damage":28,"enemies":"Time Eater","floor":50,"turns":4}],"seed_played":"3672028998712865530","potions_obtained":[{"floor":7,"key":"FearPotion"},{"floor":14,"key":"GhostInAJar"},{"floor":16,"key":"Strength Potion"},{"floor":18,"key":"Dexterity Potion"},{"floor":21,"key":"Explosive Potion"},{"floor":28,"key":"Ancient Potion"},{"floor":33,"key":"SpeedPotion"},{"floor":35,"key":"LiquidBronze"},{"floor":38,"key":"Explosive Potion"},{"floor":45,"key":"EntropicBrew"}],"is_trial":false,"path_per_floor":["M","M","?","?","T","R","E","R","T","M","R","M","M","?","R","B",null,"M","$","?","M","?","R","M","$","T","R","E","?","?","$","R","B",null,"M","M","?","M","?","R","$","R","T","R","M","E","?","M","R","B"],"character_chosen":"THE_SILENT","items_purchased":["DollysMirror","Bottled Lightning"],"campfire_rested":2,"item_purchase_floors":[25,25],"current_hp_per_floor":[70,70,70,67,74,74,68,68,68,68,68,70,72,74,74,64,77,73,73,73,69,69,69,73,73,73,73,38,38,38,38,61,16,77,68,68,68,50,50,50,50,73,73,73,59,51,70,77,77,53],"gold":112,"neow_bonus":"RANDOM_COMMON_RELIC","is_prod":false,"is_daily":false,"chose_seed":false,"campfire_upgraded":8,"win_rate":0,"timestamp":1532544678,"path_taken":["M","M","?","?","?","R","E","R","T","M","R","?","M","?","R","BOSS","M","$","?","M","?","R","?","$","T","R","E","?","?","$","R","BOSS","M","?","?","M","?","R","?","R","T","R","M","E","?","M","R","BOSS"],"build_version":"2018-07-19v2","purchased_purges":2,"victory":true,"max_hp_per_floor":[70,70,70,70,77,77,77,77,77,77,77,77,77,77,77,77,77,77,77,77,77,77,77,77,77,77,77,77,77,77,77,77,77,77,77,77,77,77,77,77,77,77,77,77,77,77,77,77,77,77],"card_choices":[{"not_picked":["Sucker Punch","Backstab"],"picked":"Deadly Poison","floor":1},{"not_picked":["Poisoned Stab","Backflip"],"picked":"Bane","floor":2},{"not_picked":["Dagger Spray","Dagger Throw"],"picked":"Corpse Explosion","floor":7},{"not_picked":["PiercingWail","Acrobatics"],"picked":"Dagger Spray","floor":10},{"not_picked":["Acrobatics","Backstab"],"picked":"Poisoned Stab","floor":12},{"not_picked":["Flying Knee","Dagger Throw","Quick Slash"],"picked":"SKIP","floor":13},{"not_picked":["Bullet Time","Die Die Die"],"picked":"Corpse Explosion","floor":16},{"not_picked":["Expertise","Underhanded Strike"],"picked":"Catalyst","floor":18},{"not_picked":["Sucker Punch+1","All Out Attack"],"picked":"Poisoned Stab+1","floor":21},{"not_picked":["Bane","Dagger Throw"],"picked":"Backflip+1","floor":24},{"not_picked":["A Thousand Cuts","Poisoned Stab"],"picked":"Backflip+1","floor":28},{"not_picked":["Bullet Time","Phantasmal Killer"],"picked":"Corpse Explosion","floor":33},{"not_picked":[],"picked":"Calculated Gamble","floor":35},{"not_picked":[],"picked":"Deflect","floor":36},{"not_picked":["Prepared"],"picked":"SKIP","floor":38},{"not_picked":[],"picked":"Poisoned Stab+1","floor":45},{"not_picked":["Cloak And Dagger+1"],"picked":"SKIP","floor":46},{"not_picked":["Poisoned Stab"],"picked":"SKIP","floor":48}],"player_experience":328331,"relics_obtained":[{"floor":5,"key":"Strawberry"},{"floor":7,"key":"Kunai"},{"floor":9,"key":"Orichalcum"},{"floor":14,"key":"Odd Mushroom"},{"floor":26,"key":"Bag of Preparation"},{"floor":28,"key":"Gambling Chip"},{"floor":37,"key":"Girya"},{"floor":43,"key":"Art of War"},{"floor":46,"key":"Juzu Bracelet"}],"event_choices":[{"event_name":"The Cleric","player_choice":"Card Removal","floor":3,"damage_taken":0},{"event_name":"Scrap Ooze","player_choice":"success","floor":4,"damage_taken":3},{"event_name":"Mushrooms","player_choice":"Fought Mushrooms","floor":14,"damage_taken":0},{"event_name":"Vampires","player_choice":"Became a vampire (Vial)","floor":20,"damage_taken":0},{"event_name":"Back to Basics","player_choice":"Elegance","floor":22,"damage_taken":0},{"event_name":"N\u0027loth","player_choice":"Traded a MawBank","floor":29,"damage_taken":0},{"event_name":"Addict","player_choice":"Obtained Relic","floor":30,"damage_taken":0},{"event_name":"MindBloom","player_choice":"Fight","floor":37,"damage_taken":0},{"event_name":"Tomb of Lord Red Mask","player_choice":"Paid","floor":39,"damage_taken":0},{"event_name":"Winding Halls","player_choice":"Writhe","floor":47,"damage_taken":0}],"is_beta":false,"boss_relics":[{"not_picked":["Coffee Dripper","WristBlade"],"picked":"White Beast Statue"},{"not_picked":["Lizard Tail","Astrolabe"],"picked":"Busted Crown"}],"items_purged_floors":[25,31],"is_endless":false,"potions_floor_spawned":[7,14,16,18,21,24,28,33,35,36,37,38,45,46,48],"ascension_level":0}