{"gold_per_floor":[112,112,62,77,41,41,67,67,67,67,81,109,121,141,141,240,240,259,274,274,274,287,287],"floor_reached":23,"playtime":1152,"items_purged":[],"score":283,"play_id":"ebf36f4d-196e-4c2c-8747-fed8c8a8353b","local_time":"20180808083650","is_ascension_mode":true,"campfire_choices":[{"data":"Zap","floor":6,"key":"SMITH"},{"data":"Sunder","floor":8,"key":"SMITH"},{"data":"Darkness","floor":15,"key":"SMITH"}],"neow_cost":"NONE","seed_source_timestamp":3688758168840254,"circlet_count":0,"master_deck":["Strike_B","Strike_B","Strike_B","Defend_B","Defend_B","Defend_B","Zap+1","Dualcast+1","Go for the Eyes","Auto Shields+1","Self Repair","Sunder+1","Glacier","Genetic Algorithm","Ball Lightning","Darkness+1","Machine Learning","Barrage+1","Barrage","Go for the Eyes+1"],"relics":["Cracked Core","NeowsBlessing","Blue Candle","Pear","War Paint","Inserter","Potion Belt"],"potions_floor_usage":[12,23],"damage_taken":[{"damage":0,"enemies":"Jaw Worm","floor":1,"turns":1},{"damage":0,"enemies":"Cultist","floor":4,"turns":1},{"damage":0,"enemies":"Gremlin Nob","floor":7,"turns":1},{"damage":0,"enemies":"Small Slimes","floor":11,"turns":1},{"damage":11,"enemies":"Lagavulin","floor":12,"turns":6},{"damage":7,"enemies":"Blue Slaver","floor":13,"turns":4},{"damage":0,"enemies":"Exordium Wildlife","floor":14,"turns":3},{"damage":14,"enemies":"Slime Boss","floor":16,"turns":7},{"damage":12,"enemies":"Spheric Guardian","floor":18,"turns":4},{"damage":9,"enemies":"Shell Parasite","floor":19,"turns":3},{"damage":19,"enemies":"Sentry and Sphere","floor":22,"turns":5},{"damage":15,"enemies":"Slavers","floor":23,"turns":3}],"seed_played":"6648536061130634222","potions_obtained":[{"floor":1,"key":"Energy Potion"},{"floor":12,"key":"SteroidPotion"},{"floor":18,"key":"LiquidBronze"}],"is_trial":false,"path_per_floor":["M","?","?","M","$","R","E","R","T","?","M","E","M","M","R","B",null,"M","M","?","?","M"],"character_chosen":"DEFECT","items_purchased":["Self Repair"],"campfire_rested":0,"item_purchase_floors":[5],"current_hp_per_floor":[75,75,75,75,75,75,75,75,85,78,78,74,74,81,81,74,82,70,68,68,68,56,41],"gold":287,"neow_bonus":"THREE_ENEMY_KILL","is_prod":false,"is_daily":false,"chose_seed":false,"campfire_upgraded":3,"win_rate":0,"timestamp":1533735410,"path_taken":["M","?","?","M","$","R","E","R","T","?","M","E","M","?","R","BOSS","M","M","?","?","M","E"],"build_version":"2018-08-02","purchased_purges":0,"victory":false,"max_hp_per_floor":[75,75,75,75,75,75,75,75,85,85,85,85,85,85,85,85,85,85,85,85,85,85,85],"card_choices":[{"not_picked":["Sweeping Beam","Turbo"],"picked":"Go for the Eyes","floor":1},{"not_picked":["Go for the Eyes","Leap"],"picked":"Auto Shields","floor":4},{"not_picked":["Sweeping Beam","Melter"],"picked":"Sunder","floor":7},{"not_picked":["Turbo","All For One"],"picked":"Glacier","floor":11},{"not_picked":["Redo","Glacier"],"picked":"Genetic Algorithm","floor":12},{"not_picked":["Sunder","Hologram"],"picked":"Ball Lightning","floor":13},{"not_picked":["Leap","Gash"],"picked":"Darkness","floor":14},{"not_picked":["Creative AI","All For One"],"picked":"Machine Learning","floor":16},{"not_picked":["Turbo","Self Repair"],"picked":"Barrage+1","floor":18},{"not_picked":["Reprogram+1","Rip and Tear"],"picked":"Barrage","floor":19},{"not_picked":["Gash","Ball Lightning"],"picked":"Go for the Eyes+1","floor":22}],"player_experience":444281,"relics_obtained":[{"floor":7,"key":"Blue Candle"},{"floor":9,"key":"Pear"},{"floor":12,"key":"War Paint"}],"event_choices":[{"event_name":"The Woman in Blue","player_choice":"Bought 0 Potions","floor":2,"damage_taken":0},{"event_name":"The Cleric","player_choice":"Card Removal","floor":3,"damage_taken":0},{"event_name":"Golden Wing","player_choice":"Card Removal","floor":10,"damage_taken":0},{"event_name":"Ghosts","player_choice":"Ignored","floor":20,"damage_taken":0},{"event_name":"Wheel of Change","player_choice":"Relic","floor":21,"damage_taken":0}],"is_beta":false,"boss_relics":[{"not_picked":["Runic Pyramid","Pandora\u0027s Box"],"picked":"Inserter"}],"items_purged_floors":[],"is_endless":false,"potions_floor_spawned":[1,12,18],"killed_by":"Slavers","ascension_level":5}