{"gold_per_floor":[113,113,124,139,139,139,139,16,43,59,59,94,94,2,2,122,122,93,93,118,134,134],"floor_reached":22,"playtime":3226,"items_purged":["Defend_G"],"score":202,"play_id":"4259a725-db46-4606-9c56-8b4e4ba61660","local_time":"20180903194145","is_ascension_mode":true,"campfire_choices":[{"floor":6,"key":"REST"},{"data":"Deadly Poison","floor":11,"key":"SMITH"},{"data":"Calculated Gamble","floor":13,"key":"SMITH"},{"data":"Dark Shackles","floor":15,"key":"SMITH"}],"neow_cost":"","seed_source_timestamp":378606073404113,"circlet_count":0,"master_deck":["Defend_G","Defend_G","Defend_G","Strike_G","Strike_G","Strike_G","Survivor","Neutralize","Leg Sweep","Deadly Poison+1","Calculated Gamble+1","Dagger Spray","Dagger Spray","Flying Knee","Dark Shackles+1","Storm of Steel","Dagger Throw","Predator+1","Deadly Poison"],"relics":["Ring of the Snake","Golden Idol","Vajra","Blood Vial","Fusion Hammer"],"potions_floor_usage":[3,12,20,22],"damage_taken":[{"damage":0,"enemies":"Small Slimes","floor":1,"turns":4},{"damage":1,"enemies":"Jaw Worm","floor":3,"turns":4},{"damage":1,"enemies":"2 Louse","floor":4,"turns":3},{"damage":0,"enemies":"2 Fungi Beasts","floor":10,"turns":4},{"damage":1,"enemies":"Gremlin Nob","floor":12,"turns":3},{"damage":28,"enemies":"Slime Boss","floor":16,"turns":11},{"damage":16,"enemies":"2 Thieves","floor":18,"turns":5},{"damage":1,"enemies":"Shell Parasite","floor":20,"turns":4},{"damage":10,"enemies":"Snecko","floor":21,"turns":4},{"damage":7,"enemies":"Colosseum Slavers","floor":22,"turns":4},{"damage":44,"enemies":"Colosseum Nobs","floor":22,"turns":4}],"seed_played":"1517987197575093938","potions_obtained":[{"floor":1,"key":"AttackPotion"},{"floor":3,"key":"SteroidPotion"},{"floor":16,"key":"Energy Potion"},{"floor":20,"key":"Fire Potion"}],"is_trial":false,"path_per_floor":["M","?","M","M","?","R","?","$","T","M","R","E","R","$","R","B",null,"M","?","M","M"],"character_chosen":"THE_SILENT","items_purchased":["Dagger Spray","Dark Shackles"],"campfire_rested":1,"item_purchase_floors":[8,14],"current_hp_per_floor":[70,63,62,61,44,65,65,65,65,65,65,64,64,64,64,38,70,54,54,55,47,0],"gold":134,"neow_bonus":"","is_prod":false,"is_daily":false,"chose_seed":false,"campfire_upgraded":3,"win_rate":0,"timestamp":1536028905,"path_taken":["M","?","M","M","?","R","?","$","T","M","R","E","R","$","R","BOSS","M","?","M","M","?"],"build_version":"2018-08-30","purchased_purges":1,"victory":false,"max_hp_per_floor":[70,70,70,70,70,70,70,70,70,70,70,70,70,70,70,70,70,70,70,70,70,70],"card_choices":[{"not_picked":["Blade Dance","Flying Knee"],"picked":"Leg Sweep","floor":1},{"not_picked":["Tactician","Poisoned Stab"],"picked":"Deadly Poison","floor":3},{"not_picked":["Terror","Acrobatics"],"picked":"Calculated Gamble","floor":4},{"not_picked":["Acrobatics","Tactician"],"picked":"Dagger Spray","floor":10},{"not_picked":["Bouncing Flask","Phantasmal Killer"],"picked":"Flying Knee","floor":12},{"not_picked":["Phantasmal Killer","Glass Knife"],"picked":"Storm of Steel","floor":16},{"not_picked":["Prepared","Flying Knee"],"picked":"Dagger Throw","floor":18},{"not_picked":["Reflex","PiercingWail"],"picked":"Predator+1","floor":20},{"not_picked":["Infinite Blades","Catalyst"],"picked":"Deadly Poison","floor":21}],"player_experience":305912,"relics_obtained":[{"floor":9,"key":"Vajra"},{"floor":12,"key":"Blood Vial"}],"event_choices":[{"event_name":"Golden Wing","player_choice":"Card Removal","floor":2,"damage_taken":0},{"event_name":"Golden Idol","player_choice":"Take Damage","floor":5,"damage_taken":0},{"event_name":"Living Wall","player_choice":"Forget","floor":7,"damage_taken":0},{"event_name":"Bonfire Elementals","player_choice":"BASIC","floor":19,"damage_taken":0},{"event_name":"Colosseum","player_choice":"Fight","floor":22,"damage_taken":0},{"event_name":"Colosseum","player_choice":"Fought Nobs","floor":22,"damage_taken":0}],"is_beta":false,"boss_relics":[{"not_picked":["HoveringKite","Ectoplasm"],"picked":"Fusion Hammer"}],"items_purged_floors":[8],"is_endless":false,"potions_floor_spawned":[1,3,16,20,22],"killed_by":"Colosseum Nobs","ascension_level":2}