{"gold_per_floor":[114,39,59,75,75,75,91,91,91,111,11,11,21,47,47,47],"floor_reached":16,"playtime":929,"items_purged":["Strike_G","Defend_G"],"score":102,"play_id":"f42d4044-8884-4fe1-9082-bb11030bb591","local_time":"20190702231307","is_ascension_mode":false,"campfire_choices":[{"floor":6,"key":"DIG"},{"floor":8,"key":"DIG"},{"floor":12,"key":"DIG"},{"floor":15,"key":"DIG"}],"neow_cost":"PERCENT_DAMAGE","seed_source_timestamp":2188010645278169,"circlet_count":0,"master_deck":["Strike_G","Strike_G","Strike_G","Strike_G","Defend_G","Defend_G","Defend_G","Survivor","Neutralize","Dagger Throw","Expertise","Skewer","Footwork","A Thousand Cuts","Prepared","Footwork"],"relics":["Ring of the Snake","Shovel","Meat on the Bone","Letter Opener","Calipers","Anchor","Pen Nib"],"potions_floor_usage":[14,16],"damage_taken":[{"damage":7,"enemies":"Cultist","floor":1,"turns":5},{"damage":6,"enemies":"Jaw Worm","floor":3,"turns":6},{"damage":0,"enemies":"2 Louse","floor":4,"turns":3},{"damage":6,"enemies":"Blue Slaver","floor":7,"turns":4},{"damage":3,"enemies":"3 Louse","floor":10,"turns":3},{"damage":5,"enemies":"2 Fungi Beasts","floor":13,"turns":3},{"damage":28,"enemies":"Gremlin Nob","floor":14,"turns":5},{"damage":31,"enemies":"Slime Boss","floor":16,"turns":9}],"seed_played":"-4598015606772867180","potions_obtained":[{"floor":1,"key":"Weak Potion"},{"floor":14,"key":"EssenceOfSteel"}],"is_trial":false,"path_per_floor":["M","$","M","M","?","R","M","R","T","M","$","R","M","E","R","B"],"character_chosen":"THE_SILENT","items_purchased":[],"campfire_rested":0,"item_purchase_floors":[],"current_hp_per_floor":[42,42,36,36,36,36,42,42,42,39,39,39,46,30,30,0],"gold":47,"neow_bonus":"ONE_RARE_RELIC","is_prod":false,"is_daily":false,"chose_seed":false,"campfire_upgraded":0,"win_rate":0,"timestamp":1562130787,"path_taken":["M","?","M","?","?","R","M","R","T","M","$","R","M","E","R","BOSS"],"build_version":"2019-07-01","purchased_purges":2,"victory":false,"max_hp_per_floor":[70,70,70,70,70,70,70,70,70,70,70,70,70,70,70,70],"card_choices":[{"not_picked":["All Out Attack","Bane"],"picked":"Dagger Throw","floor":1},{"not_picked":["Leg Sweep","Dagger Throw"],"picked":"Expertise","floor":3},{"not_picked":["Sucker Punch","Slice"],"picked":"Skewer","floor":4},{"not_picked":["Accuracy","All Out Attack"],"picked":"Footwork","floor":7},{"not_picked":["Poisoned Stab","Deadly Poison"],"picked":"A Thousand Cuts","floor":10},{"not_picked":["Poisoned Stab","Quick Slash"],"picked":"Prepared","floor":13},{"not_picked":["Backstab","Predator"],"picked":"Footwork","floor":14}],"player_experience":107234,"relics_obtained":[{"floor":6,"key":"Meat on the Bone"},{"floor":9,"key":"Letter Opener"},{"floor":12,"key":"Calipers"},{"floor":14,"key":"Anchor"},{"floor":15,"key":"Pen Nib"}],"event_choices":[{"cards_removed":["Defend_G"],"damage_healed":0,"gold_gain":0,"player_choice":"Forget","damage_taken":0,"max_hp_gain":0,"max_hp_loss":0,"event_name":"Living Wall","floor":5,"gold_loss":0}],"is_beta":false,"boss_relics":[],"items_purged_floors":[2,11],"is_endless":false,"potions_floor_spawned":[1,14],"killed_by":"Slime Boss","ascension_level":0}