{"gold_per_floor":[363,70,70,70,17,17,29,47,47,47,77,77,102,116,116,220,220,207,221,239,239],"floor_reached":21,"playtime":1569,"items_purged":["Regret"],"score":236,"play_id":"651daa35-c4ea-4775-a395-ef58406640a6","local_time":"20190626181844","is_ascension_mode":true,"campfire_choices":[{"floor":6,"key":"REST"},{"floor":10,"key":"RECALL"},{"floor":12,"key":"REST"},{"floor":15,"key":"REST"}],"neow_cost":"CURSE","seed_source_timestamp":972859907648200,"circlet_count":0,"master_deck":["Strike_B","Strike_B","Strike_B","Strike_B","Defend_B","Defend_B","Defend_B","Zap","Dualcast","Auto Shields","Defragment","Cold Snap","Static Discharge","Defragment","Loop","Core Surge","Cold Snap+1","Cold Snap+1"],"relics":["Cracked Core","Bag of Preparation","Ornamental Fan","Gremlin Horn","Sundial","Darkstone Periapt","Lizard Tail"],"potions_floor_usage":[11,16,20],"damage_taken":[{"damage":10,"enemies":"Cultist","floor":1,"turns":4},{"damage":0,"enemies":"Small Slimes","floor":7,"turns":3},{"damage":4,"enemies":"Jaw Worm","floor":8,"turns":4},{"damage":12,"enemies":"Gremlin Nob","floor":11,"turns":5},{"damage":8,"enemies":"Lagavulin","floor":13,"turns":6},{"damage":0,"enemies":"Blue Slaver","floor":14,"turns":3},{"damage":40,"enemies":"Hexaghost","floor":16,"turns":9},{"damage":31,"enemies":"2 Thieves","floor":18,"turns":4},{"damage":10,"enemies":"Spheric Guardian","floor":19,"turns":4},{"damage":65,"enemies":"3 Cultists","floor":20,"turns":5},{"damage":18,"enemies":"Snecko","floor":21,"turns":2}],"seed_played":"1341088805175847485","potions_obtained":[{"floor":1,"key":"PowerPotion"},{"floor":14,"key":"LiquidBronze"},{"floor":18,"key":"LiquidBronze"},{"floor":19,"key":"Ancient Potion"}],"is_trial":false,"path_per_floor":["M","$","?","T","$","R","M","M","T","R","E","R","E","M","R","B",null,"M","M","M","M"],"character_chosen":"DEFECT","items_purchased":["Defragment","Bag of Preparation","Cold Snap"],"campfire_rested":3,"item_purchase_floors":[2,2,5],"current_hp_per_floor":[65,65,58,58,58,75,75,71,71,71,59,75,67,67,75,35,65,34,24,9,0],"gold":239,"neow_bonus":"TWO_FIFTY_GOLD","is_prod":false,"is_daily":false,"chose_seed":false,"campfire_upgraded":0,"win_rate":0,"timestamp":1561598324,"path_taken":["M","?","?","?","?","R","M","M","T","R","E","R","E","M","R","BOSS","M","M","?","M"],"build_version":"2019-01-23","purchased_purges":1,"victory":false,"max_hp_per_floor":[75,75,75,75,75,75,75,75,75,75,75,75,75,75,75,75,75,75,75,75,75],"card_choices":[{"not_picked":["Hello World","Stack"],"picked":"Auto Shields","floor":1},{"not_picked":["Recycle","Skim","Leap"],"picked":"SKIP","floor":7},{"not_picked":["Leap","Steam Power"],"picked":"Static Discharge","floor":8},{"not_picked":["Hologram","Leap"],"picked":"Defragment","floor":11},{"not_picked":["Beam Cell","Conserve Battery","Recycle"],"picked":"SKIP","floor":13},{"not_picked":["Double Energy","Redo"],"picked":"Loop","floor":14},{"not_picked":["Machine Learning","Buffer"],"picked":"Core Surge","floor":16},{"not_picked":["Redo","Hologram+1"],"picked":"Cold Snap+1","floor":18},{"not_picked":["Barrage","Steam Power","Sweeping Beam"],"picked":"SKIP","floor":19},{"not_picked":["Skim+1","Lockon+1"],"picked":"Cold Snap+1","floor":20}],"player_experience":564606,"relics_obtained":[{"floor":4,"key":"Ornamental Fan"},{"floor":9,"key":"Gremlin Horn"},{"floor":11,"key":"Sundial"},{"floor":13,"key":"Darkstone Periapt"}],"event_choices":[{"cards_removed":["Defend_B"],"damage_healed":0,"gold_gain":0,"player_choice":"Card Removal","damage_taken":7,"max_hp_gain":0,"max_hp_loss":0,"event_name":"Golden Wing","floor":3,"gold_loss":0}],"is_beta":false,"boss_relics":[{"not_picked":["Orrery","Snecko Eye"],"picked":"Lizard Tail"}],"items_purged_floors":[2],"is_endless":false,"potions_floor_spawned":[1,14,18,19],"killed_by":"Snecko","ascension_level":5}