{"gold_per_floor":[109,184,199,212,212,231,244,256,286,320,332,360,372,412,424,436],"floor_reached":16,"playtime":1640,"items_purged":[],"score":194,"play_id":"d0ccc5ec-0391-4c63-aeb6-ea4eddccaf6c","local_time":"20190516202107","is_ascension_mode":true,"campfire_choices":[{"floor":11,"key":"REST"},{"data":"All Out Attack","floor":13,"key":"SMITH"},{"floor":15,"key":"REST"}],"neow_cost":"TEN_PERCENT_HP_LOSS","seed_source_timestamp":0,"circlet_count":0,"master_deck":["AscendersBane","Defend_G","Defend_G","Defend_G","Defend_G","Defend_G","Strike_G","Strike_G","Strike_G","Strike_G","Survivor","Neutralize","Masterful Stab","Flying Knee","All Out Attack+1","Deflect","Flying Knee","Infinite Blades","Expertise","Quick Slash","Predator"],"special_seed":0,"relics":["Ring of the Snake","Ice Cream","Tiny Chest","MawBank","Blood Vial"],"potions_floor_usage":[7,10,16],"damage_taken":[{"damage":3.0,"enemies":"Cultist","floor":1.0,"turns":4.0},{"damage":0.0,"enemies":"2 Louse","floor":3.0,"turns":4.0},{"damage":0.0,"enemies":"Small Slimes","floor":4.0,"turns":3.0},{"damage":3.0,"enemies":"Blue Slaver","floor":6.0,"turns":4.0},{"damage":1,"enemies":"Gremlin Gang","floor":7,"turns":3},{"damage":4,"enemies":"Lots of Slimes","floor":8,"turns":2},{"damage":3,"enemies":"3 Sentries","floor":10,"turns":5},{"damage":3,"enemies":"Large Slime","floor":12,"turns":7},{"damage":28,"enemies":"Gremlin Nob","floor":14,"turns":4},{"damage":48,"enemies":"Hexaghost","floor":16,"turns":9}],"seed_played":"-1366254361855313565","potions_obtained":[{"floor":1.0,"key":"Strength Potion"},{"floor":4.0,"key":"Energy Potion"},{"floor":7,"key":"SkillPotion"},{"floor":14,"key":"Weak Potion"}],"is_trial":false,"path_per_floor":["M","?","M","M","?","M","M","M","T","E","R","M","R","E","R","B"],"character_chosen":"THE_SILENT","items_purchased":[],"campfire_rested":2,"item_purchase_floors":[],"current_hp_per_floor":[56,50,50,50,50,47,46,42,42,39,57,54,54,26,44,0],"gold":436,"neow_bonus":"ONE_RARE_RELIC","is_prod":false,"is_daily":false,"chose_seed":false,"campfire_upgraded":1,"win_rate":0,"timestamp":1558056067,"path_taken":["M","?","?","M","?","?","M","M","T","E","R","M","R","E","R","BOSS"],"build_version":"2019-01-23","purchased_purges":0,"victory":false,"max_hp_per_floor":[60,60,60,60,60,60,60,60,60,60,60,60,60,60,60,60],"card_choices":[{"not_picked":["Backflip","Acrobatics"],"picked":"Masterful Stab","floor":1.0},{"not_picked":["PiercingWail","Outmaneuver"],"picked":"Flying Knee","floor":3.0},{"not_picked":["Poisoned Stab","Dodge and Roll"],"picked":"All Out Attack","floor":4.0},{"not_picked":["Infinite Blades","Dodge and Roll"],"picked":"Deflect","floor":6},{"not_picked":["Dagger Throw","Well Laid Plans"],"picked":"Flying Knee","floor":7},{"not_picked":["Noxious Fumes","Caltrops"],"picked":"Infinite Blades","floor":8},{"not_picked":["Flechettes","Bullet Time"],"picked":"Expertise","floor":10},{"not_picked":["Deadly Poison","Prepared"],"picked":"Quick Slash","floor":12},{"not_picked":["Escape Plan","Expertise"],"picked":"Predator","floor":14}],"player_experience":1386224,"relics_obtained":[{"floor":9,"key":"Tiny Chest"},{"floor":10,"key":"MawBank"},{"floor":14,"key":"Blood Vial"}],"event_choices":[{"damage_healed":0.0,"max_hp_gain":0.0,"max_hp_loss":0.0,"gold_gain":75.0,"event_name":"FaceTrader","player_choice":"Touch","floor":2.0,"gold_loss":0.0,"damage_taken":6.0},{"cards_removed":["Strike_G"],"damage_healed":0.0,"max_hp_gain":0.0,"max_hp_loss":0.0,"gold_gain":0.0,"event_name":"Purifier","player_choice":"Purged","floor":5.0,"gold_loss":0.0,"damage_taken":0.0}],"is_beta":false,"boss_relics":[],"items_purged_floors":[],"is_endless":false,"potions_floor_spawned":[1,4,7,14],"killed_by":"Hexaghost","ascension_level":14}