{"gold_per_floor":[115,126,140,215,6,6,35,35,35,91,16,16,47,47,47,146,146,164,164,179,278,298,298,331,346,346,346,371,371,402,402,402,498,498,518,518,531,531,16,16,44,0,52,87,87,87,87,87,87,87],"floor_reached":51,"playtime":12540,"items_purged":["Regret","Defend_G"],"score":996,"play_id":"2e378a00-448a-4b83-ac98-0de479a522e5","local_time":"20190625164110","is_ascension_mode":true,"campfire_choices":[{"floor":6,"key":"REST"},{"floor":8,"key":"REST"},{"floor":12,"key":"REST"},{"data":"Neutralize","floor":15,"key":"SMITH"},{"floor":23,"key":"REST"},{"data":"After Image","floor":29,"key":"SMITH"},{"data":"Dagger Spray","floor":32,"key":"SMITH"},{"floor":40,"key":"REST"},{"floor":47,"key":"REST"},{"data":"Madness","floor":49,"key":"SMITH"}],"neow_cost":"NONE","seed_source_timestamp":869590410122100,"circlet_count":0,"master_deck":["Defend_G","Defend_G","Defend_G","Defend_G","Survivor","Neutralize+1","Quick Slash","Backflip","All Out Attack","PiercingWail","Acrobatics","After Image+1","After Image+1","Cloak And Dagger+1","J.A.X.","Deflect","Dagger Spray+1","Riddle With Holes+1","Prepared","Bite","Bite","Bite","Bite","Bite","Die Die Die","Slice","Madness+1","Madness","Swift Strike","Thinking Ahead","Underhanded Strike","Injury","PiercingWail","Dark Shackles"],"relics":["Cursed Key","TwistedFunnel","Nunchaku","Pocketwatch","Shuriken","Pantograph","Sozu","Lantern","Unceasing Top","Oddly Smooth Stone","Mango","Tingsha","WristBlade","Vajra","Ginger","Red Mask","Orichalcum","Molten Egg 2"],"potions_floor_usage":[10,13],"damage_taken":[{"damage":0,"enemies":"Cultist","floor":1,"turns":4},{"damage":1,"enemies":"2 Louse","floor":2,"turns":2},{"damage":4,"enemies":"Jaw Worm","floor":3,"turns":3},{"damage":14,"enemies":"3 Sentries","floor":7,"turns":7},{"damage":21,"enemies":"3 Sentries","floor":10,"turns":9},{"damage":7,"enemies":"Lagavulin","floor":13,"turns":6},{"damage":15,"enemies":"Hexaghost","floor":16,"turns":11},{"damage":5,"enemies":"2 Thieves","floor":18,"turns":5},{"damage":3,"enemies":"3 Byrds","floor":20,"turns":4},{"damage":6,"enemies":"Snake Plant","floor":22,"turns":6},{"damage":6,"enemies":"Gremlin Leader","floor":24,"turns":6},{"damage":21,"enemies":"Shelled Parasite and Fungi","floor":25,"turns":4},{"damage":6,"enemies":"Book of Stabbing","floor":28,"turns":5},{"damage":6,"enemies":"Slavers","floor":30,"turns":5},{"damage":34,"enemies":"Collector","floor":33,"turns":8},{"damage":0,"enemies":"Orb Walker","floor":35,"turns":3},{"damage":5,"enemies":"3 Shapes","floor":37,"turns":2},{"damage":35,"enemies":"Nemesis","floor":41,"turns":5},{"damage":7,"enemies":"Reptomancer","floor":44,"turns":5},{"damage":57,"enemies":"Donu and Deca","floor":50,"turns":8}],"seed_played":"1442052093199634089","potions_obtained":[{"floor":2,"key":"SteroidPotion"},{"floor":10,"key":"Dexterity Potion"}],"is_trial":false,"path_per_floor":["M","M","M","?","$","R","E","R","T","?","$","R","E","?","R","B",null,"M","?","M","?","M","R","E","M","T","?","E","R","E","?","R","B",null,"M","?","M","?","$","R","E","?","T","E","?","?","R","?","R","B",null],"character_chosen":"THE_SILENT","items_purchased":["TwistedFunnel","Vajra","Swift Strike","Thinking Ahead"],"campfire_rested":6,"item_purchase_floors":[5,39,39,39],"current_hp_per_floor":[70,69,65,54,54,70,56,70,70,49,49,70,63,63,63,55,70,65,65,62,62,56,70,64,43,43,43,49,49,60,60,60,40,63,63,63,58,50,50,63,38,38,38,39,39,39,57,57,57,24],"gold":87,"neow_bonus":"BOSS_RELIC","is_prod":false,"is_daily":false,"chose_seed":false,"campfire_upgraded":4,"win_rate":0,"timestamp":1561506070,"path_taken":["M","?","M","?","$","R","E","R","T","?","?","R","E","?","R","BOSS","M","?","M","?","M","R","E","M","T","?","E","R","E","?","R","BOSS","M","?","?","?","$","R","E","?","T","E","?","?","R","?","R","BOSS"],"build_version":"2019-01-23","purchased_purges":2,"victory":true,"max_hp_per_floor":[70,70,70,70,70,70,70,70,70,70,70,70,70,70,70,70,70,70,70,70,70,70,70,70,70,70,49,49,49,63,63,63,63,63,63,63,63,63,63,63,63,63,63,63,63,63,63,63,63,63],"card_choices":[{"not_picked":["Slice","Expertise"],"picked":"Quick Slash","floor":1},{"not_picked":["Distraction","Dagger Spray"],"picked":"Backflip","floor":2},{"not_picked":["Skewer","Catalyst"],"picked":"All Out Attack","floor":3},{"not_picked":["Infinite Blades","Dagger Spray"],"picked":"PiercingWail","floor":7},{"not_picked":["Reflex","Flechettes"],"picked":"Acrobatics","floor":10},{"not_picked":["Catalyst","Dagger Spray"],"picked":"After Image","floor":13},{"not_picked":["Grand Finale","Tools of the Trade"],"picked":"After Image","floor":16},{"not_picked":["Poisoned Stab","Dagger Throw"],"picked":"Cloak And Dagger+1","floor":18},{"not_picked":["Sucker Punch","Outmaneuver"],"picked":"Deflect","floor":20},{"not_picked":["Blade Dance","Quick Slash"],"picked":"Dagger Spray","floor":22},{"not_picked":["Slice","Concentrate"],"picked":"Riddle With Holes+1","floor":24},{"not_picked":["Reflex","Acrobatics"],"picked":"Prepared","floor":25},{"not_picked":["Poisoned Stab","Outmaneuver","Tactician"],"picked":"SKIP","floor":28},{"not_picked":["Outmaneuver","Burst","Acrobatics"],"picked":"SKIP","floor":30},{"not_picked":["Malaise","After Image"],"picked":"Die Die Die","floor":33},{"not_picked":["Footwork","Sucker Punch+1","Deflect"],"picked":"SKIP","floor":35},{"not_picked":["PiercingWail","Backflip"],"picked":"Slice","floor":37},{"not_picked":["Blur","Bane+1"],"picked":"Underhanded Strike","floor":41},{"not_picked":["Slice","Wraith Form v2"],"picked":"PiercingWail","floor":44},{"not_picked":["Secret Weapon","Swift Strike+1"],"picked":"Dark Shackles","floor":45}],"player_experience":542425,"relics_obtained":[{"floor":7,"key":"Nunchaku"},{"floor":9,"key":"Pocketwatch"},{"floor":10,"key":"Shuriken"},{"floor":13,"key":"Pantograph"},{"floor":24,"key":"Lantern"},{"floor":26,"key":"Unceasing Top"},{"floor":28,"key":"Oddly Smooth Stone"},{"floor":30,"key":"Mango"},{"floor":41,"key":"Ginger"},{"floor":43,"key":"Orichalcum"},{"floor":44,"key":"Molten Egg 2"}],"event_choices":[{"damage_healed":0,"gold_gain":75,"player_choice":"Gather Gold","damage_taken":11,"max_hp_gain":0,"max_hp_loss":0,"event_name":"World of Goop","floor":4,"gold_loss":0},{"damage_healed":0,"gold_gain":0,"player_choice":"Searched \u00271\u0027 times","damage_taken":0,"max_hp_gain":0,"max_hp_loss":0,"event_name":"Dead Adventurer","floor":10,"gold_loss":0},{"damage_healed":0,"gold_gain":0,"player_choice":"Forge","damage_taken":0,"max_hp_gain":0,"max_hp_loss":0,"event_name":"Accursed Blacksmith","floor":14,"gold_loss":0,"cards_upgraded":["After Image"]},{"damage_healed":0,"gold_gain":0,"player_choice":"Obtain J.A.X.","damage_taken":0,"max_hp_gain":0,"max_hp_loss":0,"event_name":"Drug Dealer","floor":19,"gold_loss":0,"cards_obtained":["J.A.X."]},{"damage_healed":0,"gold_gain":99,"player_choice":"Stole From Cult","damage_taken":0,"max_hp_gain":0,"max_hp_loss":0,"event_name":"Nest","floor":21,"gold_loss":0},{"damage_healed":0,"gold_gain":0,"player_choice":"Became a vampire","damage_taken":0,"max_hp_gain":0,"max_hp_loss":21,"event_name":"Vampires","floor":27,"gold_loss":0,"cards_obtained":["Bite","Bite","Bite","Bite","Bite"]},{"damage_healed":0,"gold_gain":0,"player_choice":"Opened","damage_taken":0,"relics_obtained":["Tingsha"],"max_hp_gain":0,"max_hp_loss":0,"event_name":"The Mausoleum","floor":31,"gold_loss":0},{"cards_removed":["Injury"],"damage_healed":0,"gold_gain":0,"player_choice":"Purged","damage_taken":0,"max_hp_gain":0,"max_hp_loss":0,"event_name":"Purifier","floor":36,"gold_loss":0},{"damage_healed":0,"gold_gain":0,"player_choice":"Embrace Madness","damage_taken":8,"max_hp_gain":0,"max_hp_loss":0,"event_name":"Winding Halls","floor":38,"gold_loss":0,"cards_obtained":["Madness","Madness"]},{"damage_healed":0,"gold_gain":0,"player_choice":"Paid","damage_taken":0,"relics_obtained":["Red Mask"],"max_hp_gain":0,"max_hp_loss":0,"event_name":"Tomb of Lord Red Mask","floor":42,"gold_loss":44},{"damage_healed":0,"gold_gain":0,"player_choice":"Memory 1","damage_taken":0,"max_hp_gain":0,"max_hp_loss":0,"event_name":"SensoryStone","floor":45,"gold_loss":0},{"damage_healed":0,"gold_gain":0,"player_choice":"Ignored","damage_taken":0,"max_hp_gain":0,"max_hp_loss":0,"event_name":"Mysterious Sphere","floor":46,"gold_loss":0},{"damage_healed":0,"gold_gain":0,"player_choice":"Bought 0 Potions","damage_taken":0,"max_hp_gain":0,"max_hp_loss":0,"event_name":"The Woman in Blue","floor":48,"gold_loss":0}],"is_beta":false,"boss_relics":[{"not_picked":["Runic Pyramid","Velvet Choker"],"picked":"Sozu"},{"not_picked":["Astrolabe","Runic Dome"],"picked":"WristBlade"}],"items_purged_floors":[11,39],"is_endless":false,"potions_floor_spawned":[2,10,25,28,44],"ascension_level":4}