{"gold_per_floor":[112,129,139,64,14,14,43,54,54,65,79,93,93,123,123,221,221,231,250,250,263,118,151,151,184,207,207,207,227,327,342,342,342],"floor_reached":33,"playtime":2478,"items_purged":["Strike_R","Defend_R"],"score":329,"play_id":"bb57a43a-2d5e-4d88-a47f-eb359b33bd1f","local_time":"20180729114232","is_ascension_mode":true,"campfire_choices":[{"data":"Rampage","floor":6.0,"key":"SMITH"},{"data":"Flame Barrier","floor":13.0,"key":"SMITH"},{"data":"Flame Barrier","floor":15.0,"key":"SMITH"},{"floor":24,"key":"REST"},{"data":"Iron Wave","floor":27,"key":"SMITH"},{"floor":32,"key":"REST"}],"neow_cost":"NONE","seed_source_timestamp":0,"circlet_count":0,"master_deck":["Strike_R","Strike_R","Strike_R","Defend_R","Defend_R","Bash","Shrug It Off","Rampage+1","Flame Barrier+1","Battle Trance","Flame Barrier+1","Iron Wave+1","Immolate","Twin Strike+1","Shrug It Off","Headbutt","Headbutt+1"],"special_seed":0,"relics":["Burning Blood","Potion Belt","Question Card","Unceasing Top","Eternal Feather","Strawberry","Matryoshka","Juzu Bracelet","Red Skull"],"potions_floor_usage":[18,23,25,33,33,33],"damage_taken":[{"damage":1.0,"enemies":"Cultist","floor":1.0,"turns":3.0},{"damage":3.0,"enemies":"Small Slimes","floor":2.0,"turns":3.0},{"damage":2.0,"enemies":"2 Louse","floor":3.0,"turns":3.0},{"damage":12.0,"enemies":"3 Sentries","floor":7.0,"turns":10.0},{"damage":13.0,"enemies":"Large Slime","floor":8.0,"turns":5.0},{"damage":7.0,"enemies":"2 Fungi Beasts","floor":10.0,"turns":3.0},{"damage":0.0,"enemies":"Blue Slaver","floor":11.0,"turns":5.0},{"damage":1.0,"enemies":"Large Slime","floor":12.0,"turns":8.0},{"damage":20.0,"enemies":"Lagavulin","floor":14.0,"turns":7.0},{"damage":4.0,"enemies":"The Guardian","floor":16.0,"turns":9.0},{"damage":14,"enemies":"2 Thieves","floor":18,"turns":5},{"damage":17,"enemies":"Spheric Guardian","floor":19,"turns":6},{"damage":18,"enemies":"Centurion and Healer","floor":21,"turns":6},{"damage":39,"enemies":"Slavers","floor":23,"turns":5},{"damage":15,"enemies":"Gremlin Leader","floor":25,"turns":6},{"damage":14,"enemies":"Snake Plant","floor":29,"turns":4},{"damage":23,"enemies":"Sentry and Sphere","floor":31,"turns":7},{"damage":96,"enemies":"Collector","floor":33,"turns":7}],"seed_played":"1605753785664462948","potions_obtained":[{"floor":2.0,"key":"SteroidPotion"},{"floor":7.0,"key":"Swift Potion"},{"floor":10.0,"key":"Explosive Potion"},{"floor":11.0,"key":"SteroidPotion"},{"floor":14.0,"key":"SmokeBomb"},{"floor":19,"key":"Explosive Potion"},{"floor":21,"key":"SteroidPotion"},{"floor":23,"key":"Fire Potion"},{"floor":31,"key":"SkillPotion"}],"is_trial":false,"path_per_floor":["M","M","M","$","?","R","E","M","T","M","M","M","R","E","R","B",null,"M","M","?","M","$","E","R","E","T","R","?","M","?","M","R"],"character_chosen":"IRONCLAD","items_purchased":["Shrug It Off"],"campfire_rested":2,"item_purchase_floors":[22],"current_hp_per_floor":[80,80,80,80,80,80,74,67,67,66,72,77,77,63,63,65,80,72,61,61,49,49,23,58,49,49,58,58,50,50,33,68,0],"gold":342,"neow_bonus":"REMOVE_CARD","is_prod":false,"is_daily":false,"chose_seed":false,"campfire_upgraded":4,"win_rate":0,"timestamp":1532882552,"path_taken":["M","M","?","$","?","R","E","M","T","M","M","M","R","E","R","BOSS","M","M","?","M","$","E","R","E","T","R","?","M","?","M","R","BOSS"],"build_version":"2018-07-26","purchased_purges":2,"victory":false,"max_hp_per_floor":[80,80,80,80,80,80,80,80,80,80,80,80,80,80,80,80,80,80,80,80,80,80,87,87,87,87,87,87,87,87,87,87,87],"card_choices":[{"not_picked":["Armaments","Clothesline"],"picked":"Shrug It Off","floor":1.0},{"not_picked":["Perfected Strike","Ghostly Armor"],"picked":"Rampage","floor":2.0},{"not_picked":["Wild Strike","Anger","Feel No Pain"],"picked":"SKIP","floor":3.0},{"not_picked":["Burning Pact","Immolate"],"picked":"Flame Barrier","floor":7.0},{"not_picked":["Rampage","Body Slam"],"picked":"Battle Trance","floor":8.0},{"not_picked":["Evolve","Sword Boomerang","Clash","Warcry"],"picked":"SKIP","floor":10.0},{"not_picked":["Combust","Perfected Strike","Blood for Blood"],"picked":"Flame Barrier","floor":11.0},{"not_picked":["Carnage","Feel No Pain","Twin Strike"],"picked":"Iron Wave","floor":12.0},{"not_picked":["Clothesline","Warcry","Clash","Twin Strike"],"picked":"SKIP","floor":14.0},{"not_picked":["Demon Form","Bludgeon","Limit Break"],"picked":"Immolate","floor":16.0},{"not_picked":["Carnage","Heavy Blade+1","Perfected Strike","Spot Weakness"],"picked":"SKIP","floor":18},{"not_picked":["Burning Pact","Warcry","Heavy Blade"],"picked":"Twin Strike+1","floor":19},{"not_picked":["Fire Breathing+1","Feel No Pain","Anger+1","True Grit+1"],"picked":"SKIP","floor":21},{"not_picked":["Evolve+1","Heavy Blade","Combust","Entrench"],"picked":"SKIP","floor":23},{"not_picked":["Dropkick","Fire Breathing","Heavy Blade","Sentinel+1"],"picked":"SKIP","floor":25},{"not_picked":["True Grit","Twin Strike","Thunderclap"],"picked":"Headbutt","floor":29},{"not_picked":["Cleave","Pommel Strike","Flex+1"],"picked":"Headbutt+1","floor":31}],"player_experience":366895,"relics_obtained":[{"floor":7.0,"key":"Potion Belt"},{"floor":9.0,"key":"Question Card"},{"floor":14.0,"key":"Unceasing Top"},{"floor":23,"key":"Strawberry"},{"floor":25,"key":"Matryoshka"},{"floor":26,"key":"Juzu Bracelet"},{"floor":26,"key":"Red Skull"}],"event_choices":[{"event_name":"The Cleric","player_choice":"Card Removal","floor":5.0,"damage_taken":0.0},{"event_name":"Vampires","player_choice":"Ignored","floor":20,"damage_taken":0},{"event_name":"Drug Dealer","player_choice":"Ignored","floor":28,"damage_taken":0},{"event_name":"Golden Shrine","player_choice":"Pray","floor":30,"damage_taken":0}],"is_beta":false,"boss_relics":[{"not_picked":["Black Blood","Fusion Hammer"],"picked":"Eternal Feather"}],"items_purged_floors":[4,22],"is_endless":false,"potions_floor_spawned":[2,7,10,11,14,19,21,23,31],"killed_by":"Collector","ascension_level":2}