{"gold_per_floor":[110,385,44,219,65,90,106,124,124,124,144,171,15,32,32,133,133,150,2,17,17,28,28,28],"floor_reached":24,"playtime":3010,"items_purged":["Regret","Doubt","Strike_G"],"score":347,"play_id":"349cf962-6412-4fa5-b835-075cd166c08c","local_time":"20181027185322","is_ascension_mode":true,"campfire_choices":[{"floor":10,"key":"REST"},{"floor":15,"key":"REST"},{"floor":23,"key":"REST"}],"neow_cost":"NONE","seed_source_timestamp":870562933280335,"circlet_count":0,"master_deck":["Defend_G","Defend_G","Defend_G","Defend_G","Defend_G","Strike_G","Strike_G","Strike_G","Strike_G","Survivor","Neutralize+1","AscendersBane","Backflip","Quick Slash","Flying Knee","Escape Plan","Escape Plan","Cloak And Dagger","Dash","Poisoned Stab","Blur","Bullet Time","Slice+1","Flying Knee","Cloak And Dagger","Cloak And Dagger"],"relics":["Ring of the Snake","Kunai","Dodecahedron","Ancient Tea Set","Ornamental Fan","Bag of Preparation","Eternal Feather"],"potions_floor_usage":[12,20,22,24],"damage_taken":[{"damage":8,"enemies":"Small Slimes","floor":1,"turns":6},{"damage":25,"enemies":"Gremlin Nob","floor":6,"turns":6},{"damage":0,"enemies":"Cultist","floor":7,"turns":3},{"damage":1,"enemies":"Jaw Worm","floor":8,"turns":4},{"damage":6,"enemies":"Large Slime","floor":11,"turns":6},{"damage":0,"enemies":"3 Sentries","floor":12,"turns":8},{"damage":0,"enemies":"Blue Slaver","floor":14,"turns":3},{"damage":17,"enemies":"The Guardian","floor":16,"turns":20},{"damage":15,"enemies":"Shell Parasite","floor":18,"turns":13},{"damage":0,"enemies":"2 Thieves","floor":20,"turns":4},{"damage":7,"enemies":"Snecko","floor":22,"turns":9},{"damage":72,"enemies":"Gremlin Leader","floor":24,"turns":10}],"seed_played":"-244305424831558364","potions_obtained":[{"floor":11,"key":"SteroidPotion"},{"floor":14,"key":"Fire Potion"},{"floor":16,"key":"Dexterity Potion"},{"floor":22,"key":"LiquidBronze"}],"is_trial":false,"path_per_floor":["M","?","$","?","$","E","M","M","T","R","M","E","$","M","R","B",null,"M","$","M","?","M","R"],"character_chosen":"THE_SILENT","items_purchased":["Kunai","Quick Slash","Flying Knee","Bag of Preparation","Flying Knee"],"campfire_rested":3,"item_purchase_floors":[3,3,5,13,19],"current_hp_per_floor":[55,55,55,55,55,30,30,29,29,50,44,44,44,44,65,48,65,50,50,50,37,30,67,0],"gold":28,"neow_bonus":"UPGRADE_CARD","is_prod":false,"is_daily":false,"chose_seed":false,"campfire_upgraded":0,"win_rate":0,"timestamp":1540684402,"path_taken":["M","?","$","?","$","E","?","M","T","R","M","E","$","M","R","BOSS","M","$","M","?","M","R","E"],"build_version":"2018-10-25v2","purchased_purges":3,"victory":false,"max_hp_per_floor":[70,70,70,70,70,70,70,70,70,70,70,70,70,70,70,70,70,70,70,70,75,75,75,75],"card_choices":[{"not_picked":["Infinite Blades","Heel Hook"],"picked":"Backflip","floor":1},{"not_picked":["Outmaneuver","Tools of the Trade"],"picked":"Escape Plan","floor":6},{"not_picked":["Heel Hook","Dagger Throw"],"picked":"Escape Plan","floor":7},{"not_picked":["PiercingWail","Slice"],"picked":"Cloak And Dagger","floor":8},{"not_picked":["Poisoned Stab","Dagger Throw"],"picked":"Dash","floor":11},{"not_picked":["Concentrate","Dodge and Roll"],"picked":"Poisoned Stab","floor":12},{"not_picked":["Deadly Poison","Reflex"],"picked":"Blur","floor":14},{"not_picked":["Corpse Explosion","Doppelganger"],"picked":"Bullet Time","floor":16},{"not_picked":["Reflex+1","Deflect"],"picked":"Slice+1","floor":18},{"not_picked":["Acrobatics+1","Catalyst"],"picked":"Cloak And Dagger","floor":20},{"not_picked":["Prepared","Blade Dance"],"picked":"Cloak And Dagger","floor":22}],"player_experience":870321,"relics_obtained":[{"floor":6,"key":"Dodecahedron"},{"floor":9,"key":"Ancient Tea Set"},{"floor":12,"key":"Ornamental Fan"}],"event_choices":[{"damage_healed":0,"gold_gain":275,"player_choice":"Desecrate","damage_taken":0,"max_hp_gain":0,"max_hp_loss":0,"event_name":"Golden Shrine","floor":2,"gold_loss":0,"cards_obtained":["Regret"]},{"damage_healed":0,"gold_gain":175,"player_choice":"AGREE","damage_taken":0,"max_hp_gain":0,"max_hp_loss":0,"event_name":"Liars Game","floor":4,"gold_loss":0,"cards_obtained":["Doubt"]},{"damage_healed":0,"gold_gain":0,"player_choice":"Shed Blood","damage_taken":18,"max_hp_gain":5,"max_hp_loss":0,"event_name":"Forgotten Altar","floor":21,"gold_loss":0}],"is_beta":false,"boss_relics":[{"not_picked":["Runic Dome","Black Star"],"picked":"Eternal Feather"}],"items_purged_floors":[3,5,19],"is_endless":false,"potions_floor_spawned":[11,14,16,22],"killed_by":"Gremlin Leader","ascension_level":10}