{"gold_per_floor":[117,133,153,1,176,211,211,229,255,255,11,11,11,21,21,123,123,137,149,149,149,24,52,69,85,85,98,98,98,131,149,149,245,245,256,273,285,68,82,82,115,135,135,146,146,176,195,205,205,205],"floor_reached":51,"playtime":4849,"items_purged":["Strike_R","Doubt"],"score":826,"play_id":"db92ef24-e29a-41ab-a914-50dbfb2355b7","local_time":"20180822155627","is_ascension_mode":true,"campfire_choices":[{"floor":7,"key":"REST"},{"data":"Seeing Red","floor":10,"key":"SMITH"},{"floor":15,"key":"REST"},{"data":"Fiend Fire","floor":29,"key":"SMITH"},{"floor":32,"key":"REST"},{"floor":45,"key":"REST"},{"floor":49,"key":"REST"}],"neow_cost":"NONE","seed_source_timestamp":4808756066032,"circlet_count":0,"master_deck":["Defend_R","Defend_R+1","Defend_R","Defend_R","Bash","Flame Barrier+1","Uppercut","Seeing Red+1","Pommel Strike","Master of Strategy","Iron Wave","Fiend Fire+1","Necronomicurse","Bite","Bite","Bite","Bite","Bite","Flex+1","Power Through+1","Whirlwind+1","Sever Soul+1","Exhume","Pummel+1","Warcry+1","Cleave+1","Sentinel","Thunderclap+1","Fiend Fire"],"relics":["Burning Blood","Oddly Smooth Stone","Happy Flower","Potion Belt","Strawberry","Runic Pyramid","Necronomicon","Charon\u0027s Ashes","Boot","Matryoshka","White Beast Statue","War Paint","Red Skull","Whetstone","Champion Belt","Peace Pipe"],"potions_floor_usage":[6,6,18,24,30,33,33,37,37,39,41,41,41,41,44,44,47,50,50,50],"damage_taken":[{"damage":0,"enemies":"Small Slimes","floor":1,"turns":3},{"damage":0,"enemies":"2 Louse","floor":2,"turns":4},{"damage":6,"enemies":"Jaw Worm","floor":3,"turns":5},{"damage":53,"enemies":"Gremlin Nob","floor":6,"turns":7},{"damage":3,"enemies":"Blue Slaver","floor":8,"turns":4},{"damage":6,"enemies":"Lots of Slimes","floor":14,"turns":4},{"damage":51,"enemies":"The Guardian","floor":16,"turns":16},{"damage":0,"enemies":"Chosen","floor":18,"turns":3},{"damage":2,"enemies":"Shell Parasite","floor":19,"turns":3},{"damage":44,"enemies":"Gremlin Leader","floor":23,"turns":8},{"damage":23,"enemies":"Snake Plant","floor":24,"turns":3},{"damage":0,"enemies":"Cultist and Chosen","floor":25,"turns":4},{"damage":2,"enemies":"Sentry and Sphere","floor":27,"turns":3},{"damage":37,"enemies":"Slavers","floor":30,"turns":6},{"damage":2,"enemies":"Centurion and Healer","floor":31,"turns":2},{"damage":10,"enemies":"Collector","floor":33,"turns":4},{"damage":22,"enemies":"Flame Bruiser 1 Orb","floor":35,"turns":4},{"damage":4,"enemies":"3 Darklings","floor":36,"turns":4},{"damage":0,"enemies":"Flame Bruiser 2 Orb","floor":37,"turns":3},{"damage":0,"enemies":"Transient","floor":39,"turns":5},{"damage":0,"enemies":"Giant Head","floor":41,"turns":6},{"damage":34,"enemies":"Maw","floor":42,"turns":5},{"damage":23,"enemies":"Spire Growth","floor":44,"turns":4},{"damage":63,"enemies":"Nemesis","floor":46,"turns":3},{"damage":3,"enemies":"Transient","floor":47,"turns":5},{"damage":0,"enemies":"Sphere and 2 Shapes","floor":48,"turns":2},{"damage":49,"enemies":"Time Eater","floor":50,"turns":9}],"seed_played":"-7861005748775370869","potions_obtained":[{"floor":1,"key":"Energy Potion"},{"floor":16,"key":"Block Potion"},{"floor":18,"key":"Regen Potion"},{"floor":25,"key":"Strength Potion"},{"floor":27,"key":"BloodPotion"},{"floor":31,"key":"Dexterity Potion"},{"floor":33,"key":"SteroidPotion"},{"floor":35,"key":"SkillPotion"},{"floor":36,"key":"GamblersBrew"},{"floor":37,"key":"Energy Potion"},{"floor":39,"key":"SpeedPotion"},{"floor":40,"key":"LiquidBronze"},{"floor":40,"key":"Strength Potion"},{"floor":40,"key":"Fire Potion"},{"floor":41,"key":"Regen Potion"},{"floor":42,"key":"BloodPotion"},{"floor":44,"key":"SpeedPotion"},{"floor":46,"key":"PowerPotion"},{"floor":47,"key":"AttackPotion"},{"floor":48,"key":"Ancient Potion"}],"is_trial":false,"path_per_floor":["M","M","M","$","?","E","R","M","T","R","$","?","?","M","R","B",null,"M","M","?","?","$","E","M","M","T","M","$","R","E","M","R","B",null,"M","M","M","$","M","?","E","M","T","M","R","E","M","M","R","B"],"character_chosen":"IRONCLAD","items_purchased":["Regen Potion","Pommel Strike","Master of Strategy","Flex","War Paint","Sentinel"],"campfire_rested":5,"item_purchase_floors":[4,11,11,22,38,38],"current_hp_per_floor":[80,80,80,80,80,45,69,72,72,72,72,56,51,51,77,32,87,87,87,71,60,60,34,32,46,46,56,56,56,39,49,60,58,60,48,54,60,60,60,60,60,33,33,44,60,11,24,34,52,25],"gold":205,"neow_bonus":"RANDOM_COMMON_RELIC","is_prod":false,"is_daily":false,"chose_seed":false,"campfire_upgraded":2,"win_rate":0,"timestamp":1534978587,"path_taken":["M","M","M","$","?","E","R","M","T","R","$","?","?","M","R","BOSS","M","M","?","?","$","E","?","M","T","M","?","R","E","M","R","BOSS","M","M","M","$","M","?","E","?","T","M","R","E","M","M","R","BOSS"],"build_version":"2018-08-16","purchased_purges":2,"victory":true,"max_hp_per_floor":[80,80,80,80,80,80,80,80,80,80,80,80,87,87,87,87,87,87,87,87,60,60,60,60,60,60,60,60,60,60,60,60,60,60,60,60,60,60,60,60,60,60,60,60,60,60,60,60,60,60],"card_choices":[{"not_picked":["Burning Pact","Thunderclap"],"picked":"Flame Barrier","floor":1},{"not_picked":["Heavy Blade","Reckless Charge"],"picked":"Uppercut","floor":2},{"not_picked":["Perfected Strike","Headbutt","Havoc"],"picked":"SKIP","floor":3},{"not_picked":["Limit Break","Carnage"],"picked":"Seeing Red","floor":6},{"not_picked":["True Grit","Second Wind","Warcry"],"picked":"SKIP","floor":8},{"not_picked":["Warcry","Havoc"],"picked":"Iron Wave","floor":14},{"not_picked":["Berserk","Juggernaut"],"picked":"Fiend Fire","floor":16},{"not_picked":["Heavy Blade+1","Sword Boomerang+1","Clothesline+1"],"picked":"SKIP","floor":18},{"not_picked":["Carnage+1","Infernal Blade","Dropkick"],"picked":"SKIP","floor":19},{"not_picked":["Combust","Spot Weakness"],"picked":"Power Through+1","floor":23},{"not_picked":["Iron Wave","Dual Wield","Sword Boomerang+1"],"picked":"SKIP","floor":24},{"not_picked":["Warcry","Dropkick+1"],"picked":"Whirlwind","floor":25},{"not_picked":["Twin Strike","Perfected Strike"],"picked":"Sever Soul","floor":27},{"not_picked":["Searing Blow","Pommel Strike","Wild Strike"],"picked":"SKIP","floor":30},{"not_picked":["Spot Weakness","True Grit","Power Through"],"picked":"SKIP","floor":31},{"not_picked":["Fiend Fire","Demon Form"],"picked":"Exhume","floor":33},{"not_picked":["Havoc","Sword Boomerang"],"picked":"Pummel+1","floor":35},{"not_picked":["Bloodletting","Entrench+1"],"picked":"Warcry+1","floor":36},{"not_picked":["Fire Breathing+1","Clothesline+1"],"picked":"Cleave+1","floor":37},{"not_picked":["Metallicize+1","Clothesline"],"picked":"Thunderclap+1","floor":39},{"not_picked":["Flex+1","Flame Barrier+1"],"picked":"Fiend Fire","floor":41},{"not_picked":["Warcry","Entrench","Shrug It Off"],"picked":"SKIP","floor":42},{"not_picked":["Blood for Blood+1","Clash+1","Whirlwind+1"],"picked":"SKIP","floor":44},{"not_picked":["Hemokinesis","Flame Barrier+1","Flex"],"picked":"SKIP","floor":46},{"not_picked":["Bloodletting+1","Seeing Red+1","Cleave+1"],"picked":"SKIP","floor":47},{"not_picked":["Limit Break","Body Slam","Headbutt"],"picked":"SKIP","floor":48}],"player_experience":247536,"relics_obtained":[{"floor":6,"key":"Happy Flower"},{"floor":9,"key":"Potion Belt"},{"floor":20,"key":"Necronomicon"},{"floor":23,"key":"Charon\u0027s Ashes"},{"floor":26,"key":"Boot"},{"floor":30,"key":"Matryoshka"},{"floor":41,"key":"Red Skull"},{"floor":43,"key":"Whetstone"},{"floor":43,"key":"Champion Belt"},{"floor":46,"key":"Peace Pipe"}],"event_choices":[{"event_name":"Liars Game","player_choice":"agreed","floor":5,"damage_taken":0},{"event_name":"Shining Light","player_choice":"Entered Light","floor":12,"damage_taken":0},{"event_name":"Scrap Ooze","player_choice":"success","floor":13,"damage_taken":12},{"event_name":"Cursed Tome","player_choice":"Obtained Book","floor":20,"damage_taken":0},{"event_name":"Vampires","player_choice":"Became a vampire","floor":21,"damage_taken":0},{"event_name":"The Lab","player_choice":"Got Potions","floor":40,"damage_taken":0}],"is_beta":false,"boss_relics":[{"not_picked":["Busted Crown","Lizard Tail"],"picked":"Runic Pyramid"},{"not_picked":["Philosopher\u0027s Stone","Runic Cube"],"picked":"White Beast Statue"}],"items_purged_floors":[4,22],"is_endless":false,"potions_floor_spawned":[1,16,18,25,27,31,33,35,36,37,39,41,42,44,46,47,48],"ascension_level":2}