{"gold_per_floor":[116,127,144,144,69,69,69,90,116,150,174,174,74,149,149,275,275,291,291,11,35,35],"floor_reached":22,"playtime":2193,"items_purged":["Strike_G","Injury"],"score":230,"play_id":"092eba72-8b8d-42a9-a9dd-ab79cba57ead","local_time":"20190703110604","is_ascension_mode":true,"campfire_choices":[{"floor":7,"key":"REST"},{"floor":12,"key":"REST"},{"floor":15,"key":"REST"}],"neow_cost":"NONE","seed_source_timestamp":1551095989183800,"circlet_count":0,"master_deck":["Strike_G","Strike_G","Strike_G","Strike_G","Defend_G","Defend_G","Defend_G","Defend_G","Defend_G","Survivor","Neutralize","Backstab","Backflip","Infinite Blades+1","Crippling Poison","Dagger Throw+1","Cloak And Dagger","Phantasmal Killer","Blade Dance","Impatience","Prepared"],"relics":["Ring of the Serpent","NeowsBlessing","Bag of Preparation","Golden Idol","Bag of Marbles","Molten Egg 2","Strawberry"],"potions_floor_usage":[10,10,10,22],"damage_taken":[{"damage":0,"enemies":"Cultist","floor":1,"turns":1},{"damage":0,"enemies":"Small Slimes","floor":2,"turns":1},{"damage":0,"enemies":"Jaw Worm","floor":3,"turns":1},{"damage":3,"enemies":"Looter","floor":8,"turns":4},{"damage":11,"enemies":"Lagavulin","floor":10,"turns":6},{"damage":10,"enemies":"Exordium Thugs","floor":11,"turns":3},{"damage":45,"enemies":"Slime Boss","floor":16,"turns":14},{"damage":37,"enemies":"Spheric Guardian","floor":18,"turns":6},{"damage":8,"enemies":"Chosen","floor":21,"turns":4},{"damage":22,"enemies":"Shelled Parasite and Fungi","floor":22,"turns":4}],"seed_played":"7504270657741655915","potions_obtained":[{"floor":1,"key":"SteroidPotion"},{"floor":2,"key":"SteroidPotion"},{"floor":8,"key":"PowerPotion"}],"is_trial":false,"path_per_floor":["M","M","M","?","$","?","R","M","T","E","M","R","$","?","R","B",null,"M","?","$","M","M"],"character_chosen":"THE_SILENT","items_purchased":["Strawberry","Impatience","Block Potion"],"campfire_rested":3,"item_purchase_floors":[20,20,20],"current_hp_per_floor":[70,70,70,58,58,58,70,67,67,56,46,67,67,56,70,25,59,22,22,29,21,0],"gold":35,"neow_bonus":"THREE_ENEMY_KILL","is_prod":false,"is_daily":false,"chose_seed":false,"campfire_upgraded":0,"win_rate":0,"timestamp":1562177164,"path_taken":["M","?","?","?","?","?","R","?","T","E","M","R","$","?","R","BOSS","M","?","$","?","?"],"build_version":"2019-07-01","purchased_purges":2,"victory":false,"max_hp_per_floor":[70,70,70,70,70,70,70,70,70,70,70,70,70,70,70,70,70,70,70,77,77,77],"card_choices":[{"not_picked":["Dagger Spray","Footwork"],"picked":"Backstab","floor":1},{"not_picked":["Terror","Deflect"],"picked":"Backflip","floor":2},{"not_picked":["Dagger Spray","Deadly Poison"],"picked":"Infinite Blades","floor":3},{"not_picked":["Poisoned Stab","All Out Attack"],"picked":"Crippling Poison","floor":8},{"not_picked":["Terror","Dash"],"picked":"Dagger Throw","floor":10},{"not_picked":["Poisoned Stab+1","Bane+1"],"picked":"Cloak And Dagger","floor":11},{"not_picked":["Bullet Time","Grand Finale+1"],"picked":"Phantasmal Killer","floor":16},{"not_picked":["Deflect","Acrobatics"],"picked":"Blade Dance","floor":18},{"not_picked":["Flying Knee+1","Blade Dance"],"picked":"Prepared","floor":21}],"player_experience":597473,"relics_obtained":[{"floor":9,"key":"Bag of Marbles"},{"floor":10,"key":"Molten Egg 2"}],"event_choices":[{"damage_healed":0,"gold_gain":0,"player_choice":"Success","damage_taken":12,"relics_obtained":["Bag of Preparation"],"max_hp_gain":0,"max_hp_loss":0,"event_name":"Scrap Ooze","floor":4,"gold_loss":0},{"damage_healed":0,"gold_gain":0,"player_choice":"Take Wound","damage_taken":0,"relics_obtained":["Golden Idol"],"max_hp_gain":0,"max_hp_loss":0,"event_name":"Golden Idol","floor":6,"gold_loss":0,"cards_obtained":["Injury"]},{"damage_healed":0,"gold_gain":75,"player_choice":"Gather Gold","damage_taken":11,"max_hp_gain":0,"max_hp_loss":0,"event_name":"World of Goop","floor":14,"gold_loss":0},{"damage_healed":0,"gold_gain":0,"player_choice":"Upgraded","damage_taken":0,"max_hp_gain":0,"max_hp_loss":0,"event_name":"Upgrade Shrine","floor":19,"gold_loss":0,"cards_upgraded":["Infinite Blades"]}],"is_beta":false,"boss_relics":[{"not_picked":["Runic Pyramid","Orrery"],"picked":"Ring of the Serpent"}],"items_purged_floors":[5,13],"is_endless":false,"potions_floor_spawned":[1,2,8],"killed_by":"Shelled Parasite and Fungi","ascension_level":5}