{"gold_per_floor":[109,109,109,34,47,47,87,87,87,87,112,62,98,117,117,245,245,268,268,292,305,305,343,343,343,343,343,382,382,400,420,420,548,548,572,590,351,367,381,415,415,458,458,483,522,522,572,587,587,587,587,587,10,53,53],"floor_reached":56,"playtime":5262,"items_purged":["Injury"],"score":1594,"play_id":"ac8312d0-da35-43f1-a4f2-03efd3082a07","local_time":"20190529134421","is_ascension_mode":true,"campfire_choices":[{"data":"Bash","floor":6.0,"key":"SMITH"},{"data":"Ghostly Armor","floor":8.0,"key":"SMITH"},{"floor":10.0,"key":"RECALL"},{"data":"Disarm","floor":15.0,"key":"SMITH"},{"floor":24.0,"key":"REST"},{"data":"Limit Break","floor":27.0,"key":"SMITH"},{"data":"Demon Form","floor":29.0,"key":"SMITH"},{"data":"Shockwave","floor":32.0,"key":"SMITH"},{"floor":41.0,"key":"REST"},{"data":"Impervious","floor":46.0,"key":"SMITH"},{"data":"Battle Trance","floor":49.0,"key":"SMITH"},{"data":"Defend_R","floor":52.0,"key":"SMITH"}],"neow_cost":"NONE","seed_source_timestamp":0,"circlet_count":0,"master_deck":["Strike_R","Strike_R","Strike_R","Strike_R","Defend_R+1","Defend_R+1","Defend_R+1","Bash+1","Ghostly Armor+1","Impervious+1","Disarm+1","Demon Form+1","Limit Break+1","Feed","Shockwave+1","Heavy Blade+1","Flame Barrier+1","Battle Trance+1","Impervious","Carnage+1"],"special_seed":0,"relics":["Burning Blood","NeowsBlessing","Golden Idol","Happy Flower","Pantograph","War Paint","Snecko Eye","Blue Candle","Self Forming Clay","Ancient Tea Set","Empty Cage","Ornamental Fan","Ice Cream","Mercury Hourglass","Torii","Darkstone Periapt","Orichalcum","Anchor","Lee\u0027s Waffle","Bottled Lightning"],"potions_floor_usage":[54,55,55],"damage_taken":[{"damage":0.0,"enemies":"Small Slimes","floor":1.0,"turns":1.0},{"damage":0.0,"enemies":"Jaw Worm","floor":5.0,"turns":1.0},{"damage":0.0,"enemies":"3 Sentries","floor":7.0,"turns":2.0},{"damage":6.0,"enemies":"Cultist","floor":11.0,"turns":3.0},{"damage":41.0,"enemies":"Lagavulin","floor":13.0,"turns":8.0},{"damage":0.0,"enemies":"Blue Slaver","floor":14.0,"turns":5.0},{"damage":3.0,"enemies":"The Guardian","floor":16.0,"turns":14.0},{"damage":7.0,"enemies":"Chosen","floor":18.0,"turns":3.0},{"damage":9.0,"enemies":"Shell Parasite","floor":20.0,"turns":5.0},{"damage":1.0,"enemies":"Cultist and Chosen","floor":21.0,"turns":4.0},{"damage":43.0,"enemies":"Gremlin Leader","floor":23.0,"turns":6.0},{"damage":22.0,"enemies":"Slavers","floor":28.0,"turns":5.0},{"damage":0.0,"enemies":"Snecko","floor":30.0,"turns":4.0},{"damage":9.0,"enemies":"3 Cultists","floor":31.0,"turns":6.0},{"damage":45.0,"enemies":"Automaton","floor":33.0,"turns":7.0},{"damage":4.0,"enemies":"3 Darklings","floor":35.0,"turns":5.0},{"damage":12.0,"enemies":"Orb Walker","floor":36.0,"turns":3.0},{"damage":13.0,"enemies":"4 Shapes","floor":38.0,"turns":7.0},{"damage":3.0,"enemies":"3 Darklings","floor":39.0,"turns":5.0},{"damage":40.0,"enemies":"Giant Head","floor":40.0,"turns":7.0},{"damage":4.0,"enemies":"Nemesis","floor":42.0,"turns":5.0},{"damage":11.0,"enemies":"Maw","floor":44.0,"turns":7.0},{"damage":0.0,"enemies":"Giant Head","floor":45.0,"turns":6.0},{"damage":0.0,"enemies":"Jaw Worm Horde","floor":48.0,"turns":4.0},{"damage":15.0,"enemies":"Time Eater","floor":50.0,"turns":7.0},{"damage":40,"enemies":"Shield and Spear","floor":54,"turns":6},{"damage":44,"enemies":"The Heart","floor":55,"turns":6}],"seed_played":"-3133570635843401442","potions_obtained":[{"floor":1.0,"key":"SteroidPotion"},{"floor":14.0,"key":"Swift Potion"},{"floor":16.0,"key":"AttackPotion"},{"floor":20.0,"key":"LiquidBronze"},{"floor":31.0,"key":"BloodPotion"},{"floor":33.0,"key":"Fruit Juice"},{"floor":35.0,"key":"Dexterity Potion"},{"floor":38.0,"key":"AttackPotion"},{"floor":40.0,"key":"SmokeBomb"},{"floor":42.0,"key":"AttackPotion"},{"floor":45.0,"key":"Explosive Potion"},{"floor":54,"key":"SpeedPotion"}],"is_trial":false,"path_per_floor":["M","?","?","$","M","R","E","R","T","R","M","?","E","M","R","B",null,"M","?","M","M","?","E","R","T","T","R","E","R","M","M","R","B",null,"M","M","$","M","M","E","R","E","T","M","E","R","T","M","R","B",null,"R","$","E","B",null],"character_chosen":"IRONCLAD","items_purchased":["Ornamental Fan","Anchor","Impervious","Lee\u0027s Waffle","BloodPotion"],"campfire_rested":2,"item_purchase_floors":[37,53,53,53,53],"current_hp_per_floor":[80,80,80,80,80,80,80,80,80,80,80,80,45,51,51,79,80,79,79,76,80,65,28,53,53,53,53,37,37,46,43,43,34,78,80,83,83,79,82,48,76,81,81,79,88,88,88,97,97,99,106,106,115,81,79],"gold":53,"neow_bonus":"THREE_ENEMY_KILL","is_prod":false,"is_daily":false,"chose_seed":false,"campfire_upgraded":9,"win_rate":0,"timestamp":1559130261,"path_taken":["M","?","?","$","M","R","E","R","T","R","M","?","E","M","R","BOSS","M","?","?","M","?","E","R","?","T","R","E","R","M","?","R","BOSS","M","?","$","M","M","E","R","E","T","M","E","R","?","M","R","BOSS","R","$","E","BOSS"],"build_version":"2019-01-23","purchased_purges":1,"victory":true,"max_hp_per_floor":[80,80,80,80,80,80,80,80,80,80,80,80,80,80,80,80,80,80,80,80,80,85,85,85,85,85,85,85,85,88,88,88,93,93,93,93,93,96,96,96,96,99,99,102,105,105,105,108,108,108,108,108,115,115,115],"card_choices":[{"not_picked":["True Grit","Anger"],"picked":"Ghostly Armor","floor":1.0},{"not_picked":["Headbutt","Blood for Blood","Wild Strike"],"picked":"SKIP","floor":5.0},{"not_picked":["Dual Wield","Perfected Strike"],"picked":"Impervious","floor":7.0},{"not_picked":["True Grit","Bloodletting"],"picked":"Disarm","floor":11.0},{"not_picked":["Perfected Strike","Anger","Cleave"],"picked":"SKIP","floor":13.0},{"not_picked":["Intimidate","Shrug It Off","Cleave"],"picked":"SKIP","floor":14.0},{"not_picked":["Feed","Impervious"],"picked":"Demon Form","floor":16.0},{"not_picked":["Headbutt+1","Body Slam+1","Dropkick"],"picked":"SKIP","floor":18.0},{"not_picked":["Anger","Iron Wave","Dual Wield"],"picked":"SKIP","floor":20.0},{"not_picked":["Iron Wave","Warcry"],"picked":"Limit Break","floor":21.0},{"not_picked":["Heavy Blade","Sentinel+1","Perfected Strike"],"picked":"SKIP","floor":23.0},{"not_picked":["Second Wind","True Grit"],"picked":"Feed","floor":28.0},{"not_picked":["Pommel Strike","Rampage"],"picked":"Shockwave","floor":30.0},{"not_picked":["Armaments+1","True Grit","Cleave+1"],"picked":"SKIP","floor":31.0},{"not_picked":["Armaments+1","Havoc+1"],"picked":"Heavy Blade+1","floor":35.0},{"not_picked":["Clothesline","Headbutt+1","Cleave"],"picked":"SKIP","floor":36.0},{"not_picked":["Pommel Strike","Anger+1","Seeing Red+1"],"picked":"SKIP","floor":38.0},{"not_picked":["Seeing Red+1","Dropkick","Perfected Strike+1"],"picked":"SKIP","floor":39.0},{"not_picked":["Twin Strike+1","Feed","Sever Soul"],"picked":"SKIP","floor":40.0},{"not_picked":["Warcry","Inflame"],"picked":"Flame Barrier+1","floor":42.0},{"not_picked":["Warcry","Inflame+1"],"picked":"Battle Trance","floor":44.0},{"not_picked":["Dark Embrace","Body Slam","Perfected Strike+1"],"picked":"SKIP","floor":45.0},{"not_picked":["Pommel Strike","Sentinel","Anger"],"picked":"SKIP","floor":48.0},{"not_picked":["Body Slam+1","Fire Breathing"],"picked":"Carnage+1","floor":54}],"player_experience":347700,"relics_obtained":[{"floor":7.0,"key":"Happy Flower"},{"floor":9.0,"key":"Pantograph"},{"floor":13.0,"key":"War Paint"},{"floor":23.0,"key":"Blue Candle"},{"floor":26.0,"key":"Self Forming Clay"},{"floor":28.0,"key":"Ancient Tea Set"},{"floor":40.0,"key":"Ice Cream"},{"floor":42.0,"key":"Mercury Hourglass"},{"floor":43.0,"key":"Torii"},{"floor":45.0,"key":"Darkstone Periapt"},{"floor":47.0,"key":"Orichalcum"},{"floor":54,"key":"Bottled Lightning"}],"event_choices":[{"damage_healed":0.0,"max_hp_gain":0.0,"max_hp_loss":0.0,"gold_gain":0.0,"cards_transformed":["Defend_R"],"event_name":"Living Wall","player_choice":"Change","floor":2.0,"gold_loss":0.0,"damage_taken":0.0,"cards_obtained":["Flex"]},{"damage_healed":0.0,"max_hp_gain":0.0,"max_hp_loss":0.0,"gold_gain":0.0,"event_name":"Golden Idol","player_choice":"Take Wound","floor":3.0,"gold_loss":0.0,"damage_taken":0.0,"relics_obtained":["Golden Idol"],"cards_obtained":["Injury"]},{"cards_removed":["Strike_R"],"damage_healed":0.0,"max_hp_gain":0.0,"max_hp_loss":0.0,"gold_gain":0.0,"event_name":"The Cleric","player_choice":"Card Removal","floor":12.0,"gold_loss":50.0,"damage_taken":0.0},{"damage_healed":0.0,"max_hp_gain":0.0,"max_hp_loss":0.0,"gold_gain":0.0,"event_name":"Match and Keep!","player_choice":"1 cards matched","floor":19.0,"gold_loss":0.0,"damage_taken":0.0,"cards_obtained":["Sever Soul"]},{"damage_healed":0.0,"max_hp_gain":5.0,"max_hp_loss":0.0,"gold_gain":0.0,"event_name":"Forgotten Altar","player_choice":"Shed Blood","floor":22.0,"gold_loss":0.0,"damage_taken":20.0}],"is_beta":false,"boss_relics":[{"not_picked":["Eternal Feather","Cursed Key"],"picked":"Snecko Eye"},{"not_picked":["Black Star","Coffee Dripper"],"picked":"Empty Cage"}],"items_purged_floors":[4],"is_endless":false,"potions_floor_spawned":[1,14,16,20,31,33,35,38,40,42,45,54],"ascension_level":5}