{"gold_per_floor":[12,27,127,52,71,71,106,106,106,106,106,106,124,141,141,243,243,259,276,276,176,191,191,206,206,233,233,252,278,278],"floor_reached":30,"playtime":2178,"items_purged":["Strike_R","Defend_R"],"score":252,"play_id":"9a6c7c8f-f603-488b-95e4-d02185b70a02","local_time":"20190326181013","is_ascension_mode":false,"campfire_choices":[{"data":"Bash","floor":15.0,"key":"SMITH"},{"floor":25.0,"key":"REST"},{"data":"1","floor":27.0,"key":"LIFT"}],"neow_cost":"NO_GOLD","seed_source_timestamp":883013975307366,"circlet_count":0,"master_deck":["Strike_R","Strike_R","Defend_R","Defend_R","Bash+1","Dropkick+1","Dropkick+1","Shrug It Off+1"],"special_seed":0,"relics":["Burning Blood","Girya","Toxic Egg 2","Letter Opener","Mercury Hourglass","Empty Cage","Boot"],"potions_floor_usage":[30],"damage_taken":[{"damage":10.0,"enemies":"Jaw Worm","floor":1.0,"turns":5.0},{"damage":1.0,"enemies":"Cultist","floor":2.0,"turns":3.0},{"damage":9.0,"enemies":"2 Louse","floor":5.0,"turns":2.0},{"damage":40.0,"enemies":"Lagavulin","floor":7.0,"turns":7.0},{"damage":9.0,"enemies":"Blue Slaver","floor":13.0,"turns":3.0},{"damage":5.0,"enemies":"3 Louse","floor":14.0,"turns":3.0},{"damage":27.0,"enemies":"Hexaghost","floor":16.0,"turns":7.0},{"damage":21.0,"enemies":"3 Byrds","floor":18.0,"turns":6.0},{"damage":32.0,"enemies":"2 Thieves","floor":19.0,"turns":4.0},{"damage":7.0,"enemies":"Centurion and Healer","floor":22.0,"turns":4.0},{"damage":21.0,"enemies":"Sentry and Sphere","floor":23.0,"turns":5.0},{"damage":1.0,"enemies":"Shelled Parasite and Fungi","floor":24.0,"turns":4.0},{"damage":0.0,"enemies":"Snake Plant","floor":28.0,"turns":3.0},{"damage":45.0,"enemies":"Book of Stabbing","floor":29.0,"turns":6.0},{"damage":27,"enemies":"Sentry and Sphere","floor":30,"turns":9}],"seed_played":"-1695505535965980410","potions_obtained":[{"floor":1.0,"key":"SmokeBomb"},{"floor":14.0,"key":"AttackPotion"},{"floor":16.0,"key":"Weak Potion"},{"floor":18.0,"key":"Energy Potion"},{"floor":22.0,"key":"Strength Potion"},{"floor":24.0,"key":"FearPotion"},{"floor":29.0,"key":"SpeedPotion"}],"is_trial":false,"path_per_floor":["M","M","?","$","M","$","E","?","T","T","?","?","M","M","R","B",null,"M","M","?","$","M","M","M","R","T","R","M","E","M"],"character_chosen":"IRONCLAD","items_purchased":[],"campfire_rested":1,"item_purchase_floors":[],"current_hp_per_floor":[76,80,80,80,77,77,43,43,43,43,36,36,33,34,34,13,80,65,39,39,39,38,23,28,52,52,52,58,19,0],"gold":278,"neow_bonus":"ONE_RARE_RELIC","is_prod":false,"is_daily":false,"chose_seed":false,"campfire_upgraded":1,"win_rate":0,"timestamp":1553620213,"path_taken":["M","M","?","$","?","$","E","?","T","?","?","?","?","M","R","BOSS","M","M","?","$","M","M","M","R","T","R","M","E","?"],"build_version":"2019-01-23","purchased_purges":2,"victory":false,"max_hp_per_floor":[80,80,80,80,80,80,80,80,80,80,80,80,80,80,80,80,80,80,80,80,80,80,80,80,80,80,80,80,80,80],"card_choices":[{"not_picked":["Metallicize","Searing Blow"],"picked":"Dropkick","floor":1.0},{"not_picked":["Cleave","Power Through","Reckless Charge"],"picked":"SKIP","floor":2.0},{"not_picked":["Wild Strike","Rage","Body Slam"],"picked":"SKIP","floor":5.0},{"not_picked":["Infernal Blade","Thunderclap","Power Through"],"picked":"SKIP","floor":7.0},{"not_picked":["Whirlwind","Rage+1","Warcry+1"],"picked":"SKIP","floor":13.0},{"not_picked":["True Grit+1","Body Slam","Twin Strike"],"picked":"SKIP","floor":14.0},{"not_picked":["Wild Strike","Thunderclap","Power Through+1"],"picked":"SKIP","floor":18.0},{"not_picked":["Entrench+1","Infernal Blade+1"],"picked":"Dropkick+1","floor":19.0},{"not_picked":["Corruption+1","Cleave"],"picked":"Shrug It Off+1","floor":22.0},{"not_picked":["Clothesline","Carnage","Rage+1"],"picked":"SKIP","floor":24.0},{"not_picked":["Iron Wave","Clash","Offering+1"],"picked":"SKIP","floor":28.0},{"not_picked":["Thunderclap","Heavy Blade","Pommel Strike"],"picked":"SKIP","floor":29.0}],"player_experience":233773,"relics_obtained":[{"floor":7.0,"key":"Toxic Egg 2"},{"floor":10.0,"key":"Letter Opener"},{"floor":26.0,"key":"Boot"}],"event_choices":[{"damage_healed":0.0,"max_hp_gain":0.0,"max_hp_loss":0.0,"gold_gain":100.0,"event_name":"Golden Shrine","player_choice":"Pray","floor":3.0,"gold_loss":0.0,"damage_taken":0.0},{"damage_healed":0.0,"max_hp_gain":0.0,"max_hp_loss":0.0,"gold_gain":0.0,"event_name":"Liars Game","player_choice":"Ignored","floor":8.0,"gold_loss":0.0,"damage_taken":0.0},{"damage_healed":0.0,"max_hp_gain":0.0,"max_hp_loss":0.0,"gold_gain":0.0,"event_name":"Scrap Ooze","player_choice":"Success","floor":11.0,"gold_loss":0.0,"damage_taken":7.0,"relics_obtained":["Mercury Hourglass"]},{"cards_removed":["Strike_R"],"damage_healed":0.0,"max_hp_gain":0.0,"max_hp_loss":0.0,"gold_gain":0.0,"event_name":"Living Wall","player_choice":"Forget","floor":12.0,"gold_loss":0.0,"damage_taken":0.0},{"damage_healed":0.0,"max_hp_gain":0.0,"max_hp_loss":0.0,"gold_gain":0.0,"event_name":"Accursed Blacksmith","player_choice":"Forge","floor":20.0,"gold_loss":0.0,"damage_taken":0.0,"cards_upgraded":["Dropkick"]}],"is_beta":false,"boss_relics":[{"not_picked":["Black Blood","Calling Bell"],"picked":"Empty Cage"}],"items_purged_floors":[4,21],"is_endless":false,"potions_floor_spawned":[1,14,16,18,22,24,29],"killed_by":"Sentry and Sphere","ascension_level":0}