{"gold_per_floor":[119,119,129,139,153,153,164,174,174,77,77,50,63,74,74,177,177,195,95,106,106,106,106,135,152,152,164,174,192,192,206,206,310,310,329,204,219,238,238,238,254,254,554,554,573,588,622,622,622,622],"floor_reached":50,"playtime":6534,"items_purged":["Strike_G","Strike_G","Survivor"],"score":717,"play_id":"02943560-7f58-4df0-bf4e-12a067224eef","local_time":"20180715111427","is_ascension_mode":false,"campfire_choices":[{"data":"Dagger Spray","floor":6,"key":"SMITH"},{"data":"Dash","floor":11,"key":"SMITH"},{"data":"Crippling Poison","floor":15,"key":"SMITH"},{"floor":23,"key":"REST"},{"floor":30,"key":"REST"},{"floor":32,"key":"REST"},{"floor":40,"key":"REST"},{"floor":42,"key":"REST"},{"data":"After Image","floor":49,"key":"SMITH"}],"neow_cost":"NONE","seed_source_timestamp":342997179356,"circlet_count":0,"master_deck":["Defend_G+1","Defend_G+1","Defend_G+1","Defend_G+1","Defend_G+1","Strike_G+1","Strike_G+1","Neutralize","Doppelganger","Dagger Throw","Neutralize","Dash+1","Dagger Spray+1","Backflip","Poisoned Stab","Calculated Gamble","Slice","Bullet Time","Crippling Poison+1","Tools of the Trade","Prepared+1","Flying Knee","Deflect","Terror+1","Clumsy","Distraction+1","Sucker Punch+1","Prepared+1","Slice+1","Venomology","Quick Slash+1","Poisoned Stab+1","Flying Knee+1","Bandage Up","Choke","Parasite","Outmaneuver+1","After Image+1","Dagger Spray+1","Wraith Form v2"],"relics":["Ring of the Snake","Bottled Flame","Cursed Key","Meat on the Bone","Mercury Hourglass","White Beast Statue","Old Coin","Gambling Chip","Vajra"],"potions_floor_usage":[5,16,16,16,28,31,33,38,38,41,44,47,47,47,50,50],"damage_taken":[{"damage":1,"enemies":"Jaw Worm","floor":1,"turns":7},{"damage":0,"enemies":"Cultist","floor":3,"turns":4},{"damage":0,"enemies":"2 Louse","floor":4,"turns":3},{"damage":2,"enemies":"Large Slime","floor":5,"turns":8},{"damage":0,"enemies":"Looter","floor":7,"turns":3},{"damage":0,"enemies":"Exordium Thugs","floor":8,"turns":4},{"damage":0,"enemies":"Large Slime","floor":13,"turns":3},{"damage":0,"enemies":"Looter","floor":14,"turns":3},{"damage":35,"enemies":"Slime Boss","floor":16,"turns":12},{"damage":6,"enemies":"Shell Parasite","floor":18,"turns":5},{"damage":0,"enemies":"3 Byrds","floor":20,"turns":4},{"damage":42,"enemies":"Slavers","floor":24,"turns":6},{"damage":13,"enemies":"Snake Plant","floor":25,"turns":6},{"damage":0,"enemies":"Centurion and Healer","floor":27,"turns":6},{"damage":5,"enemies":"Snecko","floor":28,"turns":5},{"damage":9,"enemies":"Cultist and Chosen","floor":29,"turns":6},{"damage":10,"enemies":"Centurion and Healer","floor":31,"turns":5},{"damage":57,"enemies":"Automaton","floor":33,"turns":14},{"damage":11,"enemies":"3 Darklings","floor":35,"turns":6},{"damage":0,"enemies":"Orb Walker","floor":37,"turns":4},{"damage":34,"enemies":"Sphere and 2 Shapes","floor":38,"turns":4},{"damage":21,"enemies":"Transient","floor":41,"turns":5},{"damage":0,"floor":44,"turns":6},{"damage":25,"enemies":"4 Shapes","floor":45,"turns":4},{"damage":0,"enemies":"3 Darklings","floor":46,"turns":5},{"damage":52,"enemies":"Nemesis","floor":47,"turns":7},{"damage":94,"enemies":"Donu and Deca","floor":50,"turns":9}],"seed_played":"-7588183859127207674","potions_obtained":[{"floor":3,"key":"GhostInAJar"},{"floor":4,"key":"EssenceOfSteel"},{"floor":5,"key":"Fruit Juice"},{"floor":7,"key":"SteroidPotion"},{"floor":24,"key":"SpeedPotion"},{"floor":25,"key":"EssenceOfSteel"},{"floor":27,"key":"PowerPotion"},{"floor":29,"key":"Strength Potion"},{"floor":35,"key":"FearPotion"},{"floor":38,"key":"GamblersBrew"},{"floor":41,"key":"Swift Potion"},{"floor":44,"key":"SmokeBomb"},{"floor":45,"key":"Ancient Potion"},{"floor":46,"key":"Explosive Potion"},{"floor":47,"key":"Regen Potion"}],"is_trial":false,"path_per_floor":["M","?","M","M","M","R","M","M","T","$","R","?","M","M","R","B",null,"M","$","M","?","?","R","E","M","T","M","M","M","R","M","R","B",null,"M","$","M","M","?","R","M","R","T","?","M","M","E","?","R"],"character_chosen":"THE_SILENT","items_purchased":["Slice"],"campfire_rested":5,"item_purchase_floors":[10],"current_hp_per_floor":[69,69,69,69,67,67,67,67,67,67,67,67,67,67,67,37,75,69,69,69,69,55,79,37,36,36,48,43,46,70,60,80,35,80,69,69,69,47,47,71,54,78,78,78,53,53,17,70,70,0],"gold":622,"neow_bonus":"TRANSFORM_CARD","is_prod":false,"is_daily":false,"chose_seed":false,"campfire_upgraded":4,"win_rate":0.0,"timestamp":1531678467,"path_taken":["M","?","M","M","M","R","M","?","T","$","R","?","M","M","R","BOSS","M","$","M","?","?","R","E","M","T","M","M","M","R","M","R","BOSS","M","$","M","M","?","R","M","R","T","?","M","?","E","?","R","BOSS"],"build_version":"2018-07-12","purchased_purges":3,"victory":false,"max_hp_per_floor":[70,70,70,70,70,70,70,70,70,70,70,70,70,70,70,75,75,75,75,75,75,80,80,80,80,80,80,80,80,80,80,80,80,80,80,80,80,80,80,80,80,80,80,80,80,80,80,70,70,70],"card_choices":[{"not_picked":["Deadly Poison","Underhanded Strike"],"picked":"Dagger Throw","floor":1},{"not_picked":["Outmaneuver","Quick Slash"],"picked":"Dash","floor":3},{"not_picked":["Backstab","PiercingWail"],"picked":"Dagger Spray","floor":4},{"not_picked":["Leg Sweep","Slice"],"picked":"Backflip","floor":5},{"not_picked":["Backflip","Underhanded Strike"],"picked":"Poisoned Stab","floor":7},{"not_picked":["Deadly Poison","Outmaneuver"],"picked":"Calculated Gamble","floor":8},{"not_picked":["Blade Dance","Dash"],"picked":"Bullet Time","floor":13},{"not_picked":["Flying Knee","Backflip"],"picked":"Crippling Poison","floor":14},{"not_picked":["Adrenaline","Phantasmal Killer"],"picked":"Tools of the Trade","floor":16},{"not_picked":["Underhanded Strike","Dagger Throw"],"picked":"Prepared+1","floor":18},{"not_picked":["Expertise+1","Deadly Poison"],"picked":"Flying Knee","floor":20},{"not_picked":["Phantasmal Killer","Flying Knee"],"picked":"Deflect","floor":24},{"not_picked":["Prepared","Infinite Blades"],"picked":"Terror+1","floor":25},{"not_picked":["Outmaneuver","Bouncing Flask"],"picked":"Distraction+1","floor":27},{"not_picked":["Flechettes","Heel Hook"],"picked":"Sucker Punch+1","floor":28},{"not_picked":["Heel Hook","Underhanded Strike"],"picked":"Prepared+1","floor":29},{"not_picked":["Prepared+1","Well Laid Plans+1"],"picked":"Slice+1","floor":31},{"not_picked":["Tactician","Burst"],"picked":"Venomology","floor":33},{"not_picked":["Flechettes","Dagger Throw"],"picked":"Quick Slash+1","floor":35},{"not_picked":["Blade Dance","Dodge and Roll"],"picked":"Poisoned Stab+1","floor":37},{"not_picked":["Quick Slash+1","Sucker Punch+1"],"picked":"Flying Knee+1","floor":38},{"not_picked":["Panacea","Dark Shackles"],"picked":"Bandage Up","floor":39},{"not_picked":["Deflect","Poisoned Stab+1"],"picked":"Choke","floor":41},{"not_picked":["Deadly Poison","Deflect"],"picked":"Outmaneuver+1","floor":44},{"not_picked":["Poisoned Stab+1","Sucker Punch+1"],"picked":"After Image","floor":45},{"not_picked":["Backflip+1","Acrobatics"],"picked":"Dagger Spray+1","floor":46},{"not_picked":["Dagger Spray+1","Blur+1"],"picked":"Wraith Form v2","floor":47}],"player_experience":12599,"relics_obtained":[{"floor":9,"key":"Bottled Flame"},{"floor":24,"key":"Meat on the Bone"},{"floor":26,"key":"Mercury Hourglass"},{"floor":43,"key":"Old Coin"},{"floor":44,"key":"Gambling Chip"},{"floor":47,"key":"Vajra"}],"event_choices":[{"event_name":"Match and Keep!","player_choice":"1 cards matched","floor":2,"damage_taken":0},{"event_name":"World of Goop","player_choice":"Left","floor":12,"damage_taken":0},{"event_name":"Back to Basics","player_choice":"Simplicity","floor":21,"damage_taken":0},{"event_name":"Forgotten Altar","player_choice":"Shed Blood","floor":22,"damage_taken":0},{"event_name":"SensoryStone","player_choice":"Memory 1","floor":39,"damage_taken":0},{"event_name":"MindBloom","player_choice":"Fight","floor":44,"damage_taken":0},{"event_name":"The Moai Head","player_choice":"Heal","floor":48,"damage_taken":0}],"boss_relics":[{"not_picked":["Black Star","Fusion Hammer"],"picked":"Cursed Key"},{"not_picked":["Velvet Choker","Coffee Dripper"],"picked":"White Beast Statue"}],"items_purged_floors":[10,19,36],"is_endless":false,"potions_floor_spawned":[3,4,5,7,14,24,25,27,29,35,37,38,41,44,45,46,47],"killed_by":"Donu and Deca","ascension_level":0}