{"gold_per_floor":[114,132,132,0,16,48,48,83,83,44,44,79,31,62,62,166,166,178,178,178,178,190,217,217,124,149,181,195,21,21,21,21,120,120,138,191,63,163,163,163],"floor_reached":40,"playtime":2811,"items_purged":[],"score":624,"play_id":"9f65b44c-a05f-4f1c-b903-1e3d381d6ce9","local_time":"20181107171730","is_ascension_mode":true,"campfire_choices":[{"data":"Dualcast","floor":7.0,"key":"SMITH"},{"data":"Lockon","floor":11,"key":"SMITH"},{"floor":15,"key":"REST"},{"data":"Glacier","floor":24,"key":"SMITH"},{"floor":32,"key":"REST"}],"neow_cost":"NONE","seed_source_timestamp":0,"circlet_count":0,"master_deck":["Strike_B","Strike_B","Strike_B","Strike_B","Defend_B","Defend_B","Defend_B","Defend_B","Zap","Dualcast+1","Lockon+1","BootSequence","Sweeping Beam","Flash of Steel","Glacier+1","Rainbow","Ball Lightning","FTL","Conserve Battery","Leap","Static Discharge","Electrodynamics","Chaos","Writhe","Cold Snap","Steam","Mind Blast","Barrage+1","Go for the Eyes+1","Master of Strategy","Leap","Aggregate+1","Mind Blast","Lockon","Capacitor+1"],"special_seed":0,"relics":["Cracked Core","Meat on the Bone","Darkstone Periapt","Mercury Hourglass","Pen Nib","Bag of Preparation","Velvet Choker","Nunchaku","MutagenicStrength","Juzu Bracelet","Bag of Marbles","Art of War","Nilry\u0027s Codex","Cursed Key","Prayer Wheel","Ice Cream"],"potions_floor_usage":[14,33,36,40],"damage_taken":[{"damage":5.0,"enemies":"2 Louse","floor":1.0,"turns":2.0},{"damage":0.0,"enemies":"Cultist","floor":2.0,"turns":2.0},{"damage":2.0,"enemies":"Jaw Worm","floor":5.0,"turns":2.0},{"damage":15.0,"enemies":"Lagavulin","floor":6.0,"turns":7.0},{"damage":13,"enemies":"3 Sentries","floor":8,"turns":7},{"damage":7,"enemies":"Gremlin Nob","floor":12,"turns":3},{"damage":15,"enemies":"Lagavulin","floor":14,"turns":3},{"damage":2,"enemies":"Slime Boss","floor":16,"turns":5},{"damage":1,"enemies":"2 Thieves","floor":18,"turns":2},{"damage":0,"enemies":"Spheric Guardian","floor":22,"turns":3},{"damage":6,"enemies":"Gremlin Leader","floor":23,"turns":4},{"damage":14,"enemies":"Slavers","floor":27,"turns":4},{"damage":7,"enemies":"Snake Plant","floor":28,"turns":4},{"damage":14,"enemies":"Collector","floor":33,"turns":7},{"damage":0,"enemies":"Orb Walker","floor":35,"turns":2},{"damage":18,"enemies":"2 Orb Walkers","floor":36,"turns":5},{"damage":20,"enemies":"Mind Bloom Boss Battle","floor":38,"turns":5},{"damage":31,"enemies":"Nemesis","floor":40,"turns":4}],"seed_played":"1498504477983171466","potions_obtained":[{"floor":5.0,"key":"GamblersBrew"},{"floor":6.0,"key":"SpeedPotion"},{"floor":12,"key":"Fire Potion"},{"floor":14,"key":"Weak Potion"},{"floor":28,"key":"EssenceOfSteel"},{"floor":33,"key":"AttackPotion"},{"floor":36,"key":"FairyPotion"},{"floor":38,"key":"LiquidBronze"}],"is_trial":false,"path_per_floor":["M","M","?","$","M","E","R","E","T","$","R","E","$","E","R","B",null,"M","?","?","?","M","E","R","$","T","E","M","$","?","?","R","B",null,"M","?","$","?","?","E"],"character_chosen":"DEFECT","items_purchased":["Sweeping Beam","Flash of Steel","FTL","Leap","Mind Blast","Master of Strategy","Mind Blast","Lockon"],"campfire_rested":2,"item_purchase_floors":[4,4,10,13,25,29,37,37],"current_hp_per_floor":[70,70,70,70,68,53,53,52,52,52,52,45,45,42,66,64,78,77,83,83,75,75,69,69,69,69,55,48,48,48,32,58,56,80,80,62,62,54,46,15],"gold":163,"neow_bonus":"TEN_PERCENT_HP_BONUS","is_prod":false,"is_daily":false,"chose_seed":false,"campfire_upgraded":3,"win_rate":0,"timestamp":1541632650,"path_taken":["M","M","?","$","M","E","R","E","T","$","R","E","?","E","R","BOSS","M","?","?","?","?","E","R","$","T","E","M","$","?","?","R","BOSS","M","?","$","?","?","E"],"build_version":"2018-11-01","purchased_purges":0,"victory":false,"max_hp_per_floor":[82,82,82,82,82,82,82,82,82,82,82,82,82,82,82,82,82,82,88,88,88,88,88,88,88,88,88,88,88,88,88,88,88,88,88,88,88,88,88,88],"card_choices":[{"not_picked":["Turbo","Scrape"],"picked":"Lockon","floor":1.0},{"not_picked":["Beam Cell","Reinforced Body"],"picked":"BootSequence","floor":2.0},{"not_picked":["Sweeping Beam","Stack"],"picked":"Glacier","floor":5.0},{"not_picked":["Melter","Beam Cell"],"picked":"Rainbow","floor":6.0},{"not_picked":["Sweeping Beam","Aggregate"],"picked":"Ball Lightning","floor":8},{"not_picked":["Storm","Go for the Eyes"],"picked":"Conserve Battery","floor":12},{"not_picked":["White Noise","Hyperbeam"],"picked":"Static Discharge","floor":14},{"not_picked":["Multi-Cast","Meteor Strike"],"picked":"Electrodynamics","floor":16},{"not_picked":["Tempest","Redo"],"picked":"Chaos","floor":18},{"not_picked":["Turbo+1","Rebound"],"picked":"Cold Snap","floor":22},{"not_picked":["Force Field+1","Reprogram"],"picked":"Steam","floor":23},{"not_picked":["Turbo","Rip and Tear"],"picked":"Barrage+1","floor":27},{"not_picked":["Lockon","Coolheaded"],"picked":"Go for the Eyes+1","floor":28},{"not_picked":["Melter","Gash"],"picked":"Leap","floor":35},{"not_picked":["Leap+1","Barrage"],"picked":"Aggregate+1","floor":36},{"not_picked":["Barrage","Sweeping Beam+1"],"picked":"Capacitor+1","floor":38}],"player_experience":959588,"relics_obtained":[{"floor":6.0,"key":"Meat on the Bone"},{"floor":8,"key":"Darkstone Periapt"},{"floor":9,"key":"Mercury Hourglass"},{"floor":12,"key":"Pen Nib"},{"floor":14,"key":"Bag of Preparation"},{"floor":23,"key":"Juzu Bracelet"},{"floor":26,"key":"Bag of Marbles"},{"floor":27,"key":"Art of War"},{"floor":31,"key":"Nilry\u0027s Codex"},{"floor":36,"key":"Prayer Wheel"},{"floor":38,"key":"Ice Cream"}],"event_choices":[{"damage_healed":0.0,"max_hp_gain":0.0,"max_hp_loss":0.0,"gold_gain":0.0,"event_name":"The Woman in Blue","player_choice":"Bought 0 Potions","floor":3.0,"gold_loss":0.0,"damage_taken":0.0},{"damage_healed":0,"gold_gain":0,"player_choice":"Opened","damage_taken":0,"relics_obtained":["Nunchaku"],"max_hp_gain":0,"max_hp_loss":0,"event_name":"The Mausoleum","floor":19,"gold_loss":0,"cards_obtained":["Writhe"]},{"damage_healed":0,"gold_gain":0,"player_choice":"Inject Mutagens","damage_taken":0,"relics_obtained":["MutagenicStrength"],"max_hp_gain":0,"max_hp_loss":0,"event_name":"Drug Dealer","floor":20,"gold_loss":0},{"damage_healed":0,"gold_gain":0,"player_choice":"","damage_taken":8,"max_hp_gain":0,"max_hp_loss":0,"event_name":"Knowing Skull","floor":21,"potions_obtained":[],"gold_loss":0,"cards_obtained":[]},{"damage_healed":0,"gold_gain":0,"player_choice":"Ignored","damage_taken":0,"max_hp_gain":0,"max_hp_loss":0,"event_name":"Ghosts","floor":30,"gold_loss":0},{"damage_healed":0,"gold_gain":0,"player_choice":"Obtained Book","damage_taken":16,"max_hp_gain":0,"max_hp_loss":0,"event_name":"Cursed Tome","floor":31,"gold_loss":0},{"damage_healed":0,"gold_gain":0,"player_choice":"Fight","damage_taken":0,"max_hp_gain":0,"max_hp_loss":0,"event_name":"Mysterious Sphere","floor":36,"gold_loss":0},{"damage_healed":0,"gold_gain":0,"player_choice":"Fight","damage_taken":0,"max_hp_gain":0,"max_hp_loss":0,"event_name":"MindBloom","floor":38,"gold_loss":0},{"damage_healed":0,"gold_gain":0,"player_choice":"Damaged","damage_taken":8,"max_hp_gain":0,"max_hp_loss":0,"event_name":"Wheel of Change","floor":39,"gold_loss":0}],"is_beta":false,"boss_relics":[{"not_picked":["Black Star","Lizard Tail"],"picked":"Velvet Choker"},{"not_picked":["Calling Bell","Snecko Eye"],"picked":"Cursed Key"}],"items_purged_floors":[],"is_endless":false,"potions_floor_spawned":[5,6,12,14,23,28,33,36,38],"killed_by":"Nemesis","ascension_level":7}