{"gold_per_floor":[211,211,259,259,32,32,57,57,57,57,67,92,21,38,38,134,134,147,165,184,200,200,200,214,214,214,239,239,18,32,43,43,141,141,158,169,19,19,37,37,54,54,54,66,83,83,83,98,98,98],"floor_reached":50,"playtime":2978,"items_purged":["Strike_G"],"score":849,"play_id":"8325ca27-5f8b-49dd-b2e3-64ae508793ea","local_time":"20181027180235","is_ascension_mode":true,"campfire_choices":[{"data":"Dagger Spray","floor":6.0,"key":"SMITH"},{"data":"Dagger Spray","floor":8.0,"key":"SMITH"},{"data":"1","floor":10.0,"key":"LIFT"},{"data":"2","floor":15.0,"key":"LIFT"},{"data":"3","floor":23.0,"key":"LIFT"},{"data":"Glass Knife","floor":25.0,"key":"SMITH"},{"data":"Sucker Punch","floor":28.0,"key":"SMITH"},{"floor":32.0,"key":"REST"},{"floor":40.0,"key":"REST"},{"data":"Glass Knife","floor":42.0,"key":"SMITH"},{"data":"Blade Dance","floor":46.0,"key":"SMITH"},{"floor":49.0,"key":"REST"}],"neow_cost":"NONE","seed_source_timestamp":0,"circlet_count":0,"master_deck":["Defend_G+1","Defend_G","Defend_G","Defend_G+1","Defend_G","Strike_G","Strike_G","Strike_G","Survivor","Neutralize","AscendersBane","Backstab","Noxious Fumes","Dagger Spray+1","Backstab","Dagger Spray+1","Dagger Throw","Slice","Backstab","Backflip","Glass Knife+1","Dash","Slice","Sucker Punch+1","Prepared","Glass Knife+1","Backflip","Dash","Dagger Spray+1","Deflect","Slice","Expertise+1","Cloak And Dagger+1","Noxious Fumes+1","Blade Dance+1","Parasite","Bouncing Flask+1"],"special_seed":0,"relics":["Ring of the Snake","War Paint","Paper Crane","Lee\u0027s Waffle","StoneCalendar","Girya","Lantern","Sozu","Bottled Flame","Tingsha","Vajra","Busted Crown","Bag of Marbles","Ninja Scroll","Bag of Preparation"],"potions_floor_usage":[],"damage_taken":[{"damage":6.0,"enemies":"Jaw Worm","floor":1.0,"turns":7.0},{"damage":9.0,"enemies":"3 Sentries","floor":7.0,"turns":6.0},{"damage":0.0,"enemies":"Cultist","floor":11.0,"turns":1.0},{"damage":0.0,"enemies":"Gremlin Nob","floor":12.0,"turns":2.0},{"damage":0.0,"enemies":"2 Louse","floor":14.0,"turns":1.0},{"damage":0.0,"enemies":"Slime Boss","floor":16.0,"turns":4.0},{"damage":0.0,"enemies":"2 Thieves","floor":18.0,"turns":2.0},{"damage":0.0,"enemies":"3 Byrds","floor":19.0,"turns":3.0},{"damage":0.0,"enemies":"3 Cultists","floor":20.0,"turns":2.0},{"damage":0.0,"enemies":"Centurion and Healer","floor":21.0,"turns":5.0},{"damage":0.0,"enemies":"Cultist and Chosen","floor":24.0,"turns":4.0},{"damage":16.0,"enemies":"Book of Stabbing","floor":27.0,"turns":4.0},{"damage":1.0,"enemies":"Chosen and Byrds","floor":30.0,"turns":2.0},{"damage":0.0,"enemies":"Snecko","floor":31.0,"turns":2.0},{"damage":67.0,"enemies":"Automaton","floor":33.0,"turns":8.0},{"damage":0.0,"enemies":"3 Shapes","floor":35.0,"turns":2.0},{"damage":0.0,"enemies":"Orb Walker","floor":36.0,"turns":2.0},{"damage":26.0,"enemies":"Maw","floor":39.0,"turns":6.0},{"damage":8.0,"enemies":"4 Shapes","floor":41.0,"turns":3.0},{"damage":25.0,"enemies":"Transient","floor":44.0,"turns":5.0},{"damage":0.0,"enemies":"Jaw Worm Horde","floor":45.0,"turns":1.0},{"damage":4.0,"enemies":"Writhing Mass","floor":48.0,"turns":4.0},{"damage":26,"enemies":"Donu and Deca","floor":50,"turns":3}],"seed_played":"-1312387212412935993","potions_obtained":[{"floor":11.0,"key":"Poison Potion"},{"floor":12.0,"key":"GamblersBrew"},{"floor":14.0,"key":"Fire Potion"},{"floor":16.0,"key":"SkillPotion"}],"is_trial":false,"path_per_floor":["M","?","T","?","$","R","E","R","T","R","M","E","$","M","R","B",null,"M","M","M","M","?","R","M","R","T","E","R","$","M","M","R","B",null,"M","M","$","?","M","R","M","R","T","M","M","R","T","M","R"],"character_chosen":"THE_SILENT","items_purchased":["Backstab","Lee\u0027s Waffle","Backstab","Vajra","Bag of Marbles"],"campfire_rested":3,"item_purchase_floors":[5,5,13,29,37],"current_hp_per_floor":[57,57,57,45,77,77,68,68,68,68,68,68,68,68,68,68,75,75,75,75,75,75,75,75,75,75,59,59,59,58,58,77,10,60,60,60,60,60,34,57,49,49,49,24,24,24,24,20,43,17],"gold":98,"neow_bonus":"HUNDRED_GOLD","is_prod":false,"is_daily":false,"chose_seed":false,"campfire_upgraded":6,"win_rate":0,"timestamp":1540681355,"path_taken":["M","?","?","?","?","R","E","R","T","R","M","E","$","M","R","BOSS","M","?","M","M","?","R","M","R","T","E","R","?","M","M","R","BOSS","M","?","$","?","M","R","M","R","T","M","?","R","?","M","R","BOSS"],"build_version":"2018-10-25v2","purchased_purges":1,"victory":false,"max_hp_per_floor":[70,70,70,70,77,77,77,77,77,77,77,77,77,77,77,77,77,77,77,77,77,77,77,77,77,77,77,77,77,77,77,77,77,77,77,77,77,77,77,77,77,77,77,77,77,77,77,77,77,77],"card_choices":[{"not_picked":["Underhanded Strike","Cloak And Dagger"],"picked":"Backstab","floor":1.0},{"not_picked":["Sucker Punch","Acrobatics"],"picked":"Dagger Spray","floor":7.0},{"not_picked":["Underhanded Strike","Finisher"],"picked":"Dagger Throw","floor":11.0},{"not_picked":["Caltrops","Bullet Time"],"picked":"Slice","floor":12.0},{"not_picked":["Poisoned Stab","Distraction"],"picked":"Backflip","floor":14.0},{"not_picked":["Phantasmal Killer","Bullet Time"],"picked":"Glass Knife","floor":16.0},{"not_picked":["Quick Slash","Terror+1"],"picked":"Dash","floor":18.0},{"not_picked":["Concentrate","Backflip"],"picked":"Slice","floor":19.0},{"not_picked":["Eviscerate+1","Accuracy"],"picked":"Sucker Punch","floor":20.0},{"not_picked":["PiercingWail","Deadly Poison"],"picked":"Prepared","floor":21.0},{"not_picked":["Outmaneuver","Bane+1"],"picked":"Glass Knife","floor":24.0},{"not_picked":["Doppelganger","Sucker Punch"],"picked":"Backflip","floor":27.0},{"not_picked":["Well Laid Plans+1","Quick Slash"],"picked":"Dash","floor":30.0},{"not_picked":["Escape Plan","Outmaneuver"],"picked":"Dagger Spray+1","floor":31.0},{"not_picked":[],"picked":"Deflect","floor":35.0},{"not_picked":[],"picked":"Slice","floor":36.0},{"not_picked":[],"picked":"Expertise+1","floor":39.0},{"not_picked":[],"picked":"Cloak And Dagger+1","floor":41.0},{"not_picked":[],"picked":"Noxious Fumes+1","floor":44.0},{"not_picked":[],"picked":"Blade Dance","floor":45.0},{"not_picked":[],"picked":"Bouncing Flask+1","floor":48.0}],"player_experience":867343,"relics_obtained":[{"floor":3.0,"key":"War Paint"},{"floor":7.0,"key":"StoneCalendar"},{"floor":9.0,"key":"Girya"},{"floor":12.0,"key":"Lantern"},{"floor":26.0,"key":"Bottled Flame"},{"floor":27.0,"key":"Tingsha"},{"floor":43.0,"key":"Ninja Scroll"},{"floor":47.0,"key":"Bag of Preparation"}],"event_choices":[{"damage_healed":0.0,"max_hp_gain":0.0,"max_hp_loss":0.0,"gold_gain":0.0,"event_name":"Match and Keep!","player_choice":"2 cards matched","floor":2.0,"gold_loss":0.0,"damage_taken":0.0,"cards_obtained":["Noxious Fumes","Dagger Spray"]},{"damage_healed":0.0,"max_hp_gain":0.0,"max_hp_loss":0.0,"gold_gain":0.0,"event_name":"Scrap Ooze","player_choice":"Success","floor":4.0,"gold_loss":0.0,"damage_taken":12.0,"relics_obtained":["Paper Crane"]},{"damage_healed":0.0,"max_hp_gain":0.0,"max_hp_loss":0.0,"gold_gain":0.0,"event_name":"Vampires","player_choice":"Ignored","floor":22.0,"gold_loss":0.0,"damage_taken":0.0},{"cards_removed":["Strike_G"],"damage_healed":0.0,"max_hp_gain":0.0,"max_hp_loss":0.0,"gold_gain":0.0,"event_name":"Bonfire Elementals","player_choice":"Offered Basic","floor":38.0,"gold_loss":0.0,"damage_taken":0.0}],"is_beta":false,"boss_relics":[{"not_picked":["Tiny House","Cursed Key"],"picked":"Sozu"},{"not_picked":["HoveringKite","Astrolabe"],"picked":"Busted Crown"}],"items_purged_floors":[29],"is_endless":false,"potions_floor_spawned":[11,12,14,16,18,24,27,44,48],"killed_by":"Donu and Deca","ascension_level":10}