{"gold_per_floor":[110,185,185,41,56,86,86,113,113,139,152,170,189,202,202,277,277,293,311,54,54,54,54,71,106,106,126,137,149,181,200,200,277,277,291,44,56,75,2,2,27,39,109,109,109,138,150,191,203,215],"floor_reached":51,"playtime":3274,"items_purged":[],"score":1561,"play_id":"1771a735-cd65-48f0-8015-93c34319a385","local_time":"20181010094625","is_ascension_mode":true,"campfire_choices":[{"data":"Perfected Strike","floor":7.0,"key":"SMITH"},{"data":"Infernal Blade","floor":15.0,"key":"SMITH"},{"data":"Bludgeon","floor":23.0,"key":"SMITH"},{"floor":32.0,"key":"REST"},{"data":"Whirlwind","floor":40,"key":"SMITH"},{"data":"Demon Form","floor":45,"key":"SMITH"},{"data":"Rage","floor":47,"key":"SMITH"},{"floor":49,"key":"REST"}],"neow_cost":"NONE","seed_source_timestamp":0,"circlet_count":0,"master_deck":["Strike_R","Strike_R","Strike_R","Strike_R","Strike_R","Defend_R","Defend_R","Defend_R","Defend_R","Bash","AscendersBane","Whirlwind+1","Perfected Strike+1","Pommel Strike","Battle Trance","Clothesline","Infernal Blade+1","Shrug It Off","Headbutt","Ghostly Armor","Rage+1","Demon Form+1","Cleave","Bludgeon+1","Twin Strike","Iron Wave+1","Headbutt","Wild Strike+1","Ghostly Armor","Perfected Strike+1","Writhe"],"special_seed":0,"relics":["Burning Blood","NeowsBlessing","Orichalcum","Ginger","Ancient Tea Set","Prayer Wheel","Pen Nib","Busted Crown","Singing Bowl","Strawberry","Paper Frog","Mango","Snecko Eye","Mercury Hourglass","Thread and Needle","Bottled Tornado","MawBank","Potion Belt"],"potions_floor_usage":[33,33,46,50],"damage_taken":[{"damage":0.0,"enemies":"Small Slimes","floor":1.0,"turns":1.0},{"damage":0.0,"enemies":"Jaw Worm","floor":5.0,"turns":1.0},{"damage":0.0,"enemies":"Lagavulin","floor":6.0,"turns":1.0},{"damage":10.0,"enemies":"Gremlin Nob","floor":8.0,"turns":3.0},{"damage":9.0,"enemies":"3 Sentries","floor":10.0,"turns":6.0},{"damage":0.0,"enemies":"2 Louse","floor":11.0,"turns":2.0},{"damage":11.0,"enemies":"Lots of Slimes","floor":12.0,"turns":2.0},{"damage":4.0,"enemies":"Exordium Wildlife","floor":13.0,"turns":3.0},{"damage":0.0,"enemies":"3 Louse","floor":14.0,"turns":2.0},{"damage":0.0,"enemies":"Slime Boss","floor":16.0,"turns":3.0},{"damage":10.0,"enemies":"Shell Parasite","floor":18.0,"turns":4.0},{"damage":8.0,"enemies":"Spheric Guardian","floor":19.0,"turns":4.0},{"damage":22.0,"enemies":"Shelled Parasite and Fungi","floor":24.0,"turns":4.0},{"damage":29.0,"enemies":"Gremlin Leader","floor":25.0,"turns":5.0},{"damage":3.0,"enemies":"Cultist and Chosen","floor":27.0,"turns":5.0},{"damage":8.0,"enemies":"Chosen and Byrds","floor":28.0,"turns":5.0},{"damage":6.0,"enemies":"Centurion and Healer","floor":29.0,"turns":4.0},{"damage":27.0,"enemies":"Book of Stabbing","floor":30.0,"turns":4.0},{"damage":12.0,"enemies":"Snecko","floor":31.0,"turns":3.0},{"damage":83,"enemies":"Automaton","floor":33,"turns":9},{"damage":13,"enemies":"Orb Walker","floor":35,"turns":3},{"damage":4,"enemies":"3 Shapes","floor":37,"turns":2},{"damage":44,"enemies":"Transient","floor":38,"turns":5},{"damage":7,"enemies":"Giant Head","floor":41,"turns":5},{"damage":0,"enemies":"Maw","floor":42,"turns":3},{"damage":45,"enemies":"Nemesis","floor":46,"turns":5},{"damage":26,"enemies":"2 Orb Walkers","floor":48,"turns":3},{"damage":52,"enemies":"Donu and Deca","floor":50,"turns":7}],"seed_played":"1567307481618467856","potions_obtained":[{"floor":1.0,"key":"Strength Potion"},{"floor":6.0,"key":"SkillPotion"},{"floor":12.0,"key":"Strength Potion"},{"floor":13.0,"key":"Energy Potion"},{"floor":24.0,"key":"Regen Potion"},{"floor":29.0,"key":"Fire Potion"},{"floor":31.0,"key":"EssenceOfSteel"},{"floor":35,"key":"Fire Potion"},{"floor":38,"key":"EssenceOfSteel"},{"floor":41,"key":"EssenceOfSteel"},{"floor":42,"key":"AttackPotion"}],"is_trial":false,"path_per_floor":["M","?","?","$","M","E","R","E","T","E","M","M","M","M","R","B",null,"M","M","$","?","?","R","M","E","T","M","M","M","E","M","R","B",null,"M","$","M","M","$","R","E","M","T","?","R","E","R","E","R","B"],"character_chosen":"IRONCLAD","items_purchased":["Orichalcum","Singing Bowl","Mercury Hourglass","Ghostly Armor"],"campfire_rested":2,"item_purchase_floors":[4,20,36,39],"current_hp_per_floor":[74,63,68,68,74,80,80,76,76,73,79,74,76,80,80,80,80,76,74,74,74,74,74,62,48,48,65,67,71,66,64,100,25,100,93,93,99,63,63,63,62,72,72,99,99,62,62,44,85,39],"gold":227,"neow_bonus":"THREE_ENEMY_KILL","is_prod":false,"is_daily":false,"chose_seed":false,"campfire_upgraded":6,"win_rate":0,"timestamp":1539182785,"path_taken":["M","?","?","?","M","E","R","E","T","E","M","M","M","M","R","BOSS","M","M","$","?","?","R","M","E","T","M","M","?","E","?","R","BOSS","M","$","M","M","?","R","E","M","T","?","R","E","R","E","R","BOSS"],"build_version":"2018-10-04v2","purchased_purges":0,"victory":true,"max_hp_per_floor":[75,75,80,80,80,80,80,80,80,80,80,80,80,80,80,80,80,80,80,80,80,80,80,84,93,93,95,99,103,119,123,123,125,125,125,125,129,131,131,131,131,135,135,135,135,137,137,139,139,139],"card_choices":[{"not_picked":["Infernal Blade","Clash"],"picked":"Whirlwind","floor":1.0},{"not_picked":["Body Slam","Blood for Blood"],"picked":"Perfected Strike","floor":5.0},{"not_picked":["Twin Strike","Bloodletting"],"picked":"Pommel Strike","floor":6.0},{"not_picked":["Dropkick","Carnage"],"picked":"Battle Trance","floor":8.0},{"not_picked":["Hemokinesis","Burning Pact"],"picked":"Clothesline","floor":10.0},{"not_picked":["Warcry","Heavy Blade"],"picked":"Infernal Blade","floor":11.0},{"not_picked":["Bloodletting","True Grit","Cleave"],"picked":"SKIP","floor":11.0},{"not_picked":["Warcry","Wild Strike"],"picked":"Shrug It Off","floor":12.0},{"not_picked":["Hemokinesis","Clash"],"picked":"Headbutt","floor":12.0},{"not_picked":["Thunderclap","Armaments"],"picked":"Ghostly Armor","floor":13.0},{"not_picked":["Whirlwind","Heavy Blade","Offering"],"picked":"SKIP","floor":13.0},{"not_picked":["Dropkick","Seeing Red"],"picked":"Rage","floor":14.0},{"not_picked":["Combust","Rupture","Sword Boomerang"],"picked":"SKIP","floor":14.0},{"not_picked":["Dark Embrace","Fiend Fire"],"picked":"Demon Form","floor":16.0},{"not_picked":[],"picked":"Cleave","floor":18.0},{"not_picked":["Whirlwind"],"picked":"SKIP","floor":18.0},{"not_picked":["Armaments"],"picked":"SKIP","floor":19.0},{"not_picked":["Sword Boomerang+1"],"picked":"SKIP","floor":19.0},{"not_picked":["Warcry"],"picked":"Singing Bowl","floor":24.0},{"not_picked":["Shrug It Off"],"picked":"Singing Bowl","floor":24.0},{"not_picked":["Whirlwind"],"picked":"Singing Bowl","floor":25.0},{"not_picked":[],"picked":"Twin Strike","floor":27.0},{"not_picked":["Fire Breathing"],"picked":"Singing Bowl","floor":27.0},{"not_picked":["Clash"],"picked":"Singing Bowl","floor":28.0},{"not_picked":["Rupture"],"picked":"Singing Bowl","floor":28.0},{"not_picked":["Thunderclap"],"picked":"Singing Bowl","floor":29.0},{"not_picked":["Clothesline"],"picked":"Singing Bowl","floor":29.0},{"not_picked":["Bloodletting"],"picked":"Singing Bowl","floor":30.0},{"not_picked":["Combust+1"],"picked":"Singing Bowl","floor":31.0},{"not_picked":["Havoc"],"picked":"Singing Bowl","floor":31.0},{"not_picked":["Juggernaut"],"picked":"Singing Bowl","floor":33},{"not_picked":[],"picked":"Iron Wave+1","floor":35},{"not_picked":[],"picked":"Headbutt","floor":35},{"not_picked":["Clash"],"picked":"Singing Bowl","floor":37},{"not_picked":["Thunderclap"],"picked":"Singing Bowl","floor":37},{"not_picked":[],"picked":"Wild Strike+1","floor":38},{"not_picked":["Dropkick"],"picked":"Singing Bowl","floor":38},{"not_picked":[],"picked":"Perfected Strike+1","floor":41},{"not_picked":["Thunderclap"],"picked":"Singing Bowl","floor":42},{"not_picked":["Entrench"],"picked":"Singing Bowl","floor":42},{"not_picked":["Havoc+1"],"picked":"Singing Bowl","floor":46},{"not_picked":["Metallicize+1"],"picked":"Singing Bowl","floor":48}],"player_experience":742299,"relics_obtained":[{"floor":6.0,"key":"Ginger"},{"floor":8.0,"key":"Ancient Tea Set"},{"floor":9.0,"key":"Prayer Wheel"},{"floor":10.0,"key":"Pen Nib"},{"floor":25.0,"key":"Strawberry"},{"floor":26.0,"key":"Paper Frog"},{"floor":30.0,"key":"Mango"},{"floor":41,"key":"Thread and Needle"},{"floor":43,"key":"Bottled Tornado"},{"floor":46,"key":"MawBank"},{"floor":48,"key":"Potion Belt"}],"event_choices":[{"event_name":"World of Goop","player_choice":"Gather Gold","floor":2.0,"damage_taken":0.0},{"event_name":"Big Fish","player_choice":"Donut","floor":3.0,"damage_taken":0.0},{"event_name":"Match and Keep!","player_choice":"1 cards matched","floor":21.0,"damage_taken":0.0},{"event_name":"Beggar","player_choice":"Ignored","floor":22.0,"damage_taken":0.0},{"event_name":"Winding Halls","player_choice":"Writhe","floor":44,"damage_taken":0}],"is_beta":false,"boss_relics":[{"not_picked":["Calling Bell","Ectoplasm"],"picked":"Busted Crown"},{"not_picked":["Coffee Dripper","Runic Pyramid"],"picked":"Snecko Eye"}],"items_purged_floors":[],"is_endless":false,"potions_floor_spawned":[1,6,12,13,14,24,29,31,35,38,41,42],"ascension_level":15}