{"gold_per_floor":[109,109,125,142,159,159,159,175,175,175,175,200,200,218,218,337,337,361,361,276,292,316,359,374,395,395,395,178,178,219,232,232,353,353,371,390,83,83,107,140,140,171,171,204,329,348,348,391,391,391,391,391,55,91,91],"floor_reached":56,"playtime":6162,"items_purged":["Defend_R","Immolate+1"],"score":1374,"play_id":"3e774cb1-9640-4f00-b2a6-445ae5ef56fc","local_time":"20190509182600","is_ascension_mode":true,"campfire_choices":[{"data":"Disarm","floor":6.0,"key":"SMITH"},{"data":"Flex","floor":11.0,"key":"SMITH"},{"data":"Shrug It Off","floor":13.0,"key":"SMITH"},{"floor":15.0,"key":"REST"},{"data":"Metallicize","floor":27.0,"key":"SMITH"},{"data":"Demon Form","floor":29.0,"key":"SMITH"},{"data":"Bite","floor":32.0,"key":"SMITH"},{"floor":41.0,"key":"RECALL"},{"data":"Bite","floor":49.0,"key":"SMITH"},{"data":"Bite","floor":52.0,"key":"SMITH"}],"neow_cost":"NONE","seed_source_timestamp":147857498236217,"circlet_count":0,"master_deck":["Bash+1","Flex+1","Disarm+1","Demon Form+1","Bite+1","Bite+1","Bite+1","Bite","Bite","Flex+1","Metallicize+1","Reaper","Fiend Fire+1","Blood for Blood+1","Disarm+1"],"special_seed":0,"relics":["Burning Blood","Golden Idol","Paper Frog","Runic Pyramid","Orichalcum","Singing Bowl","Kunai","Strawberry","Astrolabe","Medical Kit","Gambling Chip","Bag of Marbles","Dodecahedron","Turnip","Mummified Hand","Bronze Scales","OrangePellets","Ice Cream"],"potions_floor_usage":[55],"damage_taken":[{"damage":6.0,"enemies":"Cultist","floor":1.0,"turns":3.0},{"damage":7.0,"enemies":"Jaw Worm","floor":3.0,"turns":3.0},{"damage":6.0,"enemies":"Small Slimes","floor":4.0,"turns":3.0},{"damage":13.0,"enemies":"Blue Slaver","floor":5.0,"turns":2.0},{"damage":14.0,"enemies":"Looter","floor":8.0,"turns":3.0},{"damage":22.0,"enemies":"Exordium Thugs","floor":12.0,"turns":5.0},{"damage":0.0,"enemies":"2 Fungi Beasts","floor":14.0,"turns":3.0},{"damage":26.0,"enemies":"Slime Boss","floor":16.0,"turns":8.0},{"damage":15.0,"enemies":"Chosen","floor":18.0,"turns":4.0},{"damage":12.0,"enemies":"3 Byrds","floor":21.0,"turns":5.0},{"damage":32.0,"enemies":"Cultist and Chosen","floor":22.0,"turns":5.0},{"damage":51.0,"enemies":"Slavers","floor":23.0,"turns":7.0},{"damage":13.0,"enemies":"Snake Plant","floor":24.0,"turns":3.0},{"damage":12.0,"enemies":"Centurion and Healer","floor":25.0,"turns":5.0},{"damage":18.0,"enemies":"Book of Stabbing","floor":30.0,"turns":7.0},{"damage":43.0,"enemies":"Shelled Parasite and Fungi","floor":31.0,"turns":6.0},{"damage":50.0,"enemies":"Collector","floor":33.0,"turns":8.0},{"damage":0.0,"enemies":"3 Shapes","floor":35.0,"turns":1.0},{"damage":14.0,"enemies":"Orb Walker","floor":36.0,"turns":3.0},{"damage":43.0,"enemies":"Jaw Worm Horde","floor":39.0,"turns":5.0},{"damage":51.0,"enemies":"Giant Head","floor":40.0,"turns":7.0},{"damage":52.0,"enemies":"Reptomancer","floor":42.0,"turns":6.0},{"damage":0.0,"enemies":"Nemesis","floor":44.0,"turns":5.0},{"damage":0.0,"enemies":"Mind Bloom Boss Battle","floor":45.0,"turns":4.0},{"damage":32.0,"enemies":"3 Darklings","floor":46.0,"turns":4.0},{"damage":14.0,"enemies":"Giant Head","floor":48.0,"turns":6.0},{"damage":86.0,"enemies":"Donu and Deca","floor":50.0,"turns":8.0},{"damage":51,"enemies":"Shield and Spear","floor":54,"turns":5},{"damage":110,"enemies":"The Heart","floor":55,"turns":8}],"seed_played":"-798232291340973092","potions_obtained":[{"floor":3.0,"key":"FearPotion"},{"floor":5.0,"key":"EssenceOfSteel"},{"floor":12.0,"key":"FearPotion"},{"floor":14.0,"key":"Swift Potion"},{"floor":18.0,"key":"Energy Potion"},{"floor":25.0,"key":"BloodPotion"},{"floor":30.0,"key":"SteroidPotion"},{"floor":33.0,"key":"SpeedPotion"},{"floor":39.0,"key":"PowerPotion"},{"floor":42.0,"key":"Poison Potion"},{"floor":44.0,"key":"FearPotion"},{"floor":46.0,"key":"SteroidPotion"}],"is_trial":false,"path_per_floor":["M","?","M","M","M","R","?","M","T","?","R","M","R","M","R","B",null,"M","?","?","M","M","E","M","M","T","R","$","R","E","M","R","B",null,"M","M","$","?","M","E","R","E","T","E","?","M","?","E","R","B",null,"R","$","E","B",null],"character_chosen":"IRONCLAD","items_purchased":["Reaper","Medical Kit","Bronze Scales","OrangePellets"],"campfire_rested":1,"item_purchase_floors":[28,37,53,53],"current_hp_per_floor":[88,88,87,87,80,80,58,50,50,43,43,27,27,33,59,39,88,79,61,61,61,51,32,37,49,49,49,49,49,74,76,76,76,78,80,82,82,78,80,82,82,78,78,86,88,90,90,92,92,40,92,92,92,94,45],"gold":91,"neow_bonus":"TEN_PERCENT_HP_BONUS","is_prod":false,"is_daily":false,"chose_seed":false,"campfire_upgraded":8,"win_rate":0,"timestamp":1557419160,"path_taken":["M","?","M","?","M","R","?","M","T","?","R","M","R","M","R","BOSS","M","?","?","M","M","E","?","M","T","R","$","R","E","M","R","BOSS","M","M","$","?","M","E","R","E","T","E","?","M","?","E","R","BOSS","R","$","E","BOSS"],"build_version":"2019-01-23","purchased_purges":2,"victory":true,"max_hp_per_floor":[88,88,88,88,88,88,88,88,88,88,88,88,88,88,88,88,88,88,61,61,61,61,63,65,65,65,65,65,65,74,76,76,78,78,80,82,82,78,80,82,82,84,84,86,88,90,90,92,92,92,92,92,92,94,94],"card_choices":[{"not_picked":["Heavy Blade","Havoc"],"picked":"Flex","floor":1.0},{"not_picked":["Shockwave","Clash","Fire Breathing"],"picked":"SKIP","floor":3.0},{"not_picked":["Whirlwind","Inflame"],"picked":"Disarm","floor":4.0},{"not_picked":["Warcry","Pummel","Uppercut"],"picked":"SKIP","floor":5.0},{"not_picked":["Twin Strike","Carnage","Warcry"],"picked":"SKIP","floor":8.0},{"not_picked":["Combust","Sentinel"],"picked":"Shrug It Off","floor":12.0},{"not_picked":["Havoc","Body Slam","Heavy Blade"],"picked":"SKIP","floor":14.0},{"not_picked":["Impervious","Offering"],"picked":"Demon Form","floor":16.0},{"not_picked":["Shrug It Off","Rampage","Headbutt"],"picked":"SKIP","floor":18.0},{"not_picked":["Perfected Strike","Reckless Charge","Burning Pact"],"picked":"SKIP","floor":21.0},{"not_picked":["Searing Blow","Iron Wave"],"picked":"Flex+1","floor":22.0},{"not_picked":["Havoc+1","Blood for Blood","Rage"],"picked":"Singing Bowl","floor":23.0},{"not_picked":["True Grit","Sever Soul","Headbutt"],"picked":"Singing Bowl","floor":24.0},{"not_picked":["Shrug It Off","Pommel Strike"],"picked":"Metallicize","floor":25.0},{"not_picked":["Blood for Blood","Pummel+1","Carnage"],"picked":"Singing Bowl","floor":30.0},{"not_picked":["Sentinel+1","Evolve","Thunderclap+1"],"picked":"Singing Bowl","floor":31.0},{"not_picked":["Dark Embrace","Fiend Fire","Brutality"],"picked":"Singing Bowl","floor":33.0},{"not_picked":["Spot Weakness+1","Clash+1","Pummel"],"picked":"Singing Bowl","floor":35.0},{"not_picked":["Pommel Strike+1","Sword Boomerang","Iron Wave+1"],"picked":"Singing Bowl","floor":36.0},{"not_picked":["Flex","Armaments","Iron Wave"],"picked":"Singing Bowl","floor":39.0},{"not_picked":["Heavy Blade+1","Immolate","Flex"],"picked":"Singing Bowl","floor":40.0},{"not_picked":["Rage","Evolve","Anger"],"picked":"Singing Bowl","floor":42.0},{"not_picked":["Dual Wield","Pummel","Perfected Strike+1"],"picked":"Singing Bowl","floor":44.0},{"not_picked":["Armaments+1","Shrug It Off+1","Havoc"],"picked":"Singing Bowl","floor":45.0},{"not_picked":["Clothesline","Shrug It Off","Pommel Strike"],"picked":"Singing Bowl","floor":46.0},{"not_picked":["Exhume","Twin Strike+1","Thunderclap+1"],"picked":"Singing Bowl","floor":48.0},{"not_picked":["Perfected Strike+1","Sword Boomerang","Infernal Blade"],"picked":"Singing Bowl","floor":54}],"player_experience":309113,"relics_obtained":[{"floor":9.0,"key":"Paper Frog"},{"floor":23.0,"key":"Singing Bowl"},{"floor":26.0,"key":"Kunai"},{"floor":30.0,"key":"Strawberry"},{"floor":40.0,"key":"Gambling Chip"},{"floor":42.0,"key":"Bag of Marbles"},{"floor":44.0,"key":"Dodecahedron"},{"floor":45.0,"key":"Turnip"},{"floor":48.0,"key":"Mummified Hand"},{"floor":54,"key":"Ice Cream"}],"event_choices":[{"damage_healed":0.0,"max_hp_gain":0.0,"max_hp_loss":0.0,"gold_gain":0.0,"event_name":"Upgrade Shrine","player_choice":"Upgraded","floor":2.0,"gold_loss":0.0,"damage_taken":0.0,"cards_upgraded":["Bash"]},{"damage_healed":0.0,"max_hp_gain":0.0,"max_hp_loss":0.0,"gold_gain":0.0,"event_name":"Golden Idol","player_choice":"Take Damage","floor":7.0,"gold_loss":0.0,"damage_taken":22.0,"relics_obtained":["Golden Idol"]},{"cards_removed":["Defend_R"],"damage_healed":0.0,"max_hp_gain":0.0,"max_hp_loss":0.0,"gold_gain":0.0,"event_name":"Golden Wing","player_choice":"Card Removal","floor":10.0,"gold_loss":0.0,"damage_taken":7.0},{"damage_healed":0.0,"max_hp_gain":0.0,"max_hp_loss":27.0,"gold_gain":0.0,"event_name":"Vampires","player_choice":"Became a vampire","floor":19.0,"gold_loss":0.0,"damage_taken":0.0,"cards_obtained":["Bite","Bite","Bite","Bite","Bite"]},{"damage_healed":0.0,"max_hp_gain":0.0,"max_hp_loss":0.0,"gold_gain":0.0,"event_name":"Addict","player_choice":"Obtained Relic","floor":20.0,"gold_loss":85.0,"damage_taken":0.0,"relics_obtained":["Orichalcum"]},{"damage_healed":0.0,"max_hp_gain":0.0,"max_hp_loss":4.0,"gold_gain":0.0,"event_name":"Winding Halls","player_choice":"Max HP","floor":38.0,"gold_loss":0.0,"damage_taken":0.0},{"damage_healed":0.0,"max_hp_gain":0.0,"max_hp_loss":0.0,"gold_gain":0.0,"event_name":"MindBloom","player_choice":"Fight","floor":45.0,"gold_loss":0.0,"damage_taken":0.0},{"damage_healed":0.0,"max_hp_gain":0.0,"max_hp_loss":0.0,"gold_gain":0.0,"event_name":"Duplicator","player_choice":"Copied","floor":47.0,"gold_loss":0.0,"damage_taken":0.0,"cards_obtained":["Disarm"]}],"is_beta":false,"boss_relics":[{"not_picked":["Mark of Pain","White Beast Statue"],"picked":"Runic Pyramid"},{"not_picked":["Snecko Eye","Pandora\u0027s Box"],"picked":"Astrolabe"}],"items_purged_floors":[28,37],"is_endless":false,"potions_floor_spawned":[3,5,12,14,18,21,25,30,33,39,42,44,46,54],"ascension_level":2}