{"gold_per_floor":[115,127,75,87,87,122,122,155,155,155,155,170,186,216,216,316,316],"floor_reached":17,"playtime":2669,"items_purged":[],"score":175,"play_id":"602b60a2-6e3c-49cc-b2c0-200193f14c36","local_time":"20190307140118","is_ascension_mode":false,"campfire_choices":[{"floor":7,"key":"REST"},{"floor":10,"key":"REST"},{"floor":15,"key":"REST"}],"neow_cost":"NONE","seed_source_timestamp":2380022221924,"circlet_count":0,"master_deck":["Defend_G","Defend_G","Defend_G","Defend_G","Defend_G","Strike_G+1","Strike_G","Strike_G","Strike_G","Strike_G","Survivor","Neutralize","Die Die Die+1","Predator","Leg Sweep","Dagger Spray","Blade Dance","Predator","Sucker Punch","Infinite Blades","Prepared+1","Poisoned Stab","Phantasmal Killer+1"],"relics":["Ring of the Snake","Toxic Egg 2","Du-Vu Doll","Bottled Lightning","Meat on the Bone","Snake Skull","Sozu"],"potions_floor_usage":[14],"damage_taken":[{"damage":0,"enemies":"Cultist","floor":1,"turns":4},{"damage":0,"enemies":"Small Slimes","floor":2,"turns":2},{"damage":1,"enemies":"2 Louse","floor":4,"turns":2},{"damage":18,"enemies":"Gremlin Nob","floor":6,"turns":4},{"damage":29,"enemies":"3 Sentries","floor":8,"turns":9},{"damage":10,"enemies":"Exordium Wildlife","floor":12,"turns":4},{"damage":0,"enemies":"Blue Slaver","floor":13,"turns":4},{"damage":14,"enemies":"Gremlin Nob","floor":14,"turns":3},{"damage":43,"enemies":"Slime Boss","floor":16,"turns":13}],"seed_played":"1121866323171940780","potions_obtained":[{"floor":1,"key":"LiquidBronze"},{"floor":2,"key":"GhostInAJar"},{"floor":12,"key":"Fire Potion"},{"floor":14,"key":"Fire Potion"}],"is_trial":false,"path_per_floor":["M","M","$","M","?","E","R","E","T","R","?","M","M","E","R","B",null],"character_chosen":"THE_SILENT","items_purchased":["Dagger Spray"],"campfire_rested":3,"item_purchase_floors":[3],"current_hp_per_floor":[70,70,70,69,55,37,58,29,29,50,43,45,45,43,64,33,70],"gold":316,"neow_bonus":"ONE_RANDOM_RARE_CARD","is_prod":false,"is_daily":false,"chose_seed":false,"campfire_upgraded":0,"win_rate":0,"timestamp":1551988878,"path_taken":["M","M","?","M","?","E","R","E","T","R","?","M","M","E","R","BOSS"],"build_version":"2019-01-23","purchased_purges":0,"victory":false,"max_hp_per_floor":[70,70,70,70,70,70,70,70,70,70,70,70,70,70,70,70,70],"card_choices":[{"not_picked":["Escape Plan","Concentrate"],"picked":"Predator","floor":1},{"not_picked":["Masterful Stab","Underhanded Strike"],"picked":"Leg Sweep","floor":2},{"not_picked":["Dodge and Roll","Leg Sweep"],"picked":"Blade Dance","floor":4},{"not_picked":["Wraith Form v2","Dagger Throw"],"picked":"Predator","floor":6},{"not_picked":["Heel Hook","Well Laid Plans"],"picked":"Sucker Punch","floor":8},{"not_picked":["Dagger Throw","Flying Knee"],"picked":"Infinite Blades","floor":12},{"not_picked":["Dodge and Roll+1","All Out Attack"],"picked":"Prepared+1","floor":13},{"not_picked":["Heel Hook","Unload"],"picked":"Poisoned Stab","floor":14},{"not_picked":["Venomology+1","Malaise+1"],"picked":"Phantasmal Killer+1","floor":16}],"player_experience":1137152,"relics_obtained":[{"floor":6,"key":"Toxic Egg 2"},{"floor":8,"key":"Du-Vu Doll"},{"floor":9,"key":"Bottled Lightning"},{"floor":14,"key":"Snake Skull"}],"event_choices":[{"damage_healed":0,"gold_gain":0,"player_choice":"Entered Light","damage_taken":14,"max_hp_gain":0,"max_hp_loss":0,"event_name":"Shining Light","floor":5,"gold_loss":0,"cards_upgraded":["Strike_G","Die Die Die"]},{"damage_healed":0,"gold_gain":0,"player_choice":"Success","damage_taken":7,"relics_obtained":["Meat on the Bone"],"max_hp_gain":0,"max_hp_loss":0,"event_name":"Scrap Ooze","floor":11,"gold_loss":0}],"is_beta":false,"boss_relics":[{"not_picked":["Astrolabe","Ring of the Serpent"],"picked":"Sozu"}],"items_purged_floors":[],"is_endless":false,"potions_floor_spawned":[1,2,12,13,14],"ascension_level":0}