{"gold_per_floor":[19,94,94,118,118,118,147,160,212,248,275,311,342,373,385,522,534,564,576,433,449,100,100,135,135,135,156,156,156,172,22,22,22],"floor_reached":33,"playtime":2677,"items_purged":["Well Laid Plans","Unload"],"score":297,"play_id":"406f6066-1d1b-447c-a0c1-0d88409c6385","local_time":"20180720101414","is_ascension_mode":true,"campfire_choices":[{"floor":6,"key":"REST"},{"floor":15,"key":"REST"},{"floor":23,"key":"REST"},{"floor":25,"key":"REST"},{"floor":28,"key":"REST"},{"data":"Noxious Fumes","floor":32,"key":"SMITH"}],"neow_cost":"NO_GOLD","seed_source_timestamp":3431657364173,"circlet_count":0,"master_deck":["Survivor","Neutralize","Acrobatics","Poisoned Stab","Backflip","Poisoned Stab","Dagger Spray","Noxious Fumes+1","Bane","Skewer","Deadly Poison","Poisoned Stab","PiercingWail","Deflect","Cloak And Dagger+1","Bite","Bite","Bite","Bite","Bite","Noxious Fumes","Backflip","Escape Plan+1"],"relics":["Ring of the Snake","Golden Idol","Odd Mushroom","MawBank","Pandora\u0027s Box","Snake Skull","Mummified Hand","Lantern","Bag of Marbles"],"potions_floor_usage":[7,16,16,16,24,24,27],"damage_taken":[{"damage":1,"enemies":"Cultist","floor":1,"turns":4},{"damage":2,"enemies":"Jaw Worm","floor":4,"turns":6},{"damage":50,"floor":7,"turns":9},{"damage":2,"enemies":"Small Slimes","floor":8,"turns":5},{"damage":0,"enemies":"Blue Slaver","floor":10,"turns":4},{"damage":0,"enemies":"2 Fungi Beasts","floor":11,"turns":5},{"damage":0,"enemies":"Large Slime","floor":12,"turns":5},{"damage":3,"enemies":"Looter","floor":13,"turns":4},{"damage":0,"enemies":"2 Fungi Beasts","floor":14,"turns":5},{"damage":19,"enemies":"Slime Boss","floor":16,"turns":9},{"damage":21,"enemies":"Shell Parasite","floor":18,"turns":5},{"damage":30,"enemies":"Spheric Guardian","floor":21,"turns":5},{"damage":47,"enemies":"Gremlin Leader","floor":24,"turns":6},{"damage":10,"enemies":"Centurion and Healer","floor":27,"turns":5},{"damage":0,"enemies":"Snake Plant","floor":30,"turns":4},{"damage":67,"enemies":"Collector","floor":33,"turns":7}],"seed_played":"-7344615646456862809","potions_obtained":[{"floor":1,"key":"Strength Potion"},{"floor":4,"key":"Weak Potion"},{"floor":11,"key":"Swift Potion"},{"floor":13,"key":"Swift Potion"},{"floor":16,"key":"GamblersBrew"},{"floor":21,"key":"Weak Potion"},{"floor":24,"key":"PowerPotion"}],"is_trial":false,"path_per_floor":["M","?","?","M","?","R","?","M","T","M","M","M","M","M","R","B",null,"M","?","$","M","$","R","E","R","T","M","R","?","M","$","R"],"character_chosen":"THE_SILENT","items_purchased":["Noxious Fumes","Snake Skull","FairyPotion","Bag of Marbles"],"campfire_rested":5,"item_purchase_floors":[20,22,22,31],"current_hp_per_floor":[69,58,58,56,49,70,20,18,18,18,18,18,15,15,36,17,70,49,49,49,25,25,39,12,26,26,28,42,42,46,46,46,0],"gold":22,"neow_bonus":"REMOVE_TWO","is_prod":false,"is_daily":false,"chose_seed":false,"campfire_upgraded":1,"win_rate":0,"timestamp":1532106854,"path_taken":["M","?","?","M","?","R","?","M","T","M","M","M","M","M","R","BOSS","M","?","?","M","$","R","E","R","T","M","R","?","M","$","R","BOSS"],"build_version":"2018-07-19v2","purchased_purges":2,"victory":false,"max_hp_per_floor":[70,70,70,70,70,70,70,70,70,70,70,70,70,70,70,70,70,70,49,49,49,49,49,49,49,49,49,49,49,49,49,49,49],"card_choices":[{"not_picked":["Riddle With Holes","Blur"],"picked":"Acrobatics","floor":1},{"not_picked":["Underhanded Strike","Prepared","Caltrops"],"picked":"SKIP","floor":4},{"not_picked":["Prepared","Masterful Stab"],"picked":"Poisoned Stab","floor":7},{"not_picked":["Flying Knee","Flechettes"],"picked":"Backflip","floor":8},{"not_picked":["Eviscerate","Expertise"],"picked":"Poisoned Stab","floor":10},{"not_picked":["Acrobatics","PiercingWail"],"picked":"Dagger Spray","floor":11},{"not_picked":["Bane","Prepared","Flechettes"],"picked":"SKIP","floor":12},{"not_picked":["Cloak And Dagger","Sucker Punch","Backflip"],"picked":"SKIP","floor":13},{"not_picked":["Wraith Form v2","Dodge and Roll"],"picked":"Noxious Fumes","floor":14},{"not_picked":["Doppelganger","Grand Finale"],"picked":"Unload","floor":16},{"not_picked":["Distraction","Slice"],"picked":"Cloak And Dagger+1","floor":18},{"not_picked":["Outmaneuver","Acrobatics","Endless Agony"],"picked":"SKIP","floor":21},{"not_picked":["Dodge and Roll+1","Tactician"],"picked":"Backflip","floor":24},{"not_picked":["Bullet Time","Underhanded Strike"],"picked":"Escape Plan+1","floor":27},{"not_picked":["Concentrate","Backflip","Cloak And Dagger"],"picked":"SKIP","floor":30}],"player_experience":127399,"relics_obtained":[{"floor":7,"key":"Odd Mushroom"},{"floor":9,"key":"MawBank"},{"floor":24,"key":"Mummified Hand"},{"floor":26,"key":"Lantern"}],"event_choices":[{"event_name":"World of Goop","player_choice":"Gather Gold","floor":2,"damage_taken":0},{"event_name":"Golden Idol","player_choice":"Take Wound","floor":3,"damage_taken":0},{"event_name":"Golden Wing","player_choice":"Card Removal","floor":5,"damage_taken":0},{"event_name":"Mushrooms","player_choice":"Fought Mushrooms","floor":7,"damage_taken":0},{"event_name":"Vampires","player_choice":"Became a vampire","floor":19,"damage_taken":0},{"event_name":"Purifier","player_choice":"One Purge","floor":29,"damage_taken":0}],"is_beta":false,"boss_relics":[{"not_picked":["Orrery","Runic Pyramid"],"picked":"Pandora\u0027s Box"}],"items_purged_floors":[20,22],"is_endless":false,"potions_floor_spawned":[1,4,11,13,16,21,24],"killed_by":"Collector","ascension_level":1}