{"gold_per_floor":[119,134,134,153,153,153,185,201,270,270,25,25,36,47,47,152,152,162,261,248,267,277,306,306,66,66,66,86,115,115,145,145,250,250,261,278,378,391,52,77,77],"floor_reached":41,"playtime":5239,"items_purged":["Clash","Strike_R"],"score":483,"play_id":"0a1b8f0a-2f2e-4947-8412-77b9a653f51c","local_time":"20190614221311","is_ascension_mode":false,"campfire_choices":[{"data":"Rage","floor":6.0,"key":"SMITH"},{"data":"Flex","floor":12.0,"key":"SMITH"},{"data":"Metallicize","floor":15.0,"key":"SMITH"},{"data":"Juggernaut","floor":24.0,"key":"SMITH"},{"data":"Seeing Red","floor":27.0,"key":"SMITH"},{"data":"Dual Wield","floor":32.0,"key":"SMITH"}],"neow_cost":"NONE","seed_source_timestamp":0,"circlet_count":0,"master_deck":["Strike_R+1","Strike_R","Strike_R","Defend_R","Defend_R","Defend_R","Defend_R","Headbutt","Rage+1","Cleave","Shrug It Off","Iron Wave","Flash of Steel+1","Metallicize+1","Flex+1","Twin Strike","Juggernaut+1","Ghostly Armor","Dual Wield+1","Seeing Red+1","Ghostly Armor","Shrug It Off","Shrug It Off","Bludgeon","Flame Barrier+1","Body Slam+1","Battle Trance"],"special_seed":0,"relics":["Burning Blood","Du-Vu Doll","Omamori","Mercury Hourglass","Cursed Key","Anchor","Lee\u0027s Waffle","Paper Frog","Whetstone","Ancient Tea Set","Black Star","MealTicket","WingedGreaves","Letter Opener"],"potions_floor_usage":[],"damage_taken":[{"damage":0.0,"enemies":"2 Louse","floor":1.0,"turns":3.0},{"damage":1.0,"enemies":"Cultist","floor":2.0,"turns":4.0},{"damage":2.0,"enemies":"Jaw Worm","floor":4.0,"turns":4.0},{"damage":42.0,"enemies":"Lagavulin","floor":7.0,"turns":9.0},{"damage":7.0,"enemies":"3 Louse","floor":8.0,"turns":3.0},{"damage":0.0,"enemies":"Gremlin Gang","floor":13.0,"turns":4.0},{"damage":0.0,"enemies":"Exordium Thugs","floor":14.0,"turns":4.0},{"damage":22.0,"enemies":"The Guardian","floor":16.0,"turns":14.0},{"damage":2.0,"enemies":"Spheric Guardian","floor":18.0,"turns":3.0},{"damage":1.0,"enemies":"2 Thieves","floor":20.0,"turns":4.0},{"damage":18.0,"enemies":"Cultist and Chosen","floor":21.0,"turns":6.0},{"damage":9.0,"enemies":"Snecko","floor":22.0,"turns":6.0},{"damage":39.0,"enemies":"Slavers","floor":23.0,"turns":5.0},{"damage":1.0,"enemies":"Snake Plant","floor":28.0,"turns":3.0},{"damage":23.0,"enemies":"Gremlin Leader","floor":29.0,"turns":6.0},{"damage":7.0,"enemies":"Book of Stabbing","floor":31.0,"turns":4.0},{"damage":50.0,"enemies":"Champ","floor":33.0,"turns":12.0},{"damage":0,"enemies":"3 Shapes","floor":35,"turns":4},{"damage":3,"enemies":"Orb Walker","floor":36,"turns":4},{"damage":7,"enemies":"4 Shapes","floor":38,"turns":6},{"damage":85,"enemies":"Giant Head","floor":40,"turns":10},{"damage":16,"enemies":"Maw","floor":41,"turns":6}],"seed_played":"3447875987032129089","potions_obtained":[{"floor":2.0,"key":"PowerPotion"},{"floor":8.0,"key":"FearPotion"},{"floor":14.0,"key":"Poison Potion"},{"floor":23.0,"key":"EssenceOfSteel"},{"floor":28.0,"key":"LiquidBronze"},{"floor":29.0,"key":"Weak Potion"}],"is_trial":false,"path_per_floor":["M","M","?","M","?","R","E","M","T","?","$","R","M","M","R","B",null,"M","?","M","M","M","E","R","$","T","R","M","E","?","E","R","B",null,"M","M","?","M","$","E","M"],"character_chosen":"IRONCLAD","items_purchased":["Flash of Steel","Metallicize","Flex","Lee\u0027s Waffle","Shrug It Off","MealTicket","Battle Trance"],"campfire_rested":0,"item_purchase_floors":[11,11,11,25,25,39,39],"current_hp_per_floor":[80,80,80,80,85,85,49,48,48,48,48,48,54,60,60,44,85,85,85,85,73,70,37,37,92,92,92,92,75,75,74,74,30,92,92,92,92,91,91,12,0],"gold":77,"neow_bonus":"REMOVE_CARD","is_prod":false,"is_daily":false,"chose_seed":false,"campfire_upgraded":6,"win_rate":0.0,"timestamp":1560543191,"path_taken":["M","M","?","?","?","R","E","M","T","?","$","R","?","M","R","BOSS","M","?","M","M","M","E","R","$","T","R","M","E","?","E","R","BOSS","M","?","?","M","$","E","M"],"build_version":"2019-01-23","purchased_purges":2,"victory":false,"max_hp_per_floor":[80,80,80,80,85,85,85,85,85,85,85,85,85,85,85,85,85,85,85,85,85,85,85,85,92,92,92,92,92,92,92,92,92,92,92,92,92,92,92,92,92],"card_choices":[{"not_picked":["Heavy Blade","Perfected Strike"],"picked":"Headbutt","floor":1.0},{"not_picked":["Heavy Blade","Pummel"],"picked":"Rage","floor":2.0},{"not_picked":["Shockwave","Clash"],"picked":"Cleave","floor":4.0},{"not_picked":["Second Wind","Dark Embrace"],"picked":"Shrug It Off","floor":7.0},{"not_picked":["Rupture","Flex"],"picked":"Iron Wave","floor":8.0},{"not_picked":["Body Slam","Carnage"],"picked":"Twin Strike","floor":13.0},{"not_picked":["Dark Embrace","Corruption","Anger"],"picked":"SKIP","floor":14.0},{"not_picked":["Offering","Reaper"],"picked":"Juggernaut","floor":16.0},{"not_picked":["Uppercut","Heavy Blade"],"picked":"Ghostly Armor","floor":18.0},{"not_picked":["Perfected Strike","Shrug It Off"],"picked":"Dual Wield","floor":20.0},{"not_picked":["Clash","Armaments","Fiend Fire"],"picked":"SKIP","floor":21.0},{"not_picked":["Reckless Charge","Wild Strike"],"picked":"Seeing Red","floor":22.0},{"not_picked":["Immolate","Feel No Pain+1"],"picked":"Ghostly Armor","floor":23.0},{"not_picked":["Cleave","Thunderclap","Armaments"],"picked":"SKIP","floor":28.0},{"not_picked":["Corruption","Evolve"],"picked":"Shrug It Off","floor":29.0},{"not_picked":["Sword Boomerang","Immolate","Bloodletting"],"picked":"SKIP","floor":31.0},{"not_picked":["Brutality","Dark Embrace"],"picked":"Bludgeon","floor":33.0},{"not_picked":["Reckless Charge+1","Hemokinesis+1","True Grit"],"picked":"SKIP","floor":35},{"not_picked":["Shockwave+1","Pummel+1"],"picked":"Flame Barrier+1","floor":36},{"not_picked":["Intimidate+1","Clothesline+1"],"picked":"Body Slam+1","floor":38},{"not_picked":["Power Through","Warcry+1","Twin Strike"],"picked":"SKIP","floor":40}],"player_experience":40588,"relics_obtained":[{"floor":3.0,"key":"Du-Vu Doll"},{"floor":7.0,"key":"Omamori"},{"floor":9.0,"key":"Mercury Hourglass"},{"floor":23.0,"key":"Anchor"},{"floor":26.0,"key":"Paper Frog"},{"floor":29.0,"key":"Whetstone"},{"floor":31.0,"key":"Ancient Tea Set"},{"floor":40,"key":"WingedGreaves"},{"floor":40,"key":"Letter Opener"}],"event_choices":[{"damage_healed":0.0,"max_hp_gain":0.0,"max_hp_loss":0.0,"gold_gain":0.0,"event_name":"Wheel of Change","player_choice":"Relic","floor":3.0,"gold_loss":0.0,"damage_taken":0.0},{"damage_healed":0.0,"max_hp_gain":5.0,"max_hp_loss":0.0,"gold_gain":0.0,"event_name":"Big Fish","player_choice":"Donut","floor":5.0,"gold_loss":0.0,"damage_taken":0.0},{"damage_healed":0.0,"max_hp_gain":0.0,"max_hp_loss":0.0,"gold_gain":0.0,"cards_transformed":["Strike_R"],"event_name":"Transmorgrifier","player_choice":"Transformed","floor":10.0,"gold_loss":0.0,"damage_taken":0.0,"cards_obtained":["Clash"]},{"damage_healed":0.0,"max_hp_gain":0.0,"max_hp_loss":0.0,"gold_gain":99.0,"event_name":"Nest","player_choice":"Stole From Cult","floor":19.0,"gold_loss":0.0,"damage_taken":0.0},{"damage_healed":0.0,"max_hp_gain":0.0,"max_hp_loss":0.0,"gold_gain":0.0,"event_name":"FaceTrader","player_choice":"Leave","floor":30.0,"gold_loss":0.0,"damage_taken":0.0},{"damage_healed":0,"gold_gain":100,"player_choice":"Pray","damage_taken":0,"max_hp_gain":0,"max_hp_loss":0,"event_name":"Golden Shrine","floor":37,"gold_loss":0}],"is_beta":false,"boss_relics":[{"not_picked":["Mark of Pain","Runic Dome"],"picked":"Cursed Key"},{"not_picked":["Empty Cage","White Beast Statue"],"picked":"Black Star"}],"items_purged_floors":[11,39],"is_endless":false,"potions_floor_spawned":[2,8,14,20,23,28,29,36,38,40],"killed_by":"Maw","ascension_level":0}