{"gold_per_floor":[113,126,126,91,91,91,109,144,144,107,140,140,155,179,179,308,308,324,177,177,177,197,197],"floor_reached":23,"playtime":3149,"items_purged":[],"score":286,"play_id":"9daf002e-747c-41a2-af5e-386444160fa1","local_time":"20180809143728","is_ascension_mode":true,"campfire_choices":[{"data":"Dagger Spray","floor":6,"key":"SMITH"},{"data":"Bullet Time","floor":15,"key":"SMITH"}],"neow_cost":"","seed_source_timestamp":3794816118588151,"circlet_count":0,"master_deck":["Defend_G","Defend_G+1","Defend_G","Defend_G","Strike_G","Strike_G","Survivor","Neutralize","Cloak And Dagger","Dagger Spray+1","Backflip","Deflect","Footwork","Bullet Time+1","Infinite Blades","Backstab","Burst+1","Deflect","RitualDagger"],"relics":["Ring of the Snake","Golden Idol","Sundial","Kunai","Bronze Scales","GremlinMask","Empty Cage","War Paint"],"potions_floor_usage":[11],"damage_taken":[{"damage":5,"enemies":"2 Louse","floor":1,"turns":3},{"damage":1,"enemies":"Jaw Worm","floor":2,"turns":5},{"damage":1,"enemies":"Cultist","floor":7,"turns":3},{"damage":15,"enemies":"3 Sentries","floor":8,"turns":8},{"damage":1,"enemies":"Lagavulin","floor":11,"turns":16},{"damage":2,"enemies":"3 Louse","floor":13,"turns":4},{"damage":0,"enemies":"Exordium Wildlife","floor":14,"turns":4},{"damage":0,"enemies":"Hexaghost","floor":16,"turns":12},{"damage":4,"enemies":"Shell Parasite","floor":18,"turns":8},{"damage":11,"enemies":"Spheric Guardian","floor":22,"turns":6},{"damage":13,"enemies":"Slavers","floor":23,"turns":2}],"seed_played":"-4520962316832506803","potions_obtained":[{"floor":8,"key":"Fire Potion"},{"floor":14,"key":"GhostInAJar"},{"floor":16,"key":"FearPotion"}],"is_trial":false,"path_per_floor":["M","M","?","?","?","R","M","E","T","$","E","?","M","M","R","B",null,"M","$","?","?","M"],"character_chosen":"THE_SILENT","items_purchased":["Footwork","War Paint"],"campfire_rested":0,"item_purchase_floors":[10,19],"current_hp_per_floor":[65,64,47,64,64,64,63,48,48,48,47,47,45,45,45,45,70,66,66,60,60,49,36],"gold":197,"neow_bonus":"","is_prod":false,"is_daily":false,"chose_seed":false,"campfire_upgraded":2,"win_rate":0,"timestamp":1533843448,"path_taken":["M","M","?","?","?","R","?","E","T","?","E","?","M","M","R","BOSS","M","$","?","?","?","E"],"build_version":"2018-08-02","purchased_purges":0,"victory":false,"max_hp_per_floor":[70,70,70,70,70,70,70,70,70,70,70,70,70,70,70,70,70,70,70,70,70,70,70],"card_choices":[{"not_picked":["Slice","Bouncing Flask"],"picked":"Cloak And Dagger","floor":1},{"not_picked":["Endless Agony","Terror"],"picked":"Dagger Spray","floor":2},{"not_picked":["Calculated Gamble","Slice"],"picked":"Backflip","floor":7},{"not_picked":["Outmaneuver","Escape Plan"],"picked":"Deflect","floor":8},{"not_picked":["Dagger Spray","Tactician"],"picked":"Bullet Time","floor":11},{"not_picked":["All Out Attack","Prepared"],"picked":"Infinite Blades","floor":13},{"not_picked":["Finisher","Poisoned Stab"],"picked":"Backstab","floor":14},{"not_picked":["Bullet Time","Venomology"],"picked":"Burst","floor":16},{"not_picked":["PiercingWail+1","All Out Attack"],"picked":"Deflect","floor":18},{"not_picked":["Dagger Throw","Deflect","All Out Attack"],"picked":"SKIP","floor":22}],"player_experience":468179,"relics_obtained":[{"floor":8,"key":"Sundial"},{"floor":9,"key":"Kunai"},{"floor":11,"key":"Bronze Scales"}],"event_choices":[{"event_name":"Golden Idol","player_choice":"Take Damage","floor":3,"damage_taken":0},{"event_name":"The Cleric","player_choice":"Healed","floor":4,"damage_taken":0},{"event_name":"Living Wall","player_choice":"Forget","floor":5,"damage_taken":0},{"event_name":"FaceTrader","player_choice":"Trade","floor":12,"damage_taken":0},{"event_name":"Nest","player_choice":"Joined the Cult","floor":20,"damage_taken":0},{"event_name":"Back to Basics","player_choice":"Elegance","floor":21,"damage_taken":0}],"is_beta":false,"boss_relics":[{"not_picked":["Velvet Choker","Philosopher\u0027s Stone"],"picked":"Empty Cage"}],"items_purged_floors":[],"is_endless":false,"potions_floor_spawned":[8,14,16],"killed_by":"Slavers","ascension_level":3}