{"gold_per_floor":[111,13,26,41,41,41,17,17,17,17,17,17,17,28,28,129,129,144,154,254,4,4,4,4,37,37,37,118,118,129,180,180,180],"floor_reached":33,"playtime":2443,"items_purged":["Defend_R"],"score":249,"play_id":"dea3cc39-fc28-4fc2-8f61-1542be067e18","local_time":"20180625114826","is_ascension_mode":false,"campfire_choices":[{"data":"Seeing Red","floor":6,"key":"SMITH"},{"data":"Armaments","floor":8,"key":"SMITH"},{"data":"Flex","floor":10,"key":"SMITH"},{"data":"Iron Wave","floor":12,"key":"SMITH"},{"data":"Twin Strike","floor":15,"key":"SMITH"},{"data":"Bludgeon","floor":23,"key":"SMITH"},{"floor":27,"key":"REST"},{"data":"Rage","floor":29,"key":"SMITH"},{"floor":32,"key":"REST"}],"neow_cost":"NONE","seed_source_timestamp":2848358102824361,"circlet_count":0,"master_deck":["Strike_R","Strike_R","Strike_R","Defend_R","Defend_R","Defend_R","Bash","Thunderclap","Flex+1","Seeing Red+1","Rage+1","Iron Wave+1","Twin Strike+1","Battle Trance","Impervious","Perfected Strike+1","Clash+1","Thunderclap","Bludgeon+1","Blood for Blood","Searing Blow+1"],"relics":["Burning Blood","Bag of Preparation","Eternal Feather","Lantern","Ancient Tea Set","Molten Egg 2","Boot"],"potions_floor_usage":[18,18,19,33],"damage_taken":[{"damage":6,"enemies":"Cultist","floor":1,"turns":5},{"damage":8,"enemies":"Jaw Worm","floor":3,"turns":3},{"damage":11,"enemies":"Small Slimes","floor":4,"turns":3},{"damage":0,"enemies":"Blue Slaver","floor":14,"turns":2},{"damage":56,"enemies":"Hexaghost","floor":16,"turns":13},{"damage":35,"enemies":"3 Byrds","floor":18,"turns":7},{"damage":3,"enemies":"Shell Parasite","floor":19,"turns":7},{"damage":58,"enemies":"Slavers","floor":25,"turns":5},{"damage":10,"enemies":"Snecko","floor":30,"turns":3},{"damage":83,"enemies":"Automaton","floor":33,"turns":8}],"seed_played":"-8114150237045707061","potions_obtained":[{"floor":3,"key":"Regen Potion"},{"floor":16,"key":"EssenceOfSteel"},{"floor":30,"key":"AttackPotion"}],"is_trial":false,"path_per_floor":["M","$","M","M","?","R","$","R","T","R","?","R","?","M","R","B",null,"M","M","?","$","?","R","$","E","T","R","T","R","M","T","R"],"character_chosen":"IRONCLAD","items_purchased":["Flex","Seeing Red","Iron Wave","Thunderclap","Bludgeon"],"campfire_rested":2,"item_purchase_floors":[2,2,7,21,21],"current_hp_per_floor":[80,80,78,73,73,73,73,73,73,73,73,73,73,79,79,29,80,63,66,66,66,71,77,77,25,25,57,57,65,61,61,80,0],"gold":180,"neow_bonus":"THREE_SMALL_POTIONS","is_prod":false,"is_daily":false,"chose_seed":false,"campfire_upgraded":7,"win_rate":0.0,"timestamp":1529945306,"path_taken":["M","$","M","M","?","R","$","R","T","R","?","R","?","M","R","BOSS","M","M","?","?","?","R","?","E","T","R","?","R","?","?","R","BOSS"],"build_version":"2018-06-21v2","purchased_purges":1,"victory":false,"max_hp_per_floor":[80,80,80,80,80,80,80,80,80,80,80,80,80,80,80,80,80,80,80,80,80,80,80,80,80,80,80,80,80,80,80,80,80],"card_choices":[{"not_picked":["Clash","Sword Boomerang"],"picked":"Thunderclap","floor":1},{"not_picked":["Anger","Iron Wave"],"picked":"Armaments","floor":3},{"not_picked":["Body Slam","Inflame"],"picked":"Rage","floor":4},{"not_picked":["Rampage","Metallicize"],"picked":"Battle Trance","floor":14},{"not_picked":["Bludgeon","Dark Embrace"],"picked":"Impervious","floor":16},{"not_picked":["Body Slam+1","Twin Strike"],"picked":"Perfected Strike+1","floor":18},{"not_picked":["Rupture","Twin Strike"],"picked":"Clash+1","floor":19},{"not_picked":["Disarm","Anger"],"picked":"Blood for Blood","floor":25},{"not_picked":["Offering","Headbutt+1"],"picked":"Searing Blow+1","floor":30}],"player_experience":5272,"relics_obtained":[{"floor":9,"key":"Bag of Preparation"},{"floor":25,"key":"Lantern"},{"floor":26,"key":"Ancient Tea Set"},{"floor":28,"key":"Molten Egg 2"},{"floor":31,"key":"Boot"}],"event_choices":[{"event_name":"Purifier","player_choice":"One Purge","floor":5,"damage_taken":0},{"event_name":"The Cleric","player_choice":"Leave","floor":11,"damage_taken":0},{"event_name":"Transmorgrifier","player_choice":"Transform","floor":13,"damage_taken":0},{"event_name":"Golden Shrine","player_choice":"Pray","floor":20,"damage_taken":0},{"event_name":"Bonfire Elementals","player_choice":"COMMON","floor":22,"damage_taken":0}],"boss_relics":[{"not_picked":["Busted Crown","Empty Cage"],"picked":"Eternal Feather"}],"items_purged_floors":[21],"is_endless":false,"potions_floor_spawned":[3,16,30],"killed_by":"Automaton","ascension_level":0}