{"gold_per_floor":[115,128,303,322,12,12,27,27,97,97,107,107,124,154,154,254,254,274,289,289,299,318,318,318,352,352,370,69,83,83,102,102,206,206,224,244,257,9,25,25,25],"floor_reached":41,"playtime":3486,"items_purged":["Doubt","Defend_B"],"score":524,"play_id":"19987efd-01f1-4539-b5d5-3a56d5c4ac7e","local_time":"20190625174221","is_ascension_mode":true,"campfire_choices":[{"floor":6,"key":"RECALL"},{"floor":8,"key":"REST"},{"floor":15,"key":"REST"},{"floor":23,"key":"REST"},{"floor":30,"key":"REST"},{"data":"Redo","floor":32,"key":"SMITH"},{"floor":40,"key":"REST"}],"neow_cost":"NONE","seed_source_timestamp":882362294863900,"circlet_count":0,"master_deck":["Strike_B","Strike_B","Strike_B","Defend_B","Defend_B","Defend_B","Zap","Dualcast","Steam","Cold Snap+1","Redo+1","Core Surge","Genetic Algorithm","Compile Driver","Ball Lightning","Sweeping Beam","Ball Lightning","Seek","Cold Snap+1","FTL","Go for the Eyes","Compile Driver","Tempest","Reboot","Go for the Eyes+1"],"relics":["Cracked Core","Strawberry","Dream Catcher","Cables","Busted Crown","Frozen Egg 2","Whetstone","DataDisk","Regal Pillow","Nuclear Battery","Blood Vial"],"potions_floor_usage":[14,16,20,33,33,33,41],"damage_taken":[{"damage":5,"enemies":"Small Slimes","floor":1,"turns":3},{"damage":3,"enemies":"2 Louse","floor":2,"turns":3},{"damage":5,"enemies":"Jaw Worm","floor":4,"turns":5},{"damage":16,"enemies":"Exordium Thugs","floor":7,"turns":4},{"damage":3,"enemies":"Large Slime","floor":11,"turns":6},{"damage":7,"enemies":"Red Slaver","floor":13,"turns":3},{"damage":16,"enemies":"Lagavulin","floor":14,"turns":5},{"damage":31,"enemies":"Slime Boss","floor":16,"turns":8},{"damage":7,"enemies":"3 Byrds","floor":18,"turns":4},{"damage":6,"enemies":"Chosen","floor":19,"turns":5},{"damage":16,"enemies":"Colosseum Slavers","floor":20,"turns":3},{"damage":12,"enemies":"Snecko","floor":21,"turns":5},{"damage":19,"enemies":"Snake Plant","floor":22,"turns":4},{"damage":27,"enemies":"Gremlin Leader","floor":25,"turns":6},{"damage":10,"enemies":"Centurion and Healer","floor":27,"turns":4},{"damage":0,"enemies":"Cultist and Chosen","floor":29,"turns":4},{"damage":6,"enemies":"Snake Plant","floor":31,"turns":3},{"damage":14,"enemies":"Collector","floor":33,"turns":7},{"damage":10,"enemies":"3 Shapes","floor":35,"turns":4},{"damage":18,"enemies":"3 Darklings","floor":36,"turns":4},{"damage":34,"enemies":"Maw","floor":37,"turns":7},{"damage":5,"enemies":"Sphere and 2 Shapes","floor":39,"turns":3},{"damage":92,"enemies":"Giant Head","floor":41,"turns":8}],"seed_played":"7624976757126785702","potions_obtained":[{"floor":2,"key":"Explosive Potion"},{"floor":13,"key":"FocusPotion"},{"floor":14,"key":"LiquidBronze"},{"floor":18,"key":"Strength Potion"},{"floor":19,"key":"Poison Potion"},{"floor":29,"key":"SpeedPotion"},{"floor":31,"key":"Energy Potion"},{"floor":39,"key":"Poison Potion"}],"is_trial":false,"path_per_floor":["M","M","?","M","$","R","M","R","T","?","M","?","M","E","R","B",null,"M","M","?","M","M","R","?","E","T","M","$","M","R","M","R","B",null,"M","M","M","$","M","R","E"],"character_chosen":"DEFECT","items_purchased":["Core Surge","Genetic Algorithm","DataDisk","Regal Pillow","Blood Vial"],"campfire_rested":5,"item_purchase_floors":[5,5,28,28,38],"current_hp_per_floor":[77,74,74,69,69,69,53,77,77,77,74,74,67,51,75,44,73,66,60,44,32,13,37,82,55,55,45,45,45,82,76,76,62,77,67,49,15,15,12,51,0],"gold":25,"neow_bonus":"RANDOM_COMMON_RELIC","is_prod":false,"is_daily":false,"chose_seed":false,"campfire_upgraded":1,"win_rate":0,"timestamp":1561509741,"path_taken":["M","M","?","M","$","R","M","R","T","?","M","?","?","E","R","BOSS","M","M","?","M","M","R","?","E","T","M","$","M","R","M","R","BOSS","M","M","M","$","M","R","E"],"build_version":"2019-01-23","purchased_purges":2,"victory":false,"max_hp_per_floor":[82,82,82,82,82,82,82,82,82,82,82,82,82,82,82,82,82,82,82,82,82,82,82,82,82,82,82,82,82,82,82,82,82,82,82,82,82,82,82,82,82],"card_choices":[{"not_picked":["Conserve Battery","Beam Cell"],"picked":"Steam","floor":1},{"not_picked":["Barrage","Beam Cell"],"picked":"Cold Snap","floor":2},{"not_picked":["Steam","Turbo"],"picked":"Redo","floor":4},{"not_picked":["Gash","Lockon"],"picked":"Compile Driver","floor":7},{"not_picked":["Amplify","Stack"],"picked":"Ball Lightning","floor":11},{"not_picked":["Hologram","Stack"],"picked":"Sweeping Beam","floor":13},{"not_picked":["Heatsinks","Streamline"],"picked":"Undo","floor":14},{"not_picked":["Steam Power","Hello World"],"picked":"Ball Lightning","floor":15},{"not_picked":["Fission","Creative AI"],"picked":"Seek","floor":16},{"not_picked":[],"picked":"Cold Snap","floor":18},{"not_picked":["Aggregate+1"],"picked":"SKIP","floor":19},{"not_picked":[],"picked":"FTL","floor":21},{"not_picked":["Gash"],"picked":"SKIP","floor":22},{"not_picked":[],"picked":"Go for the Eyes","floor":25},{"not_picked":["Stack"],"picked":"SKIP","floor":27},{"not_picked":[],"picked":"Compile Driver","floor":29},{"not_picked":[],"picked":"Tempest","floor":31},{"not_picked":[],"picked":"Reboot","floor":33},{"not_picked":[],"picked":"Go for the Eyes+1","floor":35},{"not_picked":["Barrage"],"picked":"SKIP","floor":36},{"not_picked":["Leap+1"],"picked":"SKIP","floor":37},{"not_picked":["Recycle"],"picked":"SKIP","floor":39}],"player_experience":554965,"relics_obtained":[{"floor":14,"key":"Cables"},{"floor":25,"key":"Frozen Egg 2"},{"floor":26,"key":"Whetstone"}],"event_choices":[{"damage_healed":0,"gold_gain":175,"player_choice":"AGREE","damage_taken":0,"max_hp_gain":0,"max_hp_loss":0,"event_name":"Liars Game","floor":3,"gold_loss":0,"cards_obtained":["Doubt"]},{"damage_healed":0,"gold_gain":0,"player_choice":"Searched \u00271\u0027 times","damage_taken":0,"relics_obtained":["Dream Catcher"],"max_hp_gain":0,"max_hp_loss":0,"event_name":"Dead Adventurer","floor":10,"gold_loss":0},{"cards_removed":["Strike_B"],"damage_healed":0,"gold_gain":0,"player_choice":"Forget","damage_taken":0,"max_hp_gain":0,"max_hp_loss":0,"event_name":"Living Wall","floor":12,"gold_loss":0},{"damage_healed":0,"gold_gain":0,"player_choice":"Fight","damage_taken":0,"max_hp_gain":0,"max_hp_loss":0,"event_name":"Colosseum","floor":20,"gold_loss":0},{"damage_healed":0,"gold_gain":0,"player_choice":"Fled From Nobs","damage_taken":0,"max_hp_gain":0,"max_hp_loss":0,"event_name":"Colosseum","floor":20,"gold_loss":0},{"cards_removed":["Undo"],"damage_healed":45,"gold_gain":0,"player_choice":"Offered Uncommon","damage_taken":0,"max_hp_gain":0,"max_hp_loss":0,"event_name":"Bonfire Elementals","floor":24,"gold_loss":0}],"is_beta":false,"boss_relics":[{"not_picked":["Tiny House","Runic Dome"],"picked":"Busted Crown"},{"not_picked":["Fusion Hammer","Black Star"],"picked":"Nuclear Battery"}],"items_purged_floors":[5,38],"is_endless":false,"potions_floor_spawned":[2,13,14,18,19,29,31,39],"killed_by":"Giant Head","ascension_level":5}