{"gold_per_floor":[112,187,202,202,202,202,235,257,315,353,540,552,564],"floor_reached":13,"playtime":1085,"items_purged":[],"score":137,"play_id":"604573fc-775c-4e28-9dda-48d283b497b1","local_time":"20181028175405","is_ascension_mode":true,"campfire_choices":[{"data":"Dodge and Roll","floor":6,"key":"SMITH"}],"neow_cost":"CURSE","seed_source_timestamp":955354663200800,"circlet_count":0,"master_deck":["Defend_G","Defend_G","Defend_G","Defend_G","Defend_G","Strike_G","Strike_G","Strike_G","Strike_G","Strike_G","Survivor","Neutralize","AscendersBane","Infinite Blades","Dodge and Roll+1","Backflip","Footwork","Blade Dance","Doubt","Parasite"],"relics":["Ring of the Snake","MawBank","Potion Belt","Juzu Bracelet"],"potions_floor_usage":[7],"damage_taken":[{"damage":2,"enemies":"Jaw Worm","floor":1,"turns":7},{"damage":4,"enemies":"Small Slimes","floor":3,"turns":4},{"damage":36,"enemies":"Gremlin Nob","floor":7,"turns":7},{"damage":0,"enemies":"Cultist","floor":8,"turns":5},{"damage":14,"enemies":"3 Sentries","floor":10,"turns":15},{"damage":39,"enemies":"Gremlin Nob","floor":13,"turns":6}],"seed_played":"-9091244164843904556","potions_obtained":[{"floor":3,"key":"GhostInAJar"},{"floor":7,"key":"Explosive Potion"}],"is_trial":false,"path_per_floor":["M","?","M","?","?","R","E","M","T","E","?","?"],"character_chosen":"THE_SILENT","items_purchased":[],"campfire_rested":0,"item_purchase_floors":[],"current_hp_per_floor":[75,64,60,53,81,81,45,45,45,31,31,52,13],"gold":564,"neow_bonus":"TWENTY_PERCENT_HP_BONUS","is_prod":false,"is_daily":false,"chose_seed":false,"campfire_upgraded":1,"win_rate":0,"timestamp":1540767245,"path_taken":["M","?","M","?","?","R","E","M","T","E","?","?","E"],"build_version":"2018-10-25v2","purchased_purges":0,"victory":false,"max_hp_per_floor":[84,84,84,84,84,84,84,84,84,84,84,84,84],"card_choices":[{"not_picked":["Acrobatics","Caltrops"],"picked":"Infinite Blades","floor":1},{"not_picked":["Flechettes","Underhanded Strike"],"picked":"Dodge and Roll","floor":3},{"not_picked":["Calculated Gamble","Distraction"],"picked":"Backflip","floor":7},{"not_picked":["Slice","Tactician"],"picked":"Footwork","floor":8},{"not_picked":["Outmaneuver","Concentrate"],"picked":"Blade Dance","floor":10}],"player_experience":881437,"relics_obtained":[{"floor":7,"key":"MawBank"},{"floor":9,"key":"Potion Belt"},{"floor":10,"key":"Juzu Bracelet"}],"event_choices":[{"damage_healed":0,"gold_gain":75,"player_choice":"Gather Gold","damage_taken":11,"max_hp_gain":0,"max_hp_loss":0,"event_name":"World of Goop","floor":2,"gold_loss":0},{"cards_removed":["Writhe"],"damage_healed":0,"gold_gain":0,"player_choice":"Card Removal","damage_taken":7,"max_hp_gain":0,"max_hp_loss":0,"event_name":"Golden Wing","floor":4,"gold_loss":0},{"damage_healed":28,"gold_gain":0,"player_choice":"Banana","damage_taken":0,"max_hp_gain":0,"max_hp_loss":0,"event_name":"Big Fish","floor":5,"gold_loss":0},{"damage_healed":0,"gold_gain":175,"player_choice":"AGREE","damage_taken":0,"max_hp_gain":0,"max_hp_loss":0,"event_name":"Liars Game","floor":11,"gold_loss":0,"cards_obtained":["Doubt"]},{"damage_healed":21,"gold_gain":0,"player_choice":"Healed and dodged fight","damage_taken":0,"max_hp_gain":0,"max_hp_loss":0,"event_name":"Mushrooms","floor":12,"gold_loss":0,"cards_obtained":["Parasite"]}],"is_beta":false,"boss_relics":[],"items_purged_floors":[],"is_endless":false,"potions_floor_spawned":[3,7],"killed_by":"Gremlin Nob","ascension_level":10}