{"gold_per_floor":[213,213,228,8,26,62,62,112,136,136,177,177,207,231,231,231],"floor_reached":16,"playtime":571,"items_purged":[],"score":216,"play_id":"1feb44c1-331d-441f-88b1-53dbd8d185a9","local_time":"20190625174944","is_ascension_mode":true,"campfire_choices":[{"data":"Zap","floor":7,"key":"SMITH"},{"data":"Melter","floor":10,"key":"SMITH"},{"floor":12,"key":"REST"},{"floor":15,"key":"REST"}],"neow_cost":"NONE","seed_source_timestamp":18965788256204,"circlet_count":0,"master_deck":["AscendersBane","Strike_B","Strike_B","Strike_B","Strike_B","Defend_B","Defend_B","Defend_B","Defend_B","Zap+1","Dualcast","Melter+1","Cold Snap","Conserve Battery","Capacitor","Genetic Algorithm"],"relics":["Cracked Core","Golden Idol","Chemical X","Juzu Bracelet","Ancient Tea Set","Strawberry","Letter Opener"],"potions_floor_usage":[6,14],"damage_taken":[{"damage":1,"enemies":"Cultist","floor":1,"turns":3},{"damage":12,"enemies":"Jaw Worm","floor":3,"turns":3},{"damage":0,"enemies":"Small Slimes","floor":5,"turns":2},{"damage":17,"enemies":"3 Sentries","floor":6,"turns":8},{"damage":34,"enemies":"Gremlin Nob","floor":11,"turns":4},{"damage":8,"enemies":"Exordium Thugs","floor":14,"turns":3},{"damage":43,"enemies":"Slime Boss","floor":16,"turns":9}],"seed_played":"-9192294749044259273","potions_obtained":[{"floor":1,"key":"SteroidPotion"},{"floor":5,"key":"PowerPotion"}],"is_trial":false,"path_per_floor":["M","?","M","$","M","E","R","T","T","R","E","R","?","M","R","B"],"character_chosen":"DEFECT","items_purchased":["Chemical X"],"campfire_rested":2,"item_purchase_floors":[4],"current_hp_per_floor":[63,63,51,51,51,34,34,34,41,41,7,28,28,20,41,0],"gold":231,"neow_bonus":"HUNDRED_GOLD","is_prod":false,"is_daily":false,"chose_seed":false,"campfire_upgraded":2,"win_rate":0,"timestamp":1561477784,"path_taken":["M","?","M","$","M","E","R","?","T","R","E","R","?","M","R","BOSS"],"build_version":"2019-01-23","purchased_purges":0,"victory":false,"max_hp_per_floor":[71,64,64,64,64,64,64,64,71,71,71,71,71,71,71,71],"card_choices":[{"not_picked":["Streamline","Conserve Battery"],"picked":"Melter","floor":1},{"not_picked":["Barrage","Static Discharge"],"picked":"Cold Snap","floor":3},{"not_picked":["Streamline","Leap"],"picked":"Conserve Battery","floor":5},{"not_picked":["All For One","Streamline"],"picked":"Capacitor","floor":6},{"not_picked":["Conserve Battery","Beam Cell"],"picked":"Genetic Algorithm","floor":11},{"not_picked":["Conserve Battery","Sweeping Beam","Lockon"],"picked":"SKIP","floor":14}],"player_experience":1422345,"relics_obtained":[{"floor":6,"key":"Juzu Bracelet"},{"floor":8,"key":"Ancient Tea Set"},{"floor":9,"key":"Strawberry"},{"floor":11,"key":"Letter Opener"}],"event_choices":[{"damage_healed":0,"gold_gain":0,"player_choice":"Lose Max HP","damage_taken":0,"relics_obtained":["Golden Idol"],"max_hp_gain":0,"max_hp_loss":7,"event_name":"Golden Idol","floor":2,"gold_loss":0},{"damage_healed":0,"gold_gain":30,"player_choice":"Searched \u00271\u0027 times","damage_taken":0,"max_hp_gain":0,"max_hp_loss":0,"event_name":"Dead Adventurer","floor":13,"gold_loss":0}],"is_beta":false,"boss_relics":[],"items_purged_floors":[],"is_endless":false,"potions_floor_spawned":[1,5],"killed_by":"Slime Boss","ascension_level":20}