{"gold_per_floor":[112,129,129,129,142,142,142,142,442,477,488,488,71,83,83,160,160,170,170,170,196,207,207,226,237,237,70,70,70,70,70],"floor_reached":31,"playtime":1721,"items_purged":[],"score":444,"play_id":"9c083ff3-0f33-438b-8813-dd0d3ad2959a","local_time":"20181010151629","is_ascension_mode":true,"campfire_choices":[{"data":"Thunderclap","floor":6,"key":"SMITH"},{"data":"Iron Wave","floor":8,"key":"SMITH"},{"floor":12,"key":"REST"},{"data":"Twin Strike","floor":15,"key":"SMITH"},{"floor":23,"key":"REST"},{"floor":28,"key":"REST"},{"data":"Ghostly","floor":30,"key":"SMITH"}],"neow_cost":"NONE","seed_source_timestamp":2432967635479337,"circlet_count":0,"master_deck":["Strike_R","Strike_R","Strike_R","Strike_R","Defend_R","Defend_R","Defend_R","Defend_R","Bash","AscendersBane","Twin Strike+1","Thunderclap+1","Iron Wave+1","Flex","Battle Trance","Feed","Infernal Blade","Shrug It Off","Feed","Perfected Strike+1","Perfected Strike","Rampage","Thunderclap","Ghostly+1","Ghostly","Ghostly","Ghostly","Ghostly"],"relics":["Burning Blood","Art of War","Ancient Tea Set","Old Coin","Centennial Puzzle","Pocketwatch","Lizard Tail","Calipers","Red Mask","Gremlin Horn","Happy Flower"],"potions_floor_usage":[16,24,24,25],"damage_taken":[{"damage":1,"enemies":"2 Louse","floor":1,"turns":4},{"damage":1,"enemies":"Cultist","floor":2,"turns":4},{"damage":12,"enemies":"Jaw Worm","floor":5,"turns":3},{"damage":28,"enemies":"3 Sentries","floor":10,"turns":8},{"damage":8,"enemies":"2 Fungi Beasts","floor":11,"turns":4},{"damage":1,"enemies":"Looter","floor":14,"turns":2},{"damage":56,"enemies":"Hexaghost","floor":16,"turns":11},{"damage":12,"enemies":"Shell Parasite","floor":18,"turns":3},{"damage":48,"enemies":"Masked Bandits","floor":21,"turns":4},{"damage":24,"enemies":"3 Byrds","floor":22,"turns":7},{"damage":16,"enemies":"Centurion and Healer","floor":24,"turns":5},{"damage":10,"enemies":"Snecko","floor":25,"turns":3},{"damage":26,"enemies":"Book of Stabbing","floor":31,"turns":7}],"seed_played":"-6047395458715492942","potions_obtained":[{"floor":2,"key":"SmokeBomb"},{"floor":11,"key":"GamblersBrew"},{"floor":16,"key":"FearPotion"},{"floor":18,"key":"Explosive Potion"},{"floor":22,"key":"AttackPotion"},{"floor":24,"key":"Energy Potion"}],"is_trial":false,"path_per_floor":["M","M","?","?","M","R","?","R","T","E","M","R","$","M","R","B",null,"M","?","?","?","M","R","M","M","T","$","R","?","R"],"character_chosen":"IRONCLAD","items_purchased":["Pocketwatch","Feed","Happy Flower"],"campfire_rested":3,"item_purchase_floors":[13,13,27],"current_hp_per_floor":[73,75,68,68,62,62,57,57,57,35,33,55,55,60,60,13,62,59,59,59,23,8,35,28,24,24,24,51,46,46,20],"gold":70,"neow_bonus":"RANDOM_COMMON_RELIC","is_prod":false,"is_daily":false,"chose_seed":false,"campfire_upgraded":4,"win_rate":0,"timestamp":1539202589,"path_taken":["M","M","?","?","M","R","?","R","T","E","M","R","$","M","R","BOSS","M","?","?","?","?","R","M","M","T","$","R","?","R","E"],"build_version":"2018-10-04v2","purchased_purges":0,"victory":false,"max_hp_per_floor":[75,75,75,75,75,75,75,75,75,75,75,75,75,75,75,78,78,81,81,81,87,90,90,93,93,93,93,93,46,46,46],"card_choices":[{"not_picked":["Havoc","Pommel Strike"],"picked":"Twin Strike","floor":1},{"not_picked":["Spot Weakness","Havoc"],"picked":"Thunderclap","floor":2},{"not_picked":["Clash","Body Slam"],"picked":"Iron Wave","floor":5},{"not_picked":["Dark Embrace","Armaments"],"picked":"Flex","floor":10},{"not_picked":["Iron Wave","Whirlwind"],"picked":"Battle Trance","floor":11},{"not_picked":["Burning Pact","Entrench"],"picked":"Infernal Blade","floor":14},{"not_picked":["Heavy Blade","Flex"],"picked":"Shrug It Off","floor":18},{"not_picked":["Feel No Pain","Burning Pact"],"picked":"Perfected Strike+1","floor":21},{"not_picked":["Anger","Infernal Blade"],"picked":"Perfected Strike","floor":22},{"not_picked":["Headbutt","Havoc"],"picked":"Rampage","floor":24},{"not_picked":["True Grit+1","Cleave"],"picked":"Thunderclap","floor":25}],"player_experience":746321,"relics_obtained":[{"floor":9,"key":"Old Coin"},{"floor":10,"key":"Centennial Puzzle"},{"floor":21,"key":"Red Mask"},{"floor":26,"key":"Gremlin Horn"}],"event_choices":[{"event_name":"Golden Wing","player_choice":"Card Removal","floor":3,"damage_taken":0},{"event_name":"Liars Game","player_choice":"disagreed","floor":4,"damage_taken":0},{"event_name":"Scrap Ooze","player_choice":"success","floor":7,"damage_taken":5},{"event_name":"WeMeetAgain","player_choice":"Potion","floor":19,"damage_taken":0},{"event_name":"The Library","player_choice":"Read","floor":20,"damage_taken":0},{"event_name":"Masked Bandits","player_choice":"Fought Bandits","floor":21,"damage_taken":0},{"event_name":"Ghosts","player_choice":"Became a Ghost","floor":29,"damage_taken":0}],"is_beta":false,"boss_relics":[{"not_picked":["Astrolabe","Philosopher\u0027s Stone"],"picked":"Lizard Tail"}],"items_purged_floors":[],"is_endless":false,"potions_floor_spawned":[2,11,14,16,18,22,24],"killed_by":"Book of Stabbing","ascension_level":16}