{"gold_per_floor":[363,382,400,414,32,32,44,44,68,68,97,97,97,113,113,212,212,230,73,73,88,101,101,115,115,115,148,160,160,75,75,75,180,180,193,211,89,89],"floor_reached":38,"playtime":2869,"items_purged":["Berserk+1"],"score":416,"play_id":"a98058f0-b95b-447b-b421-0838520b43c0","local_time":"20180726154432","is_ascension_mode":true,"campfire_choices":[{"data":"Apotheosis","floor":6,"key":"SMITH"},{"floor":8,"key":"REST"},{"data":"Pommel Strike","floor":12,"key":"SMITH"},{"data":"Pommel Strike","floor":15,"key":"SMITH"},{"data":"Pommel Strike","floor":23,"key":"SMITH"},{"data":"Feed","floor":25,"key":"SMITH"},{"floor":32,"key":"REST"}],"neow_cost":"FIFTY_PERCENT_DAMAGE","seed_source_timestamp":2589370402816208,"circlet_count":0,"master_deck":["Strike_R","Strike_R","Strike_R","Strike_R","Defend_R","Defend_R","Bash","Headbutt+1","Shrug It Off","Pommel Strike+1","Perfected Strike+1","Apotheosis+1","Flex+1","Pommel Strike+1","Flex","Shrug It Off","Feed+1","Clothesline+1","Entrench+1","Armaments","Pommel Strike+1","Wild Strike+1","Flame Barrier","Twin Strike+1","Twin Strike"],"relics":["Burning Blood","Vajra","Anchor","Whetstone","Meat on the Bone","Astrolabe","Orichalcum","Letter Opener","Bronze Scales","Gambling Chip","Happy Flower","Black Star"],"potions_floor_usage":[16,24,24,27,36,38],"damage_taken":[{"damage":1,"enemies":"Cultist","floor":1,"turns":4},{"damage":1,"enemies":"2 Louse","floor":2,"turns":3},{"damage":5,"enemies":"Small Slimes","floor":3,"turns":3},{"damage":6,"enemies":"Exordium Wildlife","floor":4,"turns":5},{"damage":10,"enemies":"Lots of Slimes","floor":7,"turns":4},{"damage":20,"enemies":"Gremlin Nob","floor":11,"turns":4},{"damage":0,"enemies":"Exordium Thugs","floor":14,"turns":4},{"damage":38,"enemies":"The Guardian","floor":16,"turns":8},{"damage":0,"enemies":"Chosen","floor":18,"turns":3},{"damage":2,"enemies":"Shell Parasite","floor":21,"turns":4},{"damage":16,"enemies":"Snecko","floor":22,"turns":5},{"damage":0,"enemies":"Snake Plant","floor":24,"turns":2},{"damage":33,"enemies":"Gremlin Leader","floor":27,"turns":6},{"damage":5,"enemies":"Slaver and Parasite","floor":28,"turns":5},{"damage":60,"enemies":"Champ","floor":33,"turns":10},{"damage":41,"enemies":"3 Darklings","floor":35,"turns":9},{"damage":54,"enemies":"Flame Bruiser 1 Orb","floor":36,"turns":6},{"damage":31,"enemies":"Spire Growth","floor":38,"turns":4}],"seed_played":"-2533245141894524454","potions_obtained":[{"floor":2,"key":"Ancient Potion"},{"floor":7,"key":"SteroidPotion"},{"floor":14,"key":"PowerPotion"},{"floor":21,"key":"FairyPotion"},{"floor":22,"key":"AttackPotion"},{"floor":24,"key":"Explosive Potion"},{"floor":27,"key":"GamblersBrew"},{"floor":35,"key":"Fruit Juice"},{"floor":36,"key":"SteroidPotion"}],"is_trial":false,"path_per_floor":["M","M","M","M","$","R","M","R","T","?","E","R","T","M","R","B",null,"M","$","?","M","M","R","M","R","T","E","M","?","?","?","R","B",null,"M","M","$"],"character_chosen":"IRONCLAD","items_purchased":["Vajra","Apotheosis","Flex","Orichalcum","Twin Strike"],"campfire_rested":2,"item_purchase_floors":[5,5,5,19,37],"current_hp_per_floor":[45,50,51,51,51,51,47,71,71,71,57,57,57,63,63,43,80,80,80,65,69,59,59,65,65,65,50,51,51,51,51,76,34,85,50,26,26,0],"gold":89,"neow_bonus":"TWO_FIFTY_GOLD","is_prod":false,"is_daily":false,"chose_seed":false,"campfire_upgraded":5,"win_rate":0,"timestamp":1532637872,"path_taken":["M","?","M","M","$","R","M","R","T","?","E","R","?","?","R","BOSS","M","?","?","?","M","R","M","R","T","E","M","?","?","?","R","BOSS","M","M","$","M"],"build_version":"2018-07-19v2","purchased_purges":1,"victory":false,"max_hp_per_floor":[80,80,80,80,80,80,80,80,80,80,80,80,80,80,80,80,80,80,80,85,85,85,85,85,85,85,85,85,85,85,85,85,85,85,85,85,85,90],"card_choices":[{"not_picked":["Pommel Strike","Thunderclap"],"picked":"Headbutt","floor":1},{"not_picked":["Ghostly Armor","Shockwave"],"picked":"Shrug It Off","floor":2},{"not_picked":["Uppercut","Double Tap"],"picked":"Pommel Strike","floor":3},{"not_picked":["Armaments","Second Wind"],"picked":"Perfected Strike","floor":4},{"not_picked":["Hemokinesis","Infernal Blade"],"picked":"Pommel Strike","floor":7},{"not_picked":["True Grit","Sword Boomerang"],"picked":"Flex","floor":11},{"not_picked":["Combust","Dropkick"],"picked":"Shrug It Off","floor":14},{"not_picked":["Barricade","Offering"],"picked":"Feed","floor":16},{"not_picked":["Pommel Strike","Headbutt","Sever Soul"],"picked":"SKIP","floor":18},{"not_picked":["Evolve","Uppercut"],"picked":"Armaments","floor":21},{"not_picked":["Clothesline+1","Clash"],"picked":"Pommel Strike","floor":22},{"not_picked":["True Grit","Rage+1"],"picked":"Wild Strike+1","floor":24},{"not_picked":["Berserk","Thunderclap"],"picked":"Flame Barrier","floor":27},{"not_picked":["Dual Wield+1","Blood for Blood","Armaments"],"picked":"SKIP","floor":28},{"not_picked":["Sword Boomerang+1","Combust","Thunderclap"],"picked":"SKIP","floor":35},{"not_picked":["Sever Soul","Havoc"],"picked":"Twin Strike+1","floor":36}],"player_experience":345841,"relics_obtained":[{"floor":9,"key":"Anchor"},{"floor":11,"key":"Whetstone"},{"floor":13,"key":"Meat on the Bone"},{"floor":26,"key":"Letter Opener"},{"floor":27,"key":"Bronze Scales"}],"event_choices":[{"event_name":"Upgrade Shrine","player_choice":"Upgraded","floor":10,"damage_taken":0},{"event_name":"Forgotten Altar","player_choice":"Shed Blood","floor":20,"damage_taken":0},{"event_name":"Ghosts","player_choice":"Ignored","floor":29,"damage_taken":0},{"event_name":"Addict","player_choice":"Obtained Relic","floor":30,"damage_taken":0},{"event_name":"The Mausoleum","player_choice":"Yes","floor":31,"damage_taken":0}],"is_beta":false,"boss_relics":[{"not_picked":["Coffee Dripper","Fusion Hammer"],"picked":"Astrolabe"},{"not_picked":["Philosopher\u0027s Stone","Eternal Feather"],"picked":"Black Star"}],"items_purged_floors":[37],"is_endless":false,"potions_floor_spawned":[2,7,14,21,22,24,27,35,36],"killed_by":"Spire Growth","ascension_level":1}