{"gold_per_floor":[111,211,226,245,2,32,32,46,46,57,57,57,7,19,19,123,123,142,159,159,24,24,24,89,89,114,134,384,446,458,38,38,38],"floor_reached":33,"playtime":5619,"items_purged":[],"score":249,"play_id":"f5ca956b-19d0-44be-b769-5d78dc74f4cf","local_time":"20190601002627","is_ascension_mode":false,"campfire_choices":[{"floor":7,"key":"REST"},{"data":"Seeing Red","floor":12,"key":"SMITH"},{"floor":15,"key":"REST"},{"floor":23,"key":"REST"},{"floor":25,"key":"REST"},{"floor":32,"key":"REST"}],"neow_cost":"","seed_source_timestamp":8237618262448,"circlet_count":0,"master_deck":["Strike_R+1","Strike_R","Strike_R","Defend_R","Defend_R","Defend_R","Defend_R","Bash","Battle Trance","Seeing Red+1","Ghostly Armor","Trip","Armaments","Headbutt","Dropkick+1","Rage","Uppercut","Barricade","Iron Wave","Feed","Feel No Pain+1","Anger+1","Necronomicurse","Fire Breathing","Good Instincts","Seeing Red","Pommel Strike+1","Fire Breathing","Pommel Strike","HandOfGreed","Dropkick","Headbutt","Impatience","Rage"],"relics":["Burning Blood","Whetstone","Blood Vial","Lizard Tail","Necronomicon","SsserpentHead","Potion Belt"],"potions_floor_usage":[],"damage_taken":[{"damage":6,"enemies":"2 Louse","floor":1,"turns":3},{"damage":5,"enemies":"Cultist","floor":3,"turns":4},{"damage":8,"enemies":"Jaw Worm","floor":4,"turns":3},{"damage":35,"enemies":"3 Sentries","floor":6,"turns":10},{"damage":0,"enemies":"Large Slime","floor":8,"turns":4},{"damage":8,"enemies":"3 Louse","floor":10,"turns":2},{"damage":16,"enemies":"Lots of Slimes","floor":14,"turns":5},{"damage":32,"enemies":"The Guardian","floor":16,"turns":16},{"damage":10,"enemies":"2 Thieves","floor":18,"turns":4},{"damage":43,"enemies":"Spheric Guardian","floor":19,"turns":14},{"damage":9,"enemies":"Cultist and Chosen","floor":24,"turns":8},{"damage":37,"enemies":"Snake Plant","floor":27,"turns":8},{"damage":36,"enemies":"Snecko","floor":29,"turns":7},{"damage":38,"enemies":"Centurion and Healer","floor":30,"turns":8},{"damage":79,"enemies":"Champ","floor":33,"turns":10}],"seed_played":"6219839568920464245","potions_obtained":[{"floor":8,"key":"Block Potion"},{"floor":10,"key":"EssenceOfSteel"},{"floor":16,"key":"Explosive Potion"},{"floor":24,"key":"Ancient Potion"},{"floor":29,"key":"Fire Potion"},{"floor":30,"key":"FearPotion"}],"is_trial":false,"path_per_floor":["M","?","M","M","$","E","R","M","T","M","?","R","?","M","R","B",null,"M","M","?","$","?","R","M","R","T","M","?","M","M","$","R","B"],"character_chosen":"IRONCLAD","items_purchased":["Trip","Armaments","Headbutt","Dropkick","Fire Breathing","Good Instincts","HandOfGreed","Dropkick","Headbutt","Impatience","Rage"],"campfire_rested":5,"item_purchase_floors":[5,5,5,5,21,21,31,31,31,31,31],"current_hp_per_floor":[80,80,80,78,78,49,73,79,79,78,71,71,71,63,80,54,80,79,44,28,28,28,52,51,75,75,49,49,21,34,34,59,0],"gold":38,"neow_bonus":"","is_prod":false,"is_daily":false,"chose_seed":false,"campfire_upgraded":1,"win_rate":0.0,"timestamp":1559341587,"path_taken":["M","?","?","M","$","E","R","M","T","M","?","R","?","M","R","BOSS","M","M","?","$","?","R","?","R","T","M","?","?","M","$","R","BOSS"],"build_version":"2019-01-23","purchased_purges":0,"victory":false,"max_hp_per_floor":[80,80,80,80,80,80,80,80,80,80,80,80,80,80,80,80,80,83,83,83,83,83,83,83,83,83,86,86,86,86,86,86,86],"card_choices":[{"not_picked":["True Grit","Clash"],"picked":"Battle Trance","floor":1},{"not_picked":["Perfected Strike","Rupture"],"picked":"Seeing Red","floor":3},{"not_picked":["Clothesline","Armaments"],"picked":"Ghostly Armor","floor":4},{"not_picked":["Cleave","Power Through"],"picked":"Rage","floor":6},{"not_picked":["Entrench","Iron Wave"],"picked":"Uppercut","floor":8},{"not_picked":["Corruption","Blood for Blood"],"picked":"Barricade","floor":10},{"not_picked":["Battle Trance","Sword Boomerang"],"picked":"Iron Wave","floor":14},{"not_picked":["Brutality","Fiend Fire"],"picked":"Feed","floor":16},{"not_picked":["Bloodletting","Body Slam"],"picked":"Feel No Pain+1","floor":18},{"not_picked":["True Grit","Sword Boomerang"],"picked":"Anger+1","floor":19},{"not_picked":["Body Slam","Warcry"],"picked":"Seeing Red","floor":24},{"not_picked":["True Grit+1","Clothesline"],"picked":"Pommel Strike+1","floor":27},{"not_picked":["Pommel Strike+1","Brutality"],"picked":"Fire Breathing","floor":29},{"not_picked":["Ghostly Armor","Rage"],"picked":"Pommel Strike","floor":30}],"player_experience":0,"relics_obtained":[{"floor":6,"key":"Whetstone"},{"floor":9,"key":"Blood Vial"},{"floor":20,"key":"Necronomicon"},{"floor":26,"key":"Potion Belt"}],"event_choices":[{"damage_healed":0,"gold_gain":100,"player_choice":"Pray","damage_taken":0,"max_hp_gain":0,"max_hp_loss":0,"event_name":"Golden Shrine","floor":2,"gold_loss":0},{"cards_removed":["Strike_R"],"damage_healed":0,"gold_gain":0,"player_choice":"Card Removal","damage_taken":7,"max_hp_gain":0,"max_hp_loss":0,"event_name":"Golden Wing","floor":11,"gold_loss":0},{"cards_removed":["Strike_R"],"damage_healed":0,"gold_gain":0,"player_choice":"Card Removal","damage_taken":0,"max_hp_gain":0,"max_hp_loss":0,"event_name":"The Cleric","floor":13,"gold_loss":50},{"damage_healed":0,"gold_gain":0,"player_choice":"Obtained Book","damage_taken":16,"max_hp_gain":0,"max_hp_loss":0,"event_name":"Cursed Tome","floor":20,"gold_loss":0},{"damage_healed":0,"gold_gain":0,"player_choice":"Trade","damage_taken":0,"relics_obtained":["SsserpentHead"],"max_hp_gain":0,"max_hp_loss":0,"event_name":"FaceTrader","floor":22,"gold_loss":0},{"damage_healed":0,"gold_gain":200,"player_choice":"Gold","damage_taken":0,"max_hp_gain":0,"max_hp_loss":0,"event_name":"Wheel of Change","floor":28,"gold_loss":0}],"is_beta":false,"boss_relics":[{"not_picked":["Ectoplasm","Philosopher\u0027s Stone"],"picked":"Lizard Tail"}],"items_purged_floors":[],"is_endless":false,"potions_floor_spawned":[8,10,16,24,29,30],"killed_by":"Champ","ascension_level":0}