{"gold_per_floor":[117,117,133,145,70,104,104,120,120,120,135,164,176,202,202,202],"floor_reached":16,"playtime":1582,"items_purged":["Strike_R"],"score":122,"play_id":"8a3d05d5-8697-463d-a834-8932e5c80294","local_time":"20190617083718","is_ascension_mode":false,"campfire_choices":[{"data":"Seeing Red","floor":7.0,"key":"SMITH"},{"data":"Flex","floor":10.0,"key":"SMITH"},{"floor":15,"key":"REST"}],"neow_cost":"NONE","seed_source_timestamp":0,"circlet_count":0,"master_deck":["Strike_R","Strike_R","Strike_R","Strike_R","Defend_R","Defend_R","Defend_R","Defend_R","Bash","Heavy Blade","Seeing Red+1","Flex+1","Pommel Strike","Pommel Strike","Whirlwind","Rage"],"special_seed":0,"relics":["Burning Blood","Bronze Scales","Smiling Mask","Shuriken","Bag of Marbles"],"potions_floor_usage":[16,16],"damage_taken":[{"damage":1.0,"enemies":"2 Louse","floor":1.0,"turns":2.0},{"damage":1.0,"enemies":"Cultist","floor":3.0,"turns":3.0},{"damage":6.0,"enemies":"Jaw Worm","floor":4.0,"turns":3.0},{"damage":37.0,"enemies":"Lagavulin","floor":6.0,"turns":7.0},{"damage":13.0,"enemies":"2 Fungi Beasts","floor":8.0,"turns":3.0},{"damage":0.0,"enemies":"Looter","floor":11.0,"turns":2.0},{"damage":15.0,"enemies":"Gremlin Nob","floor":12.0,"turns":4.0},{"damage":5.0,"enemies":"Lots of Slimes","floor":13.0,"turns":2.0},{"damage":37,"enemies":"Lagavulin","floor":14,"turns":6},{"damage":39,"enemies":"The Guardian","floor":16,"turns":9}],"seed_played":"3479780498262581152","potions_obtained":[{"floor":1.0,"key":"EssenceOfSteel"},{"floor":2.0,"key":"Block Potion"},{"floor":2.0,"key":"Strength Potion"},{"floor":6.0,"key":"Ancient Potion"},{"floor":12.0,"key":"AttackPotion"},{"floor":13,"key":"Weak Potion"}],"is_trial":false,"path_per_floor":["M","?","M","M","$","E","R","M","T","R","M","E","M","E","R","B"],"character_chosen":"IRONCLAD","items_purchased":[],"campfire_rested":1,"item_purchase_floors":[],"current_hp_per_floor":[80,80,80,80,80,49,49,42,42,42,48,39,40,9,33,0],"gold":202,"neow_bonus":"THREE_CARDS","is_prod":false,"is_daily":false,"chose_seed":false,"campfire_upgraded":2,"win_rate":0.0,"timestamp":1560753438,"path_taken":["M","?","M","M","?","E","R","M","T","R","M","E","?","E","R","BOSS"],"build_version":"2019-01-23","purchased_purges":1,"victory":false,"max_hp_per_floor":[80,80,80,80,80,80,80,80,80,80,80,80,80,80,80,80],"card_choices":[{"not_picked":["Clothesline","Warcry"],"picked":"Heavy Blade","floor":0.0},{"not_picked":["Iron Wave","Rupture"],"picked":"Seeing Red","floor":1.0},{"not_picked":["Hemokinesis","Reckless Charge","Uppercut"],"picked":"SKIP","floor":3.0},{"not_picked":["Searing Blow","Headbutt"],"picked":"Flex","floor":4.0},{"not_picked":["Thunderclap","Bloodletting"],"picked":"Pommel Strike","floor":6.0},{"not_picked":["Iron Wave","Disarm","Feel No Pain"],"picked":"SKIP","floor":8.0},{"not_picked":["Carnage","Havoc"],"picked":"Pommel Strike","floor":11.0},{"not_picked":["Clash","Burning Pact"],"picked":"Whirlwind","floor":12.0},{"not_picked":["Armaments","Pummel"],"picked":"Rage","floor":13},{"not_picked":["Iron Wave","Entrench","Pommel Strike"],"picked":"SKIP","floor":14}],"player_experience":55722,"relics_obtained":[{"floor":6.0,"key":"Bronze Scales"},{"floor":9.0,"key":"Smiling Mask"},{"floor":12.0,"key":"Shuriken"},{"floor":14,"key":"Bag of Marbles"}],"event_choices":[{"damage_healed":0.0,"max_hp_gain":0.0,"max_hp_loss":0.0,"gold_gain":0.0,"event_name":"Lab","player_choice":"Got Potions","floor":2.0,"gold_loss":0.0,"damage_taken":0.0}],"is_beta":false,"boss_relics":[],"items_purged_floors":[5],"is_endless":false,"potions_floor_spawned":[1,3,6,12,13],"killed_by":"The Guardian","ascension_level":0}