{"gold_per_floor":[111,123,123,142,155,155,183,183,183,146,2,15,15,25,25,123,123,78,78,78,78],"floor_reached":21,"playtime":2162,"items_purged":[],"score":183,"play_id":"3513790c-2337-4d32-9ac9-db327d358c5c","local_time":"20190624105839","is_ascension_mode":false,"campfire_choices":[{"data":"Redo","floor":6.0,"key":"SMITH"},{"data":"Static Discharge","floor":8.0,"key":"SMITH"},{"data":"Dualcast","floor":15.0,"key":"SMITH"}],"neow_cost":"NONE","seed_source_timestamp":0,"circlet_count":0,"master_deck":["Strike_B","Strike_B","Strike_B","Defend_B+1","Defend_B","Defend_B","Defend_B+1","Zap+1","Dualcast+1","Capacitor","Coolheaded","Redo+1","Undo","Static Discharge+1","Coolheaded","Parasite","FTL","Rainbow","Defragment","Coolheaded","Redo"],"special_seed":0,"relics":["Cracked Core","War Paint","Question Card","Oddly Smooth Stone","Ectoplasm"],"potions_floor_usage":[],"damage_taken":[{"damage":1.0,"enemies":"Cultist","floor":1.0,"turns":3.0},{"damage":0.0,"enemies":"2 Louse","floor":2.0,"turns":2.0},{"damage":8.0,"enemies":"Small Slimes","floor":4.0,"turns":4.0},{"damage":1.0,"enemies":"3 Louse","floor":5.0,"turns":3.0},{"damage":32.0,"enemies":"Gremlin Nob","floor":7.0,"turns":5.0},{"damage":0.0,"enemies":"Red Slaver","floor":12.0,"turns":4.0},{"damage":5.0,"enemies":"Exordium Wildlife","floor":14.0,"turns":3.0},{"damage":11.0,"enemies":"The Guardian","floor":16.0,"turns":14.0},{"damage":7.0,"enemies":"2 Thieves","floor":18.0,"turns":4.0},{"damage":0,"enemies":"Chosen","floor":19,"turns":6},{"damage":10,"enemies":"Snake Plant","floor":20,"turns":3},{"damage":21,"enemies":"Colosseum Slavers","floor":21,"turns":3},{"damage":48,"enemies":"Colosseum Nobs","floor":21,"turns":3}],"seed_played":"5429706498056425010","potions_obtained":[{"floor":1.0,"key":"FearPotion"},{"floor":2.0,"key":"Energy Potion"},{"floor":5.0,"key":"SpeedPotion"},{"floor":12.0,"key":"Fire Potion"},{"floor":19,"key":"Block Potion"}],"is_trial":false,"path_per_floor":["M","M","?","M","M","R","E","R","T","?","$","M","?","M","R","B",null,"M","M","M","?"],"character_chosen":"DEFECT","items_purchased":["Oddly Smooth Stone"],"campfire_rested":0,"item_purchase_floors":[11],"current_hp_per_floor":[74,74,74,66,65,65,33,33,33,33,33,33,51,46,46,35,75,68,68,58,0],"gold":78,"neow_bonus":"REMOVE_CARD","is_prod":false,"is_daily":false,"chose_seed":false,"campfire_upgraded":3,"win_rate":0.0,"timestamp":1561366719,"path_taken":["M","M","?","M","M","R","E","R","T","?","$","M","?","M","R","BOSS","M","M","M","?"],"build_version":"2019-01-23","purchased_purges":0,"victory":false,"max_hp_per_floor":[75,75,75,75,75,75,75,75,75,75,75,75,75,75,75,75,75,75,75,75,75],"card_choices":[{"not_picked":["Reprogram","Leap"],"picked":"Capacitor","floor":1.0},{"not_picked":["Sweeping Beam","Loop"],"picked":"Coolheaded","floor":2.0},{"not_picked":["Defragment","Compile Driver"],"picked":"Redo","floor":4.0},{"not_picked":["Sweeping Beam","Melter"],"picked":"Undo","floor":5.0},{"not_picked":["Ball Lightning","Blizzard"],"picked":"Static Discharge","floor":7.0},{"not_picked":["Tempest","Reprogram","Reinforced Body"],"picked":"Coolheaded","floor":12.0},{"not_picked":["Compile Driver","Beam Cell","Leap"],"picked":"FTL","floor":14.0},{"not_picked":["Machine Learning","Multi-Cast","Amplify"],"picked":"Rainbow","floor":16.0},{"not_picked":["Conserve Battery+1","Undo+1","Rip and Tear"],"picked":"Defragment","floor":18},{"not_picked":["Go for the Eyes","Melter","Hologram"],"picked":"Coolheaded","floor":19},{"not_picked":["Beam Cell","Sweeping Beam","Consume"],"picked":"Redo","floor":20}],"player_experience":86183,"relics_obtained":[{"floor":7.0,"key":"War Paint"},{"floor":9.0,"key":"Question Card"}],"event_choices":[{"damage_healed":0.0,"max_hp_gain":0.0,"max_hp_loss":0.0,"gold_gain":0.0,"event_name":"Living Wall","player_choice":"Grow","floor":3.0,"gold_loss":0.0,"damage_taken":0.0,"cards_upgraded":["Zap"]},{"damage_healed":0.0,"max_hp_gain":0.0,"max_hp_loss":0.0,"gold_gain":0.0,"event_name":"World of Goop","player_choice":"Left Gold","floor":10.0,"gold_loss":37.0,"damage_taken":0.0},{"damage_healed":18.0,"max_hp_gain":0.0,"max_hp_loss":0.0,"gold_gain":0.0,"event_name":"Mushrooms","player_choice":"Healed and dodged fight","floor":13.0,"gold_loss":0.0,"damage_taken":0.0,"cards_obtained":["Parasite"]},{"damage_healed":0,"gold_gain":0,"player_choice":"Fight","damage_taken":0,"max_hp_gain":0,"max_hp_loss":0,"event_name":"Colosseum","floor":21,"gold_loss":0},{"damage_healed":0,"gold_gain":0,"player_choice":"Fought Nobs","damage_taken":0,"max_hp_gain":0,"max_hp_loss":0,"event_name":"Colosseum","floor":21,"gold_loss":0}],"is_beta":false,"boss_relics":[{"not_picked":["Black Star","White Beast Statue"],"picked":"Ectoplasm"}],"items_purged_floors":[],"is_endless":false,"potions_floor_spawned":[1,2,5,12,19,20],"killed_by":"Colosseum Nobs","ascension_level":0}