{"gold_per_floor":[119,44,56,7,23,23,198,198,198,122,132,132,132,163,163,268,268,283,283,204,204,82,82,109,109,133,149,149],"floor_reached":28,"playtime":1286,"items_purged":["Strike_B","Strike_B"],"score":232,"play_id":"ea44060f-3a99-4733-a84c-0c1a31188d87","local_time":"20180726094422","is_ascension_mode":false,"campfire_choices":[{"data":"Gash","floor":6,"key":"SMITH"},{"data":"Gash","floor":8,"key":"SMITH"},{"data":"Defragment","floor":12,"key":"SMITH"},{"floor":15,"key":"REST"},{"data":"Gash","floor":23,"key":"SMITH"},{"floor":25,"key":"REST"}],"neow_cost":"NONE","seed_source_timestamp":2569350005342494,"circlet_count":0,"master_deck":["Strike_B","Defend_B","Defend_B","Defend_B","Defend_B","Zap","Dualcast","Gash+1","BootSequence","Gash+1","Hologram","Doubt","Defragment+1","Beam Cell","Turbo","Fission+1","Barrage+1","RitualDagger","Gash+1","Sweeping Beam","Zap+1","Hologram+1","Rebound+1"],"relics":["Cracked Core","Anchor","Boot","Toxic Egg 2","Busted Crown","Dream Catcher","Oddly Smooth Stone"],"potions_floor_usage":[16,18,24,24,28],"damage_taken":[{"damage":1,"enemies":"Jaw Worm","floor":1,"turns":3},{"damage":0,"enemies":"Small Slimes","floor":3,"turns":3},{"damage":1,"enemies":"Cultist","floor":5,"turns":3},{"damage":13,"enemies":"2 Fungi Beasts","floor":11,"turns":3},{"damage":21,"enemies":"Lagavulin","floor":14,"turns":5},{"damage":53,"enemies":"The Guardian","floor":16,"turns":12},{"damage":22,"enemies":"Chosen","floor":18,"turns":6},{"damage":48,"enemies":"Slavers","floor":24,"turns":5},{"damage":33,"enemies":"Shell Parasite","floor":27,"turns":5},{"damage":14,"enemies":"Snake Plant","floor":28,"turns":2}],"seed_played":"-4151039100904096221","potions_obtained":[{"floor":1,"key":"Regen Potion"},{"floor":3,"key":"LiquidBronze"},{"floor":14,"key":"Block Potion"},{"floor":16,"key":"AttackPotion"},{"floor":27,"key":"Regen Potion"}],"is_trial":false,"path_per_floor":["M","$","M","$","M","R","?","R","T","$","M","R","?","E","R","B",null,"M","?","$","?","$","R","E","R","T","M"],"character_chosen":"DEFECT","items_purchased":["Gash","Defragment","Gash","Sweeping Beam","Hologram+1"],"campfire_rested":2,"item_purchase_floors":[4,10,20,20,22],"current_hp_per_floor":[74,74,74,74,73,73,73,73,73,73,60,60,60,39,61,8,75,53,47,47,47,47,47,13,35,35,2,0],"gold":149,"neow_bonus":"RANDOM_COMMON_RELIC","is_prod":false,"is_daily":false,"chose_seed":false,"campfire_upgraded":4,"win_rate":0.0,"timestamp":1532616262,"path_taken":["M","$","M","$","M","R","?","R","T","$","M","R","?","E","R","BOSS","M","?","$","?","$","R","E","R","T","?","?"],"build_version":"2018-07-19v2","purchased_purges":2,"victory":false,"max_hp_per_floor":[75,75,75,75,75,75,75,75,75,75,75,75,75,75,75,75,75,75,75,75,75,75,75,75,75,75,75,75],"card_choices":[{"not_picked":["Consume","Fusion"],"picked":"Gash","floor":1},{"not_picked":["Storm","Barrage"],"picked":"BootSequence","floor":3},{"not_picked":["Conserve Battery","Chill"],"picked":"Hologram","floor":5},{"not_picked":["Redo","Glacier"],"picked":"Beam Cell","floor":11},{"not_picked":["Double Energy","Reinforced Body","Aggregate"],"picked":"SKIP","floor":14},{"not_picked":["Amplify+1","Electrodynamics"],"picked":"Fission+1","floor":16},{"not_picked":[],"picked":"Barrage+1","floor":18},{"not_picked":["Scrape"],"picked":"SKIP","floor":24},{"not_picked":[],"picked":"Rebound+1","floor":25},{"not_picked":["Undo+1"],"picked":"SKIP","floor":27}],"player_experience":339253,"relics_obtained":[{"floor":9,"key":"Boot"},{"floor":14,"key":"Toxic Egg 2"},{"floor":24,"key":"Dream Catcher"},{"floor":26,"key":"Oddly Smooth Stone"}],"event_choices":[{"event_name":"Liars Game","player_choice":"agreed","floor":7,"damage_taken":0},{"event_name":"Transmorgrifier","player_choice":"Transform","floor":13,"damage_taken":0},{"event_name":"Nest","player_choice":"Joined the Cult","floor":19,"damage_taken":0},{"event_name":"Match and Keep!","player_choice":"1 cards matched","floor":21,"damage_taken":0}],"is_beta":false,"boss_relics":[{"not_picked":["Lizard Tail","Coffee Dripper"],"picked":"Busted Crown"}],"items_purged_floors":[2,22],"is_endless":false,"potions_floor_spawned":[1,3,14,16,27],"killed_by":"Snake Plant","ascension_level":0}