{"gold_per_floor":[110,122,132,132,152,187,198,198,198,210,236,236,248,273,273,346,346,356,356,34,54,54,83,83,98,151,151,183,183],"floor_reached":29,"playtime":2193,"items_purged":["Strike_G"],"score":549,"play_id":"b2f2b32c-80a9-49e9-8c1a-91353b77d202","local_time":"20190620150848","is_ascension_mode":true,"campfire_choices":[{"floor":8,"key":"REST"},{"floor":15,"key":"REST"},{"floor":24,"key":"REST"}],"neow_cost":"NONE","seed_source_timestamp":283238369014506,"circlet_count":0,"master_deck":["AscendersBane","Defend_G","Defend_G","Defend_G","Defend_G","Defend_G","Strike_G","Strike_G","Survivor","Neutralize","Blade Dance+1","Escape Plan","Noxious Fumes","Poisoned Stab","Bouncing Flask","Backflip","Poisoned Stab","Choke","Quick Slash","Bouncing Flask","Adrenaline","Poisoned Stab","Poisoned Stab","Endless Agony","RitualDagger","Quick Slash","Blade Dance","Decay","A Thousand Cuts"],"relics":["Ring of the Snake","Paper Crane","Darkstone Periapt","Ornamental Fan","Bag of Marbles","Black Star","Lee\u0027s Waffle","Matryoshka","PreservedInsect","Art of War","Happy Flower","Anchor","Nunchaku"],"potions_floor_usage":[5,7,14,18,23,25,28],"damage_taken":[{"damage":9,"enemies":"Cultist","floor":1,"turns":5},{"damage":0,"enemies":"2 Louse","floor":2,"turns":3},{"damage":1,"enemies":"Jaw Worm","floor":3,"turns":5},{"damage":4,"enemies":"Red Slaver","floor":5,"turns":4},{"damage":27,"enemies":"3 Sentries","floor":6,"turns":8},{"damage":0,"enemies":"Exordium Thugs","floor":7,"turns":7},{"damage":0,"enemies":"Large Slime","floor":10,"turns":6},{"damage":9,"enemies":"Lagavulin","floor":11,"turns":7},{"damage":4,"enemies":"Looter","floor":13,"turns":3},{"damage":18,"enemies":"3 Sentries","floor":14,"turns":8},{"damage":21,"enemies":"The Guardian","floor":16,"turns":9},{"damage":14,"enemies":"2 Thieves","floor":18,"turns":4},{"damage":13,"enemies":"3 Byrds","floor":21,"turns":5},{"damage":47,"enemies":"Book of Stabbing","floor":23,"turns":5},{"damage":18,"enemies":"Snecko","floor":25,"turns":4},{"damage":17,"enemies":"Slavers","floor":28,"turns":3},{"damage":22,"enemies":"Snake Plant","floor":29,"turns":3}],"seed_played":"-3738228809419135956","potions_obtained":[{"floor":2,"key":"Dexterity Potion"},{"floor":3,"key":"SteroidPotion"},{"floor":7,"key":"Strength Potion"},{"floor":11,"key":"GhostInAJar"},{"floor":13,"key":"GhostInAJar"},{"floor":14,"key":"Strength Potion"},{"floor":23,"key":"Regen Potion"},{"floor":25,"key":"SteroidPotion"}],"is_trial":false,"path_per_floor":["M","M","M","?","M","E","M","R","T","M","E","?","M","E","R","B",null,"M","?","$","M","?","E","R","M","T","?","E","M"],"character_chosen":"THE_SILENT","items_purchased":["Lee\u0027s Waffle","Poisoned Stab"],"campfire_rested":3,"item_purchase_floors":[20,20],"current_hp_per_floor":[56,56,55,48,44,17,17,38,38,38,29,29,25,7,28,7,56,42,42,79,66,60,13,36,32,32,38,21,0],"gold":183,"neow_bonus":"TEN_PERCENT_HP_BONUS","is_prod":false,"is_daily":false,"chose_seed":false,"campfire_upgraded":0,"win_rate":0,"timestamp":1561061328,"path_taken":["M","M","?","?","M","E","M","R","T","M","E","?","M","E","R","BOSS","M","?","?","M","?","E","R","M","T","?","E","?"],"build_version":"2019-01-23","purchased_purges":1,"victory":false,"max_hp_per_floor":[72,72,72,72,72,72,72,72,72,72,72,72,72,72,72,72,72,72,72,79,79,79,79,79,79,79,85,85,85],"card_choices":[{"not_picked":["Quick Slash","Leg Sweep"],"picked":"Blade Dance","floor":1},{"not_picked":["Skewer","Prepared"],"picked":"Escape Plan","floor":2},{"not_picked":["Deadly Poison","Quick Slash"],"picked":"Noxious Fumes","floor":3},{"not_picked":["Sucker Punch","Flechettes"],"picked":"Poisoned Stab","floor":5},{"not_picked":["Dodge and Roll","Predator"],"picked":"Bouncing Flask","floor":6},{"not_picked":["PiercingWail","Outmaneuver","Deflect"],"picked":"SKIP","floor":7},{"not_picked":["Prepared","Dodge and Roll"],"picked":"Backflip","floor":10},{"not_picked":["Dash","Choke"],"picked":"Poisoned Stab","floor":11},{"not_picked":["Dagger Spray","Distraction"],"picked":"Quick Slash","floor":13},{"not_picked":["Flying Knee","Underhanded Strike"],"picked":"Bouncing Flask","floor":14},{"not_picked":["Bullet Time","After Image"],"picked":"Adrenaline","floor":16},{"not_picked":["Deflect","Slice"],"picked":"Poisoned Stab","floor":18},{"not_picked":["Dagger Spray","All Out Attack"],"picked":"Endless Agony","floor":21},{"not_picked":["Bouncing Flask","PiercingWail"],"picked":"Quick Slash","floor":23},{"not_picked":["Backstab","Endless Agony+1"],"picked":"Blade Dance","floor":25},{"not_picked":["Caltrops","Expertise"],"picked":"A Thousand Cuts","floor":28}],"player_experience":1482583,"relics_obtained":[{"floor":6,"key":"Paper Crane"},{"floor":9,"key":"Darkstone Periapt"},{"floor":11,"key":"Ornamental Fan"},{"floor":14,"key":"Bag of Marbles"},{"floor":23,"key":"Matryoshka"},{"floor":23,"key":"PreservedInsect"},{"floor":26,"key":"Art of War"},{"floor":26,"key":"Happy Flower"},{"floor":28,"key":"Anchor"},{"floor":28,"key":"Nunchaku"}],"event_choices":[{"cards_removed":["Strike_G"],"damage_healed":0,"gold_gain":0,"player_choice":"Card Removal","damage_taken":7,"max_hp_gain":0,"max_hp_loss":0,"event_name":"Golden Wing","floor":4,"gold_loss":0},{"damage_healed":0,"gold_gain":0,"cards_transformed":["Strike_G"],"player_choice":"Transformed","damage_taken":0,"max_hp_gain":0,"max_hp_loss":0,"event_name":"Transmorgrifier","floor":12,"gold_loss":0,"cards_obtained":["Choke"]},{"damage_healed":0,"gold_gain":0,"player_choice":"Upgraded","damage_taken":0,"max_hp_gain":0,"max_hp_loss":0,"event_name":"Upgrade Shrine","floor":19,"gold_loss":0,"cards_upgraded":["Blade Dance"]},{"damage_healed":0,"gold_gain":0,"player_choice":"Joined the Cult","damage_taken":6,"max_hp_gain":0,"max_hp_loss":0,"event_name":"Nest","floor":22,"gold_loss":0,"cards_obtained":["RitualDagger"]},{"damage_healed":0,"gold_gain":0,"player_choice":"Smashed Altar","damage_taken":0,"max_hp_gain":0,"max_hp_loss":0,"event_name":"Forgotten Altar","floor":27,"gold_loss":0,"cards_obtained":["Decay"]}],"is_beta":false,"boss_relics":[{"not_picked":["Velvet Choker","Ring of the Serpent"],"picked":"Black Star"}],"items_purged_floors":[20],"is_endless":false,"potions_floor_spawned":[2,3,7,11,13,14,23,25],"killed_by":"Snake Plant","ascension_level":15}