{"gold_per_floor":[110,126,51,51,62,87,87,121,121,131,156,56,56,70,70,70],"floor_reached":16,"playtime":705,"items_purged":["Clumsy","Strike_R"],"score":240,"play_id":"0832855c-60ed-4567-9e62-7c8ae185e0be","local_time":"20190702230832","is_ascension_mode":true,"campfire_choices":[{"floor":7,"key":"REST"},{"data":"Pommel Strike","floor":13,"key":"SMITH"},{"data":"True Grit","floor":15,"key":"SMITH"}],"neow_cost":"CURSE","seed_source_timestamp":37748417958281,"circlet_count":0,"master_deck":["AscendersBane","Strike_R","Strike_R","Strike_R","Strike_R+1","Defend_R","Defend_R+1","Defend_R","Defend_R","Bash","Offering","Pommel Strike","Pummel","Pommel Strike+1","Power Through","Immolate","True Grit+1"],"relics":["Burning Blood","Boot","Bottled Flame","Bronze Scales","Juzu Bracelet"],"potions_floor_usage":[11,16,16],"damage_taken":[{"damage":7,"enemies":"Cultist","floor":1,"turns":3},{"damage":4,"enemies":"2 Louse","floor":2,"turns":5},{"damage":3,"enemies":"Small Slimes","floor":5,"turns":3},{"damage":38,"enemies":"Lagavulin","floor":6,"turns":5},{"damage":12,"enemies":"Gremlin Nob","floor":8,"turns":3},{"damage":12,"enemies":"3 Louse","floor":10,"turns":3},{"damage":21,"enemies":"Lagavulin","floor":11,"turns":7},{"damage":3,"enemies":"Large Slime","floor":14,"turns":6},{"damage":15,"enemies":"The Guardian","floor":16,"turns":15}],"seed_played":"2395081561663435582","potions_obtained":[{"floor":1,"key":"Energy Potion"},{"floor":11,"key":"Block Potion"},{"floor":14,"key":"SteroidPotion"}],"is_trial":false,"path_per_floor":["M","M","$","?","M","E","R","E","T","M","E","$","R","M","R","B"],"character_chosen":"IRONCLAD","items_purchased":[],"campfire_rested":1,"item_purchase_floors":[],"current_hp_per_floor":[67,69,69,46,49,17,39,33,33,27,12,12,12,15,15,0],"gold":70,"neow_bonus":"THREE_RARE_CARDS","is_prod":false,"is_daily":false,"chose_seed":false,"campfire_upgraded":2,"win_rate":0,"timestamp":1562101712,"path_taken":["M","M","$","?","M","E","R","E","T","M","E","$","R","M","R","BOSS"],"build_version":"2019-07-01","purchased_purges":2,"victory":false,"max_hp_per_floor":[75,75,75,75,75,75,75,75,75,75,75,75,75,75,75,75],"card_choices":[{"not_picked":["Reaper","Impervious"],"picked":"Offering","floor":0},{"not_picked":["True Grit","Twin Strike"],"picked":"Pommel Strike","floor":1},{"not_picked":["Perfected Strike","Body Slam"],"picked":"Pummel","floor":2},{"not_picked":["Thunderclap","Headbutt"],"picked":"Pommel Strike","floor":5},{"not_picked":["Dropkick","Blood for Blood"],"picked":"Power Through","floor":6},{"not_picked":["Perfected Strike","Iron Wave","Heavy Blade"],"picked":"SKIP","floor":8},{"not_picked":["Pommel Strike","Shockwave"],"picked":"Immolate","floor":10},{"not_picked":["Burning Pact","Feel No Pain"],"picked":"True Grit","floor":11},{"not_picked":["Thunderclap","Headbutt","True Grit"],"picked":"SKIP","floor":14}],"player_experience":1453449,"relics_obtained":[{"floor":6,"key":"Boot"},{"floor":8,"key":"Bottled Flame"},{"floor":9,"key":"Bronze Scales"},{"floor":11,"key":"Juzu Bracelet"}],"event_choices":[{"damage_healed":0,"gold_gain":0,"player_choice":"Entered Light","damage_taken":23,"max_hp_gain":0,"max_hp_loss":0,"event_name":"Shining Light","floor":4,"gold_loss":0,"cards_upgraded":["Defend_R","Strike_R"]}],"is_beta":false,"boss_relics":[],"items_purged_floors":[3,12],"is_endless":false,"potions_floor_spawned":[1,11,14],"killed_by":"The Guardian","ascension_level":20}