{"gold_per_floor":[116,116,41,41,62,62,96,112,185,185,185,219,232,77,77,77],"floor_reached":16,"playtime":3015,"items_purged":["Injury","Strike_R"],"score":225,"play_id":"2c7f7f7b-2bc8-4816-b867-a0b4c3db2da9","local_time":"20181017150544","is_ascension_mode":true,"campfire_choices":[{"data":"Searing Blow","floor":6.0,"key":"SMITH"},{"data":"Searing Blow+1","floor":11.0,"key":"SMITH"},{"floor":15.0,"key":"REST"}],"neow_cost":"PERCENT_DAMAGE","seed_source_timestamp":0,"circlet_count":0,"master_deck":["Strike_R","Strike_R","Strike_R","Strike_R","Defend_R","Defend_R","Defend_R","Defend_R","Bash","AscendersBane","Iron Wave","Searing Blow+2","Headbutt","Thunderclap","Shrug It Off","Body Slam","Shrug It Off","Pommel Strike"],"special_seed":0,"relics":["Burning Blood","Golden Idol","Dream Catcher","Gremlin Horn","Pear","Bag of Marbles"],"potions_floor_usage":[],"damage_taken":[{"damage":7.0,"enemies":"Jaw Worm","floor":1.0,"turns":4.0},{"damage":8.0,"enemies":"2 Louse","floor":5.0,"turns":4.0},{"damage":25.0,"enemies":"Gremlin Nob","floor":7.0,"turns":4.0},{"damage":1.0,"enemies":"Cultist","floor":8.0,"turns":3.0},{"damage":25.0,"enemies":"3 Sentries","floor":12.0,"turns":6.0},{"damage":0.0,"enemies":"2 Fungi Beasts","floor":13.0,"turns":3.0},{"damage":83,"enemies":"Hexaghost","floor":16,"turns":11}],"seed_played":"2167722349089926398","potions_obtained":[{"floor":5.0,"key":"AttackPotion"},{"floor":7.0,"key":"GamblersBrew"}],"is_trial":false,"path_per_floor":["M","?","$","?","M","R","E","M","T","T","R","E","M","$","R"],"character_chosen":"IRONCLAD","items_purchased":["Shrug It Off"],"campfire_rested":1,"item_purchase_floors":[14],"current_hp_per_floor":[63,63,63,68,66,66,47,52,52,62,62,43,49,49,80,0],"gold":77,"neow_bonus":"TWENTY_PERCENT_HP_BONUS","is_prod":false,"is_daily":false,"chose_seed":false,"campfire_upgraded":2,"win_rate":0,"timestamp":1539806744,"path_taken":["M","?","$","?","M","R","E","M","T","?","R","E","M","$","R","BOSS"],"build_version":"2018-10-11","purchased_purges":2,"victory":false,"max_hp_per_floor":[89,89,89,94,94,94,94,94,94,104,104,104,104,104,104,104],"card_choices":[{"not_picked":["Bloodletting","Clash"],"picked":"Iron Wave","floor":1.0},{"not_picked":["Intimidate","True Grit"],"picked":"Searing Blow","floor":5.0},{"not_picked":["Cleave","Whirlwind"],"picked":"Headbutt","floor":7.0},{"not_picked":["Feel No Pain","True Grit"],"picked":"Thunderclap","floor":8.0},{"not_picked":["Wild Strike","Body Slam"],"picked":"Shrug It Off","floor":12.0},{"not_picked":["Inflame","Bludgeon"],"picked":"Body Slam","floor":13.0},{"not_picked":["Sword Boomerang","Body Slam"],"picked":"Pommel Strike","floor":15.0}],"player_experience":780189,"relics_obtained":[{"floor":7.0,"key":"Dream Catcher"},{"floor":9.0,"key":"Gremlin Horn"},{"floor":10.0,"key":"Pear"},{"floor":12.0,"key":"Bag of Marbles"}],"event_choices":[{"event_name":"Golden Idol","player_choice":"Take Wound","floor":2.0,"damage_taken":0.0},{"event_name":"Big Fish","player_choice":"Donut","floor":4.0,"damage_taken":0.0}],"is_beta":false,"boss_relics":[],"items_purged_floors":[3,14],"is_endless":false,"potions_floor_spawned":[5,7],"killed_by":"Hexaghost","ascension_level":17}