{"gold_per_floor":[116,36,36,53,66,99,99,24,24,24,24,24,24],"floor_reached":13,"playtime":684,"items_purged":["Strike_B"],"score":81,"play_id":"c5712dd6-68dd-4fb9-ade7-9e8ae9aa0ace","local_time":"20190618001254","is_ascension_mode":false,"campfire_choices":[{"floor":7,"key":"REST"},{"data":"Chaos","floor":11,"key":"SMITH"}],"neow_cost":"NONE","seed_source_timestamp":56346897169414,"circlet_count":0,"master_deck":["Strike_B","Strike_B+1","Strike_B","Defend_B","Defend_B","Defend_B","Zap+1","Dualcast+1","Capacitor","Chaos+1","Conserve Battery","Multi-Cast"],"relics":["Cracked Core","Meat on the Bone","Vajra","Orichalcum"],"potions_floor_usage":[],"damage_taken":[{"damage":4,"enemies":"2 Louse","floor":1,"turns":2},{"damage":5,"enemies":"Jaw Worm","floor":4,"turns":4},{"damage":3,"enemies":"Small Slimes","floor":5,"turns":3},{"damage":45,"enemies":"Lagavulin","floor":6,"turns":8},{"damage":89,"enemies":"Gremlin Nob","floor":13,"turns":5}],"seed_played":"2178789702743683218","potions_obtained":[{"floor":4,"key":"FairyPotion"},{"floor":5,"key":"Poison Potion"}],"is_trial":false,"path_per_floor":["M","$","?","M","M","E","R","$","T","?","R","?","E"],"character_chosen":"DEFECT","items_purchased":["Capacitor"],"campfire_rested":1,"item_purchase_floors":[2],"current_hp_per_floor":[71,71,59,54,51,18,40,40,40,33,33,18,0],"gold":24,"neow_bonus":"UPGRADE_CARD","is_prod":false,"is_daily":false,"chose_seed":false,"campfire_upgraded":1,"win_rate":0.0,"timestamp":1560809574,"path_taken":["M","$","?","M","M","E","R","$","T","?","R","?","E"],"build_version":"2019-01-23","purchased_purges":1,"victory":false,"max_hp_per_floor":[75,75,75,75,75,75,75,75,75,75,75,75,75],"card_choices":[{"not_picked":["Stack","Hologram","Blizzard"],"picked":"SKIP","floor":1},{"not_picked":["Rebound","Beam Cell"],"picked":"Chaos","floor":4},{"not_picked":["FTL","Coolheaded"],"picked":"Conserve Battery","floor":5},{"not_picked":["Sweeping Beam","Streamline"],"picked":"Multi-Cast","floor":6}],"player_experience":72543,"relics_obtained":[{"floor":6,"key":"Vajra"},{"floor":9,"key":"Orichalcum"}],"event_choices":[{"damage_healed":0,"gold_gain":0,"player_choice":"Success","damage_taken":12,"relics_obtained":["Meat on the Bone"],"max_hp_gain":0,"max_hp_loss":0,"event_name":"Scrap Ooze","floor":3,"gold_loss":0},{"cards_removed":["Defend_B"],"damage_healed":0,"gold_gain":0,"player_choice":"Card Removal","damage_taken":7,"max_hp_gain":0,"max_hp_loss":0,"event_name":"Golden Wing","floor":10,"gold_loss":0},{"damage_healed":0,"gold_gain":0,"player_choice":"Entered Light","damage_taken":15,"max_hp_gain":0,"max_hp_loss":0,"event_name":"Shining Light","floor":12,"gold_loss":0,"cards_upgraded":["Dualcast","Strike_B"]}],"is_beta":false,"boss_relics":[],"items_purged_floors":[8],"is_endless":false,"potions_floor_spawned":[4,5],"killed_by":"Gremlin Nob","ascension_level":0}