{"gold_per_floor":[110,110,110,110,110,140,140,170,170,187,197,197,53,63,63,134,134,85,85,85,10,21,21],"floor_reached":23,"playtime":1065,"items_purged":["Decay"],"score":457,"play_id":"c2458e33-df61-4c31-a9d1-f7f7bcf51958","local_time":"20181018213258","is_ascension_mode":true,"campfire_choices":[{"data":"Headbutt","floor":7,"key":"SMITH"},{"data":"Cleave","floor":12,"key":"SMITH"},{"data":"Rampage","floor":15,"key":"SMITH"}],"neow_cost":"NONE","seed_source_timestamp":104245617675681,"circlet_count":0,"master_deck":["Strike_R","Strike_R","Strike_R","Strike_R","Defend_R","Defend_R","Defend_R","Defend_R","Bash","AscendersBane","Battle Trance","Headbutt+1","Metallicize","Heavy Blade","Cleave+1","Flex","Rampage+1","Headbutt","Limit Break","Perfected Strike"],"relics":["Burning Blood","NeowsBlessing","Centennial Puzzle","Blood Vial","Dream Catcher","Oddly Smooth Stone","Black Star","Meat on the Bone"],"potions_floor_usage":[14,16],"damage_taken":[{"damage":0,"enemies":"2 Louse","floor":1,"turns":1},{"damage":0,"enemies":"Gremlin Nob","floor":6,"turns":1},{"damage":0,"enemies":"3 Sentries","floor":8,"turns":1},{"damage":7,"enemies":"Jaw Worm","floor":10,"turns":3},{"damage":0,"enemies":"Small Slimes","floor":11,"turns":4},{"damage":0,"enemies":"2 Fungi Beasts","floor":14,"turns":3},{"damage":57,"enemies":"The Guardian","floor":16,"turns":11},{"damage":35,"enemies":"2 Thieves","floor":18,"turns":5},{"damage":21,"enemies":"Spheric Guardian","floor":22,"turns":4},{"damage":20,"enemies":"Gremlin Leader","floor":23,"turns":6}],"seed_played":"-3178669189081927483","potions_obtained":[{"floor":1,"key":"Ancient Potion"},{"floor":8,"key":"SpeedPotion"},{"floor":10,"key":"Block Potion"},{"floor":18,"key":"Ancient Potion"}],"is_trial":false,"path_per_floor":["M","?","?","?","?","E","R","E","T","M","M","R","$","M","R","B",null,"M","?","?","$","M"],"character_chosen":"IRONCLAD","items_purchased":["Flex","Rampage"],"campfire_rested":0,"item_purchase_floors":[13,13],"current_hp_per_floor":[74,67,56,30,55,61,61,69,69,70,75,75,75,75,75,24,62,35,35,35,35,34,16],"gold":21,"neow_bonus":"THREE_ENEMY_KILL","is_prod":false,"is_daily":false,"chose_seed":false,"campfire_upgraded":3,"win_rate":0,"timestamp":1539916378,"path_taken":["M","?","?","?","?","E","R","E","T","M","M","R","$","M","R","BOSS","M","?","?","$","M","E"],"build_version":"2018-10-18","purchased_purges":1,"victory":false,"max_hp_per_floor":[75,75,75,75,75,75,75,75,75,75,75,75,75,75,75,75,75,75,75,75,75,75,75],"card_choices":[{"not_picked":["Reckless Charge","Havoc"],"picked":"Battle Trance","floor":1},{"not_picked":["Bloodletting","Sword Boomerang"],"picked":"Headbutt","floor":6},{"not_picked":["Exhume","Combust"],"picked":"Metallicize","floor":8},{"not_picked":["Second Wind","Sentinel"],"picked":"Heavy Blade","floor":10},{"not_picked":["Wild Strike","Clothesline"],"picked":"Cleave","floor":11},{"not_picked":["Anger","Combust"],"picked":"Headbutt","floor":14},{"not_picked":["Offering","Brutality"],"picked":"Limit Break","floor":16},{"not_picked":["True Grit","Clothesline","Body Slam"],"picked":"SKIP","floor":18},{"not_picked":["Dropkick","Feel No Pain"],"picked":"Perfected Strike","floor":22}],"player_experience":790783,"relics_obtained":[{"floor":6,"key":"Blood Vial"},{"floor":8,"key":"Dream Catcher"},{"floor":9,"key":"Oddly Smooth Stone"}],"event_choices":[{"cards_removed":["Strike_R"],"damage_healed":0,"gold_gain":0,"player_choice":"Card Removal","damage_taken":7,"max_hp_gain":0,"max_hp_loss":0,"event_name":"Golden Wing","floor":2,"gold_loss":0},{"damage_healed":0,"gold_gain":0,"player_choice":"Damaged","damage_taken":11,"max_hp_gain":0,"max_hp_loss":0,"event_name":"Wheel of Change","floor":3,"gold_loss":0},{"damage_healed":0,"gold_gain":0,"player_choice":"Success","damage_taken":26,"relics_obtained":["Centennial Puzzle"],"max_hp_gain":0,"max_hp_loss":0,"event_name":"Scrap Ooze","floor":4,"gold_loss":0},{"damage_healed":25,"gold_gain":0,"player_choice":"Banana","damage_taken":0,"max_hp_gain":0,"max_hp_loss":0,"event_name":"Big Fish","floor":5,"gold_loss":0},{"damage_healed":0,"gold_gain":0,"player_choice":"Smashed Altar","damage_taken":0,"max_hp_gain":0,"max_hp_loss":0,"event_name":"Forgotten Altar","floor":19,"gold_loss":0,"cards_obtained":["Decay"]},{"damage_healed":0,"gold_gain":0,"player_choice":"Gave Potion","damage_taken":0,"relics_obtained":["Meat on the Bone"],"max_hp_gain":0,"max_hp_loss":0,"event_name":"WeMeetAgain","floor":20,"gold_loss":0}],"is_beta":false,"boss_relics":[{"not_picked":["Astrolabe","Pandora\u0027s Box"],"picked":"Black Star"}],"items_purged_floors":[21],"is_endless":false,"potions_floor_spawned":[1,8,10,11,18],"killed_by":"Gremlin Leader","ascension_level":17}