{"gold_per_floor":[116,133,144,160,160,160,190,190,238,252,282,299,312,331,331,429,429,439,22,39,39,39,65,65],"floor_reached":24,"playtime":1697,"items_purged":[],"score":253,"play_id":"69b20e6d-b459-4799-afbf-5533145cc977","local_time":"20180831185038","is_ascension_mode":true,"campfire_choices":[{"data":"Bouncing Flask","floor":6,"key":"SMITH"},{"floor":8,"key":"REST"},{"floor":15,"key":"REST"}],"neow_cost":"NONE","seed_source_timestamp":117858628950122,"circlet_count":0,"master_deck":["Defend_G","Defend_G","Defend_G","Defend_G","Defend_G","Strike_G","Strike_G","Strike_G","Strike_G","Strike_G","Survivor","Neutralize","Dagger Spray","Quick Slash","Flying Knee","Bouncing Flask+1","Dagger Throw","Poisoned Stab","Crippling Poison","Escape Plan","Poisoned Stab","Underhanded Strike","Corpse Explosion","Dramatic Entrance+1","Crippling Poison","Eviscerate+1","Quick Slash+1"],"relics":["Ring of the Snake","Bottled Flame","Lantern","Oddly Smooth Stone","Fusion Hammer","Molten Egg 2","Nilry\u0027s Codex","Blood Vial"],"potions_floor_usage":[3,11,12,12,16,16,16,23],"damage_taken":[{"damage":6,"enemies":"Small Slimes","floor":1,"turns":4},{"damage":0,"enemies":"Jaw Worm","floor":2,"turns":6},{"damage":4,"enemies":"Cultist","floor":3,"turns":3},{"damage":1,"enemies":"Looter","floor":4,"turns":3},{"damage":18,"enemies":"Gremlin Nob","floor":7,"turns":4},{"damage":2,"enemies":"3 Louse","floor":10,"turns":3},{"damage":15,"enemies":"3 Sentries","floor":11,"turns":6},{"damage":6,"enemies":"Exordium Thugs","floor":12,"turns":5},{"damage":7,"enemies":"Red Slaver","floor":13,"turns":3},{"damage":2,"enemies":"Looter","floor":14,"turns":3},{"damage":14,"enemies":"Hexaghost","floor":16,"turns":7},{"damage":0,"enemies":"Spheric Guardian","floor":18,"turns":3},{"damage":21,"enemies":"Shell Parasite","floor":20,"turns":4},{"damage":31,"enemies":"Slavers","floor":23,"turns":4},{"damage":16,"enemies":"Sentry and Sphere","floor":24,"turns":3}],"seed_played":"1510802368618156040","potions_obtained":[{"floor":2,"key":"Weak Potion"},{"floor":7,"key":"Energy Potion"},{"floor":10,"key":"Block Potion"},{"floor":11,"key":"SteroidPotion"},{"floor":14,"key":"EntropicBrew"},{"floor":16,"key":"FearPotion"},{"floor":23,"key":"Explosive Potion"}],"is_trial":false,"path_per_floor":["M","M","M","M","?","R","E","R","T","M","E","M","M","M","R","B",null,"M","$","M","?","$","E"],"character_chosen":"THE_SILENT","items_purchased":["Molten Egg 2","Dramatic Entrance+1","Crippling Poison"],"campfire_rested":2,"item_purchase_floors":[19,19,19],"current_hp_per_floor":[71,71,67,66,71,71,53,77,77,75,60,54,47,45,69,55,82,82,82,61,45,45,14,0],"gold":65,"neow_bonus":"TEN_PERCENT_HP_BONUS","is_prod":false,"is_daily":false,"chose_seed":false,"campfire_upgraded":1,"win_rate":0,"timestamp":1535766638,"path_taken":["M","M","M","M","?","R","E","R","T","M","E","M","M","M","R","BOSS","M","$","?","?","?","E","M"],"build_version":"2018-08-30","purchased_purges":0,"victory":false,"max_hp_per_floor":[77,77,77,77,82,82,82,82,82,82,82,82,82,82,82,82,82,82,82,82,82,82,82,82],"card_choices":[{"not_picked":["Dodge and Roll","Accuracy"],"picked":"Dagger Spray","floor":1},{"not_picked":["Blade Dance","Reflex"],"picked":"Quick Slash","floor":2},{"not_picked":["Reflex","PiercingWail"],"picked":"Flying Knee","floor":3},{"not_picked":["Underhanded Strike","Tactician"],"picked":"Bouncing Flask","floor":4},{"not_picked":["Quick Slash","Well Laid Plans"],"picked":"Dagger Throw","floor":7},{"not_picked":["Heel Hook","Dagger Throw"],"picked":"Poisoned Stab","floor":10},{"not_picked":["Catalyst","Backflip"],"picked":"Crippling Poison","floor":11},{"not_picked":["Sucker Punch","Reflex"],"picked":"Escape Plan","floor":12},{"not_picked":["Accuracy","Night Terror"],"picked":"Poisoned Stab","floor":13},{"not_picked":["Poisoned Stab","Sucker Punch"],"picked":"Underhanded Strike","floor":14},{"not_picked":["Burst","Malaise"],"picked":"Corpse Explosion","floor":16},{"not_picked":["Cloak And Dagger","Endless Agony","Blur"],"picked":"SKIP","floor":18},{"not_picked":["Flying Knee+1","Footwork+1"],"picked":"Eviscerate+1","floor":20},{"not_picked":["Underhanded Strike+1","Well Laid Plans"],"picked":"Quick Slash+1","floor":23}],"player_experience":269722,"relics_obtained":[{"floor":7,"key":"Bottled Flame"},{"floor":9,"key":"Lantern"},{"floor":11,"key":"Oddly Smooth Stone"},{"floor":21,"key":"Nilry\u0027s Codex"},{"floor":23,"key":"Blood Vial"}],"event_choices":[{"event_name":"Big Fish","player_choice":"Donut","floor":5,"damage_taken":0},{"event_name":"Cursed Tome","player_choice":"Obtained Book","floor":21,"damage_taken":0}],"is_beta":false,"boss_relics":[{"not_picked":["HoveringKite","WristBlade"],"picked":"Fusion Hammer"}],"items_purged_floors":[],"is_endless":false,"potions_floor_spawned":[2,7,10,11,14,16,23],"killed_by":"Sentry and Sphere","ascension_level":2}