{"gold_per_floor":[119,139,139,154,224,224,252,269,269,280,280,280,207,241,241,345,345,361,361,27,27,43,43,56,56,79,79,98,116,41,67,67,67],"floor_reached":33,"playtime":3423,"items_purged":["Strike_G"],"score":451,"play_id":"0b7098e8-4378-448b-8c95-5f5b97e50c29","local_time":"20190416220022","is_ascension_mode":true,"campfire_choices":[{"data":"Blade Dance","floor":6,"key":"SMITH"},{"floor":11,"key":"REST"},{"floor":15,"key":"REST"},{"data":"Dash","floor":23,"key":"SMITH"},{"data":"Blade Dance","floor":25,"key":"SMITH"},{"data":"Flying Knee","floor":27,"key":"SMITH"},{"floor":32,"key":"REST"}],"neow_cost":"NONE","seed_source_timestamp":0,"circlet_count":0,"master_deck":["AscendersBane","Defend_G+1","Defend_G","Defend_G","Defend_G+1","Survivor","Neutralize","Blade Dance+1","Poisoned Stab","Dash+1","Cloak And Dagger","Sucker Punch","Cloak And Dagger","Adrenaline","Well Laid Plans","Dagger Throw","Adrenaline","Predator+1","Malaise+1","Deflect+1","Noxious Fumes","Blade Dance+1","Poisoned Stab","Flying Knee+1","Backflip","Backflip","Quick Slash+1","Blade Dance","Sucker Punch","Deflect","Blade Dance+1","Sucker Punch"],"special_seed":0,"relics":["Ring of the Snake","FossilizedHelix","Prayer Wheel","Turnip","Centennial Puzzle","Astrolabe","ClockworkSouvenir","Anchor","Nunchaku"],"potions_floor_usage":[7,16,31,33],"damage_taken":[{"damage":2.0,"enemies":"Cultist","floor":1.0,"turns":5.0},{"damage":5.0,"enemies":"Small Slimes","floor":2.0,"turns":4.0},{"damage":0,"enemies":"2 Louse","floor":4,"turns":3},{"damage":26,"enemies":"Lagavulin","floor":7,"turns":8},{"damage":0,"enemies":"Blue Slaver","floor":8,"turns":3},{"damage":0,"enemies":"Looter","floor":10,"turns":4},{"damage":12,"enemies":"3 Sentries","floor":14,"turns":9},{"damage":27,"enemies":"Slime Boss","floor":16,"turns":17},{"damage":7,"enemies":"2 Thieves","floor":18,"turns":4},{"damage":0,"enemies":"Chosen","floor":22,"turns":4},{"damage":0,"enemies":"Shelled Parasite and Fungi","floor":24,"turns":6},{"damage":0,"enemies":"Snecko","floor":28,"turns":4},{"damage":0,"enemies":"Cultist and Chosen","floor":29,"turns":6},{"damage":7,"enemies":"Book of Stabbing","floor":31,"turns":6},{"damage":112,"enemies":"Champ","floor":33,"turns":16}],"seed_played":"-5482125713132161205","potions_obtained":[{"floor":2.0,"key":"FairyPotion"},{"floor":4,"key":"Block Potion"},{"floor":7,"key":"GhostInAJar"},{"floor":18,"key":"LiquidBronze"},{"floor":31,"key":"FearPotion"}],"is_trial":false,"path_per_floor":["M","M","?","M","?","R","E","M","T","M","R","?","$","E","R","B",null,"M","?","$","?","M","R","M","R","T","R","M","M","?","E","R","B"],"character_chosen":"THE_SILENT","items_purchased":["Well Laid Plans","ClockworkSouvenir","Poisoned Stab"],"campfire_rested":3,"item_purchase_floors":[13,20,20],"current_hp_per_floor":[68,63,48,48,48,48,22,22,22,22,45,33,33,21,44,17,62,55,55,55,55,55,55,55,55,55,55,55,55,55,48,71,0],"gold":67,"neow_bonus":"TEN_PERCENT_HP_BONUS","is_prod":false,"is_daily":false,"chose_seed":false,"campfire_upgraded":4,"win_rate":0,"timestamp":1555470022,"path_taken":["M","M","?","M","?","R","E","M","T","M","R","?","$","E","R","BOSS","M","?","$","?","M","R","M","R","T","R","M","M","?","E","R","BOSS"],"build_version":"2019-01-23","purchased_purges":1,"victory":false,"max_hp_per_floor":[77,77,77,77,77,77,77,77,77,77,77,77,77,77,77,77,77,77,77,77,77,77,77,77,77,77,77,77,77,77,77,77,77],"card_choices":[{"not_picked":["Deflect","Prepared"],"picked":"Blade Dance","floor":1.0},{"not_picked":["Bane","All Out Attack"],"picked":"Poisoned Stab","floor":2.0},{"not_picked":["Deadly Poison","Backflip"],"picked":"Dash","floor":4},{"not_picked":["Concentrate","Prepared"],"picked":"Cloak And Dagger","floor":7},{"not_picked":["PiercingWail","Quick Slash"],"picked":"Sucker Punch","floor":8},{"not_picked":["Prepared","Underhanded Strike"],"picked":"Cloak And Dagger","floor":10},{"not_picked":["Cloak And Dagger","Dagger Spray"],"picked":"Adrenaline","floor":10},{"not_picked":["Deflect","Prepared"],"picked":"Dagger Throw","floor":14},{"not_picked":["Glass Knife","Wraith Form v2"],"picked":"Adrenaline","floor":16},{"not_picked":["Prepared","Dagger Spray"],"picked":"Noxious Fumes","floor":18},{"not_picked":["Concentrate","Sucker Punch"],"picked":"Blade Dance","floor":18},{"not_picked":["Dagger Spray","Concentrate"],"picked":"Flying Knee","floor":22},{"not_picked":["Flechettes","Skewer"],"picked":"Backflip","floor":22},{"not_picked":["Heel Hook","Prepared+1"],"picked":"Backflip","floor":24},{"not_picked":["Distraction","Caltrops"],"picked":"Quick Slash+1","floor":24},{"not_picked":["Phantasmal Killer","Dodge and Roll"],"picked":"Blade Dance","floor":28},{"not_picked":["Riddle With Holes","Prepared+1"],"picked":"Sucker Punch","floor":28},{"not_picked":["PiercingWail","Flying Knee"],"picked":"Deflect","floor":29},{"not_picked":["Masterful Stab","Dodge and Roll"],"picked":"Blade Dance+1","floor":29},{"not_picked":["Escape Plan","Blur+1"],"picked":"Sucker Punch","floor":31}],"player_experience":1328219,"relics_obtained":[{"floor":7,"key":"FossilizedHelix"},{"floor":9,"key":"Prayer Wheel"},{"floor":14,"key":"Centennial Puzzle"},{"floor":26,"key":"Anchor"},{"floor":31,"key":"Nunchaku"}],"event_choices":[{"damage_healed":0.0,"max_hp_gain":0.0,"max_hp_loss":0.0,"gold_gain":0.0,"event_name":"Shining Light","player_choice":"Entered Light","floor":3.0,"gold_loss":0.0,"damage_taken":15.0,"cards_upgraded":["Defend_G","Defend_G"]},{"damage_healed":0,"gold_gain":70,"player_choice":"Gained Gold","damage_taken":0,"max_hp_gain":0,"max_hp_loss":0,"event_name":"Golden Wing","floor":5,"gold_loss":0},{"damage_healed":0,"gold_gain":0,"player_choice":"Success","damage_taken":12,"relics_obtained":["Turnip"],"max_hp_gain":0,"max_hp_loss":0,"event_name":"Scrap Ooze","floor":12,"gold_loss":0},{"damage_healed":0,"gold_gain":0,"player_choice":"Ignored","damage_taken":0,"max_hp_gain":0,"max_hp_loss":0,"event_name":"Ghosts","floor":19,"gold_loss":0},{"cards_removed":["Strike_G"],"damage_healed":0,"gold_gain":0,"player_choice":"Elegance","damage_taken":0,"max_hp_gain":0,"max_hp_loss":0,"event_name":"Back to Basics","floor":21,"gold_loss":0},{"cards_removed":["Strike_G"],"damage_healed":0,"gold_gain":0,"player_choice":"Gave Gold","damage_taken":0,"max_hp_gain":0,"max_hp_loss":0,"event_name":"Beggar","floor":30,"gold_loss":75}],"is_beta":false,"boss_relics":[{"not_picked":["Snecko Eye","Philosopher\u0027s Stone"],"picked":"Astrolabe"}],"items_purged_floors":[20],"is_endless":false,"potions_floor_spawned":[2,4,7,14,18,24,31],"killed_by":"Champ","ascension_level":11}