{"gold_per_floor":[118,135,135,44,44,44,72,72,123,123,123,202,47,61,61,157,157,167,167,167,167,55,55,55,89,115,115],"floor_reached":27,"playtime":1256,"items_purged":["Strike_G"],"score":372,"play_id":"a2660ec0-3ffc-4569-8e4c-5793b3784583","local_time":"20181028172440","is_ascension_mode":true,"campfire_choices":[{"data":"Flash of Steel","floor":6,"key":"SMITH"},{"data":"Dash","floor":8,"key":"SMITH"},{"data":"Neutralize","floor":11,"key":"SMITH"},{"data":"Blur","floor":15,"key":"SMITH"},{"data":"A Thousand Cuts","floor":24,"key":"SMITH"}],"neow_cost":"NONE","seed_source_timestamp":953418682123336,"circlet_count":0,"master_deck":["Defend_G","Defend_G","Defend_G","Defend_G","Defend_G","Strike_G","Strike_G","Strike_G+1","Strike_G","Survivor+1","Neutralize+1","AscendersBane","Blur+1","Dash+1","Flash of Steel+1","Backflip","Backflip","A Thousand Cuts+1","Heel Hook","Escape Plan","Shame","Deflect"],"relics":["Ring of the Snake","NeowsBlessing","Kunai","Boot","Ornamental Fan","Bag of Preparation","Busted Crown","Pocketwatch","Ice Cream","Bronze Scales","Meat on the Bone","Pen Nib"],"potions_floor_usage":[16,16],"damage_taken":[{"damage":0,"enemies":"2 Louse","floor":1,"turns":1},{"damage":0,"enemies":"Small Slimes","floor":2,"turns":1},{"damage":0,"enemies":"3 Sentries","floor":7,"turns":1},{"damage":0,"enemies":"Jaw Worm","floor":14,"turns":2},{"damage":3,"enemies":"The Guardian","floor":16,"turns":17},{"damage":0,"enemies":"Chosen","floor":18,"turns":6},{"damage":33,"enemies":"Slavers","floor":25,"turns":5},{"damage":15,"enemies":"Gremlin Leader","floor":27,"turns":7}],"seed_played":"-6843536799254870076","potions_obtained":[{"floor":2,"key":"SteroidPotion"},{"floor":14,"key":"FearPotion"}],"is_trial":false,"path_per_floor":["M","M","?","$","?","R","E","R","T","$","R","T","$","M","R","B",null,"M","?","T","?","$","?","R","E","T"],"character_chosen":"THE_SILENT","items_purchased":["Flash of Steel","Bag of Preparation","Escape Plan"],"campfire_rested":0,"item_purchase_floors":[4,13,22],"current_hp_per_floor":[63,63,68,68,53,53,53,53,53,53,53,53,53,53,53,50,69,69,69,69,55,55,55,55,22,22,7],"gold":115,"neow_bonus":"THREE_ENEMY_KILL","is_prod":false,"is_daily":false,"chose_seed":false,"campfire_upgraded":5,"win_rate":0,"timestamp":1540765480,"path_taken":["M","M","?","$","?","R","E","R","T","?","R","?","$","M","R","BOSS","M","?","?","?","$","?","R","E","T","E"],"build_version":"2018-10-25v2","purchased_purges":1,"victory":false,"max_hp_per_floor":[70,70,75,75,75,75,75,75,75,75,75,75,75,75,75,75,75,75,75,75,80,80,80,80,80,80,80],"card_choices":[{"not_picked":["Outmaneuver","Concentrate"],"picked":"Blur","floor":1},{"not_picked":["Dagger Throw","Bouncing Flask"],"picked":"Dash","floor":2},{"not_picked":["Crippling Poison","Tactician"],"picked":"Backflip","floor":7},{"not_picked":["PiercingWail","Reflex"],"picked":"Backflip","floor":14},{"not_picked":["Venomology","Malaise"],"picked":"A Thousand Cuts","floor":16},{"not_picked":[],"picked":"Heel Hook","floor":18},{"not_picked":[],"picked":"Deflect","floor":25}],"player_experience":879560,"relics_obtained":[{"floor":7,"key":"Kunai"},{"floor":9,"key":"Boot"},{"floor":12,"key":"Ornamental Fan"},{"floor":20,"key":"Ice Cream"},{"floor":25,"key":"Meat on the Bone"},{"floor":26,"key":"Pen Nib"}],"event_choices":[{"damage_healed":0,"gold_gain":0,"player_choice":"Donut","damage_taken":0,"max_hp_gain":5,"max_hp_loss":0,"event_name":"Big Fish","floor":3,"gold_loss":0},{"damage_healed":0,"gold_gain":0,"player_choice":"Entered Light","damage_taken":15,"max_hp_gain":0,"max_hp_loss":0,"event_name":"Shining Light","floor":5,"gold_loss":0,"cards_upgraded":["Strike_G","Survivor"]},{"damage_healed":0,"gold_gain":0,"player_choice":"Opened","damage_taken":0,"relics_obtained":["Pocketwatch"],"max_hp_gain":0,"max_hp_loss":0,"event_name":"The Mausoleum","floor":19,"gold_loss":0},{"damage_healed":0,"gold_gain":0,"player_choice":"Shed Blood","damage_taken":19,"max_hp_gain":5,"max_hp_loss":0,"event_name":"Forgotten Altar","floor":21,"gold_loss":0},{"damage_healed":0,"gold_gain":0,"player_choice":"Stole Relic","damage_taken":0,"relics_obtained":["Bronze Scales"],"max_hp_gain":0,"max_hp_loss":0,"event_name":"Addict","floor":23,"gold_loss":0,"cards_obtained":["Shame"]}],"is_beta":false,"boss_relics":[{"not_picked":["Coffee Dripper","Calling Bell"],"picked":"Busted Crown"}],"items_purged_floors":[22],"is_endless":false,"potions_floor_spawned":[2,14],"killed_by":"Gremlin Leader","ascension_level":10}