{"gold_per_floor":[19,94,94,107,107,107,125,75,123,123,143,143,143,172,172,274,274,285,299,299,310,97,124,124,139,164,174,174,192,192],"floor_reached":30,"playtime":2062,"items_purged":[],"score":288,"play_id":"713411a5-f2ba-486c-90b9-520b820b9cfe","local_time":"20180812183713","is_ascension_mode":true,"campfire_choices":[{"floor":6.0,"key":"REST"},{"floor":10.0,"key":"REST"},{"data":"Quick Slash","floor":13.0,"key":"SMITH"},{"floor":15.0,"key":"REST"},{"floor":24.0,"key":"REST"}],"neow_cost":"NO_GOLD","seed_source_timestamp":0,"circlet_count":0,"master_deck":["Defend_G","Defend_G","Defend_G+1","Defend_G","Defend_G","Strike_G","Strike_G","Survivor","Neutralize+1","Dagger Spray+1","Flying Knee","Infinite Blades","Quick Slash+1","Dagger Spray","Tools of the Trade","Master of Strategy","Accuracy+1"],"special_seed":0,"relics":["Ring of the Snake","Ninja Scroll","Happy Flower","Singing Bowl","WristBlade","Dead Branch","Orichalcum"],"potions_floor_usage":[29],"damage_taken":[{"damage":2.0,"enemies":"Jaw Worm","floor":1.0,"turns":6.0},{"damage":0.0,"enemies":"2 Louse","floor":4.0,"turns":2.0},{"damage":0.0,"enemies":"Small Slimes","floor":7.0,"turns":1.0},{"damage":6.0,"enemies":"Looter","floor":11.0,"turns":3.0},{"damage":2.0,"enemies":"3 Sentries","floor":14.0,"turns":4.0},{"damage":29.0,"enemies":"The Guardian","floor":16.0,"turns":11.0},{"damage":6.0,"enemies":"Shell Parasite","floor":18.0,"turns":4.0},{"damage":10.0,"enemies":"Spheric Guardian","floor":19.0,"turns":4.0},{"damage":15.0,"enemies":"Snake Plant","floor":21.0,"turns":6.0},{"damage":34.0,"enemies":"Book of Stabbing","floor":23.0,"turns":6.0},{"damage":2.0,"enemies":"Centurion and Healer","floor":25.0,"turns":3.0},{"damage":11.0,"enemies":"Snecko","floor":27.0,"turns":4.0},{"damage":16,"enemies":"Snake Plant","floor":29,"turns":4},{"damage":0,"enemies":"Centurion and Healer","floor":30,"turns":1}],"seed_played":"-1472629568673263427","potions_obtained":[{"floor":1.0,"key":"SpeedPotion"},{"floor":7.0,"key":"SkillPotion"},{"floor":18.0,"key":"AttackPotion"},{"floor":19.0,"key":"Weak Potion"},{"floor":23.0,"key":"Explosive Potion"},{"floor":25.0,"key":"Explosive Potion"}],"is_trial":false,"path_per_floor":["M","?","?","M","?","R","M","?","T","R","M","?","R","E","R","B",null,"M","M","?","M","$","E","R","M","T","M","?","M"],"character_chosen":"THE_SILENT","items_purchased":["Master of Strategy"],"campfire_rested":4,"item_purchase_floors":[22],"current_hp_per_floor":[68,57,24,24,24,45,45,45,45,66,60,46,46,44,65,36,70,66,58,58,45,45,13,36,36,36,25,25,11,11],"gold":192,"neow_bonus":"REMOVE_TWO","is_prod":false,"is_daily":false,"chose_seed":false,"campfire_upgraded":1,"win_rate":0,"timestamp":1534117033,"path_taken":["M","?","?","M","?","R","M","?","T","R","?","?","R","E","R","BOSS","M","M","?","M","$","E","R","M","T","M","?","M","M"],"build_version":"2018-08-09","purchased_purges":0,"victory":false,"max_hp_per_floor":[70,70,70,70,70,70,70,70,70,70,70,70,70,70,70,70,70,72,74,74,76,76,78,78,80,80,80,80,82,82],"card_choices":[{"not_picked":["Tactician","Predator"],"picked":"Dagger Spray","floor":1.0},{"not_picked":["Outmaneuver","Terror"],"picked":"Flying Knee","floor":4.0},{"not_picked":["Slice","Choke"],"picked":"Infinite Blades","floor":7.0},{"not_picked":["Choke","Bane"],"picked":"Quick Slash","floor":11.0},{"not_picked":["Backflip","Deflect"],"picked":"Dagger Spray","floor":14.0},{"not_picked":["After Image","Night Terror"],"picked":"Tools of the Trade","floor":16.0},{"not_picked":["Underhanded Strike+1","All Out Attack+1","Acrobatics"],"picked":"Singing Bowl","floor":18.0},{"not_picked":["Prepared+1","Outmaneuver","Underhanded Strike"],"picked":"Singing Bowl","floor":19.0},{"not_picked":["PiercingWail+1","Dodge and Roll","Flying Knee"],"picked":"Singing Bowl","floor":21.0},{"not_picked":["Deadly Poison","Prepared","Heel Hook"],"picked":"Singing Bowl","floor":23.0},{"not_picked":["Cloak And Dagger","Acrobatics","Venomology"],"picked":"Singing Bowl","floor":25.0},{"not_picked":["Quick Slash+1","Cloak And Dagger"],"picked":"Accuracy+1","floor":27.0},{"not_picked":["Dash","Choke+1","Dodge and Roll+1"],"picked":"Singing Bowl","floor":29}],"player_experience":489193,"relics_obtained":[{"floor":9.0,"key":"Happy Flower"},{"floor":14.0,"key":"Singing Bowl"},{"floor":23.0,"key":"Dead Branch"},{"floor":26.0,"key":"Orichalcum"}],"event_choices":[{"event_name":"World of Goop","player_choice":"Gather Gold","floor":2.0,"damage_taken":0.0},{"event_name":"Scrap Ooze","player_choice":"success","floor":3.0,"damage_taken":33.0},{"event_name":"Living Wall","player_choice":"Grow","floor":5.0,"damage_taken":0.0},{"event_name":"The Cleric","player_choice":"Card Removal","floor":8.0,"damage_taken":0.0},{"event_name":"Shining Light","player_choice":"Entered Light","floor":12.0,"damage_taken":0.0},{"event_name":"The Woman in Blue","player_choice":"Bought 0 Potions","floor":20.0,"damage_taken":0.0},{"event_name":"Vampires","player_choice":"Ignored","floor":28.0,"damage_taken":0.0}],"is_beta":false,"boss_relics":[{"not_picked":["Calling Bell","Ectoplasm"],"picked":"WristBlade"}],"items_purged_floors":[],"is_endless":false,"potions_floor_spawned":[1,7,18,19,23,25],"killed_by":"Centurion and Healer","ascension_level":3}