{"gold_per_floor":[113,113,34,34,209,238,238,272,272,285,303,316,339,370,370,469,469,485,516,206,224,224],"floor_reached":22,"playtime":1671,"items_purged":[],"score":403,"play_id":"802298c4-8aa2-4082-8a39-617de57170ae","local_time":"20180929112220","is_ascension_mode":true,"campfire_choices":[{"data":"Rampage","floor":7.0,"key":"SMITH"},{"data":"Flame Barrier","floor":15.0,"key":"SMITH"}],"neow_cost":"NONE","seed_source_timestamp":0,"circlet_count":0,"master_deck":["Strike_R","Strike_R+1","Strike_R","Strike_R","Strike_R","Defend_R+1","Defend_R+1","Defend_R","Defend_R","Bash","AscendersBane","Headbutt+1","Rampage+1","Doubt","Flex","Flame Barrier+1","Pommel Strike","Iron Wave","Pommel Strike","Pommel Strike+1","Feed+1","Perfected Strike+1","Twin Strike+1","Wild Strike+1"],"special_seed":0,"relics":["Burning Blood","NeowsBlessing","War Paint","Pear","Ancient Tea Set","Oddly Smooth Stone","Molten Egg 2","Lizard Tail","Red Mask","Shovel"],"potions_floor_usage":[],"damage_taken":[{"damage":0.0,"enemies":"Small Slimes","floor":1.0,"turns":1.0},{"damage":0.0,"enemies":"Gremlin Nob","floor":6.0,"turns":1.0},{"damage":0.0,"enemies":"3 Sentries","floor":8.0,"turns":2.0},{"damage":7.0,"enemies":"2 Louse","floor":10.0,"turns":3.0},{"damage":0.0,"enemies":"Cultist","floor":11.0,"turns":2.0},{"damage":0.0,"enemies":"Large Slime","floor":12.0,"turns":3.0},{"damage":8.0,"enemies":"Lagavulin","floor":14.0,"turns":7.0},{"damage":51.0,"enemies":"Slime Boss","floor":16.0,"turns":10.0},{"damage":27.0,"enemies":"Spheric Guardian","floor":18.0,"turns":4.0},{"damage":23.0,"enemies":"Masked Bandits","floor":19.0,"turns":5.0},{"damage":24.0,"enemies":"2 Thieves","floor":21.0,"turns":4.0},{"damage":0,"enemies":"Cultist and Chosen","floor":22,"turns":1}],"seed_played":"4481639522548057035","potions_obtained":[{"floor":6.0,"key":"Energy Potion"},{"floor":8.0,"key":"SteroidPotion"},{"floor":16.0,"key":"Ancient Potion"},{"floor":18.0,"key":"Energy Potion"}],"is_trial":false,"path_per_floor":["M","?","$","$","?","E","R","E","T","M","M","M","T","E","R","B",null,"M","?","$","M"],"character_chosen":"IRONCLAD","items_purchased":["Rampage","Shovel"],"campfire_rested":0,"item_purchase_floors":[3,20],"current_hp_per_floor":[78,62,62,62,62,68,68,84,84,83,89,90,90,88,88,43,78,57,40,40,26,26],"gold":224,"neow_bonus":"THREE_ENEMY_KILL","is_prod":false,"is_daily":false,"chose_seed":false,"campfire_upgraded":2,"win_rate":0,"timestamp":1538238140,"path_taken":["M","?","?","$","?","E","R","E","T","M","M","M","?","E","R","BOSS","M","?","$","?","M"],"build_version":"2018-09-27","purchased_purges":0,"victory":false,"max_hp_per_floor":[80,80,80,80,80,80,80,90,90,90,90,90,90,90,90,90,90,90,90,90,94,94],"card_choices":[{"not_picked":["Flex","Clothesline"],"picked":"Headbutt","floor":1.0},{"not_picked":["Entrench","Impervious"],"picked":"Flex","floor":6.0},{"not_picked":["Clash","Wild Strike"],"picked":"Flame Barrier","floor":8.0},{"not_picked":["Carnage","Rupture"],"picked":"Pommel Strike","floor":10.0},{"not_picked":["Clothesline","Warcry"],"picked":"Iron Wave","floor":11.0},{"not_picked":["Bloodletting","Headbutt"],"picked":"Pommel Strike","floor":12.0},{"not_picked":["Seeing Red","Sword Boomerang"],"picked":"Pommel Strike","floor":14.0},{"not_picked":["Offering","Demon Form"],"picked":"Feed+1","floor":16.0},{"not_picked":["True Grit","Armaments+1"],"picked":"Perfected Strike+1","floor":18.0},{"not_picked":["Reckless Charge+1","Anger+1"],"picked":"Twin Strike+1","floor":19.0},{"not_picked":["Sword Boomerang+1","Sentinel"],"picked":"Wild Strike+1","floor":21.0}],"player_experience":665829,"relics_obtained":[{"floor":6.0,"key":"War Paint"},{"floor":8.0,"key":"Pear"},{"floor":9.0,"key":"Ancient Tea Set"},{"floor":13.0,"key":"Oddly Smooth Stone"},{"floor":14.0,"key":"Molten Egg 2"},{"floor":19.0,"key":"Red Mask"}],"event_choices":[{"event_name":"Shining Light","player_choice":"Entered Light","floor":2.0,"damage_taken":0.0},{"event_name":"Liars Game","player_choice":"agreed","floor":5.0,"damage_taken":0.0},{"event_name":"Masked Bandits","player_choice":"Fought Bandits","floor":19.0,"damage_taken":0.0}],"is_beta":false,"boss_relics":[{"not_picked":["Philosopher\u0027s Stone","Pandora\u0027s Box"],"picked":"Lizard Tail"}],"items_purged_floors":[],"is_endless":false,"potions_floor_spawned":[6,8,16,18],"killed_by":"Cultist and Chosen","ascension_level":12}