{"gold_per_floor":[117,137,137,137,151,151,179,179,179,159,190,265,297,317,317,421,421,441,191,209,209,209,229,262,262,312,346,43,58,58,58,58,58],"floor_reached":33,"playtime":1438,"items_purged":[],"score":502,"play_id":"294f782a-5fad-4a5f-a7a4-801860590edc","local_time":"20180917131152","is_ascension_mode":true,"campfire_choices":[{"data":"Body Slam","floor":6.0,"key":"SMITH"},{"data":"Pommel Strike","floor":8.0,"key":"SMITH"},{"floor":15.0,"key":"REST"},{"data":"Perfected Strike","floor":25.0,"key":"SMITH"},{"floor":32,"key":"REST"}],"neow_cost":"NONE","seed_source_timestamp":0,"circlet_count":0,"master_deck":["Strike_R","Strike_R","Strike_R","Strike_R","Strike_R","Defend_R","Defend_R","Defend_R+1","Defend_R","Bash","AscendersBane","Pommel Strike+1","Perfected Strike+1","Immolate","Wild Strike","Wild Strike","Pommel Strike+1","Immolate","Twin Strike+1","Deep Breath+1","Wild Strike","Perfected Strike+1","Wild Strike+1","Twin Strike","Metallicize+1","Thunderclap+1"],"special_seed":0,"relics":["Burning Blood","Letter Opener","Red Skull","Question Card","Magic Flower","Black Star","Happy Flower","War Paint","Dream Catcher","Blood Vial","Oddly Smooth Stone","Anchor","PreservedInsect","Pear"],"potions_floor_usage":[],"damage_taken":[{"damage":0.0,"enemies":"2 Louse","floor":1.0,"turns":2.0},{"damage":7.0,"enemies":"Small Slimes","floor":2.0,"turns":4.0},{"damage":1.0,"enemies":"Cultist","floor":5.0,"turns":3.0},{"damage":32.0,"enemies":"Lagavulin","floor":7.0,"turns":6.0},{"damage":16.0,"enemies":"Gremlin Nob","floor":11.0,"turns":3.0},{"damage":10.0,"enemies":"3 Sentries","floor":13.0,"turns":3.0},{"damage":0.0,"enemies":"3 Louse","floor":14.0,"turns":2.0},{"damage":60.0,"enemies":"Hexaghost","floor":16.0,"turns":6.0},{"damage":12.0,"enemies":"Chosen","floor":18.0,"turns":4.0},{"damage":0.0,"enemies":"Spheric Guardian","floor":20.0,"turns":1.0},{"damage":14.0,"enemies":"Chosen and Byrds","floor":23.0,"turns":4.0},{"damage":34.0,"enemies":"Slavers","floor":24.0,"turns":4.0},{"damage":44.0,"enemies":"Book of Stabbing","floor":27.0,"turns":4.0},{"damage":14,"enemies":"Centurion and Healer","floor":29,"turns":4},{"damage":52,"enemies":"Champ","floor":33,"turns":7}],"seed_played":"-4826747095164236027","potions_obtained":[{"floor":0.0,"key":"SmokeBomb"},{"floor":0.0,"key":"SkillPotion"},{"floor":0.0,"key":"Fire Potion"},{"floor":2.0,"key":"Ancient Potion"},{"floor":5.0,"key":"Weak Potion"},{"floor":10.0,"key":"Poison Potion"},{"floor":13.0,"key":"Dexterity Potion"},{"floor":14.0,"key":"GamblersBrew"},{"floor":16.0,"key":"Strength Potion"},{"floor":18.0,"key":"AttackPotion"},{"floor":29,"key":"GamblersBrew"}],"is_trial":false,"path_per_floor":["M","M","?","?","M","R","E","R","T","?","E","?","E","M","R","B",null,"M","$","M","?","?","M","E","R","T","E","$","M","?","$","R"],"character_chosen":"IRONCLAD","items_purchased":["Happy Flower","Deep Breath","Pear","Twin Strike"],"campfire_rested":2,"item_purchase_floors":[19,19,28,28],"current_hp_per_floor":[78,77,82,82,85,85,59,59,59,59,49,41,37,46,71,20,69,66,66,75,80,80,75,50,50,50,18,28,26,26,26,54,5],"gold":58,"neow_bonus":"THREE_SMALL_POTIONS","is_prod":false,"is_daily":false,"chose_seed":false,"campfire_upgraded":3,"win_rate":0,"timestamp":1537207912,"path_taken":["M","M","?","?","M","R","E","R","T","?","E","?","E","M","R","BOSS","M","$","M","?","?","M","E","R","T","E","$","M","?","?","R","BOSS"],"build_version":"2018-09-06","purchased_purges":0,"victory":false,"max_hp_per_floor":[80,80,85,85,85,85,85,85,85,85,85,85,85,85,85,85,85,85,85,85,85,85,85,85,85,85,85,95,95,95,95,95,95],"card_choices":[{"not_picked":["Burning Pact","Shockwave"],"picked":"Pommel Strike","floor":1.0},{"not_picked":["Inflame","Shrug It Off"],"picked":"Perfected Strike","floor":2.0},{"not_picked":["Shrug It Off","True Grit"],"picked":"Body Slam","floor":5.0},{"not_picked":["Anger","Thunderclap"],"picked":"Immolate","floor":7.0},{"not_picked":["Armaments","True Grit"],"picked":"Wild Strike","floor":11.0},{"not_picked":["Cleave","Body Slam","Clothesline"],"picked":"Wild Strike","floor":13.0},{"not_picked":["Anger","Cleave","Shockwave"],"picked":"Pommel Strike","floor":14.0},{"not_picked":["Fiend Fire","Juggernaut","Impervious"],"picked":"Immolate","floor":16.0},{"not_picked":["Flex+1","Clothesline+1","Clash"],"picked":"Twin Strike+1","floor":18.0},{"not_picked":["Feel No Pain","Pummel","Intimidate+1"],"picked":"Wild Strike","floor":20.0},{"not_picked":["Shrug It Off+1","True Grit+1","Anger"],"picked":"Perfected Strike","floor":23.0},{"not_picked":["Clothesline","Entrench","Exhume","Pummel"],"picked":"SKIP","floor":24.0},{"not_picked":["Second Wind","Rage","Barricade"],"picked":"Wild Strike+1","floor":27.0},{"not_picked":["Wild Strike+1","Thunderclap","Sword Boomerang+1"],"picked":"Metallicize+1","floor":29},{"not_picked":["Reckless Charge","Searing Blow+1","Inflame"],"picked":"Thunderclap+1","floor":32}],"player_experience":613426,"relics_obtained":[{"floor":7.0,"key":"Letter Opener"},{"floor":9.0,"key":"Red Skull"},{"floor":11.0,"key":"Question Card"},{"floor":13.0,"key":"Magic Flower"},{"floor":24.0,"key":"Dream Catcher"},{"floor":24.0,"key":"Blood Vial"},{"floor":26.0,"key":"Oddly Smooth Stone"},{"floor":27.0,"key":"Anchor"},{"floor":27.0,"key":"PreservedInsect"}],"event_choices":[{"event_name":"Big Fish","player_choice":"Donut","floor":3.0,"damage_taken":0.0},{"event_name":"Accursed Blacksmith","player_choice":"Forge","floor":4.0,"damage_taken":0.0},{"event_name":"The Woman in Blue","player_choice":"Bought 1 Potion","floor":10.0,"damage_taken":0.0},{"event_name":"FaceTrader","player_choice":"Touch","floor":12.0,"damage_taken":0.0},{"event_name":"Bonfire Elementals","player_choice":"COMMON","floor":21.0,"damage_taken":0.0},{"event_name":"WeMeetAgain","player_choice":"Potion","floor":22.0,"damage_taken":0.0},{"event_name":"Upgrade Shrine","player_choice":"Upgraded","floor":30,"damage_taken":0}],"is_beta":false,"boss_relics":[{"not_picked":["Ectoplasm","Coffee Dripper"],"picked":"Black Star"}],"items_purged_floors":[],"is_endless":false,"potions_floor_spawned":[2,5,13,14,16,18,29],"killed_by":"Champ","ascension_level":10}