{"gold_per_floor":[117,42,42,217,234,234,264,264,345,365,390,405,405,80,80,80],"floor_reached":16,"playtime":767,"items_purged":["Doubt"],"score":149,"play_id":"412420ac-680a-446e-8cbc-1774b9bfe9c1","local_time":"20180802100126","is_ascension_mode":true,"campfire_choices":[{"data":"Carnage","floor":6,"key":"SMITH"},{"floor":13,"key":"REST"},{"floor":15,"key":"REST"}],"neow_cost":"CURSE","seed_source_timestamp":3175785835259972,"circlet_count":0,"master_deck":["Strike_R","Strike_R","Strike_R","Strike_R","Strike_R+1","Defend_R+1","Defend_R","Defend_R","Defend_R+1","Bash","Carnage+1","Doubt","Power Through+1","Heavy Blade","Perfected Strike","Anger","Iron Wave","Fiend Fire"],"relics":["Burning Blood","Mummified Hand","Ornamental Fan","War Paint","Singing Bowl"],"potions_floor_usage":[11],"damage_taken":[{"damage":14,"enemies":"Jaw Worm","floor":1,"turns":5},{"damage":11,"enemies":"Cultist","floor":5,"turns":4},{"damage":19,"enemies":"Gremlin Nob","floor":7,"turns":4},{"damage":3,"enemies":"2 Louse","floor":10,"turns":3},{"damage":27,"enemies":"Lagavulin","floor":11,"turns":7},{"damage":3,"enemies":"Looter","floor":12,"turns":3},{"damage":49,"enemies":"Slime Boss","floor":16,"turns":11}],"seed_played":"182407201245132975","potions_obtained":[{"floor":10,"key":"Dexterity Potion"},{"floor":12,"key":"Strength Potion"}],"is_trial":false,"path_per_floor":["M","$","?","?","M","R","E","?","T","M","E","M","R","$","R"],"character_chosen":"IRONCLAD","items_purchased":["Fiend Fire","Singing Bowl"],"campfire_rested":2,"item_purchase_floors":[14,14],"current_hp_per_floor":[88,88,79,79,74,74,61,42,42,45,24,27,55,55,83,34],"gold":80,"neow_bonus":"TWENTY_PERCENT_HP_BONUS","is_prod":false,"is_daily":false,"chose_seed":false,"campfire_upgraded":1,"win_rate":0,"timestamp":1533222086,"path_taken":["M","$","?","?","?","R","E","?","T","M","E","M","R","$","R","BOSS"],"build_version":"2018-07-26","purchased_purges":1,"victory":false,"max_hp_per_floor":[96,96,96,96,96,96,96,96,96,96,96,96,96,96,96,96],"card_choices":[{"not_picked":["Havoc","Wild Strike"],"picked":"Carnage","floor":1},{"not_picked":["Rupture","Metallicize"],"picked":"Power Through","floor":5},{"not_picked":["Dropkick","Flex"],"picked":"Heavy Blade","floor":7},{"not_picked":["Whirlwind","Sword Boomerang"],"picked":"Perfected Strike","floor":10},{"not_picked":["Exhume","Metallicize"],"picked":"Anger","floor":11},{"not_picked":["Cleave","Rupture"],"picked":"Iron Wave","floor":12}],"player_experience":414564,"relics_obtained":[{"floor":7,"key":"Mummified Hand"},{"floor":9,"key":"Ornamental Fan"},{"floor":11,"key":"War Paint"}],"event_choices":[{"event_name":"Wheel of Change","player_choice":"Damage","floor":3,"damage_taken":0},{"event_name":"Liars Game","player_choice":"agreed","floor":4,"damage_taken":0},{"event_name":"Shining Light","player_choice":"Entered Light","floor":8,"damage_taken":0}],"is_beta":false,"boss_relics":[],"items_purged_floors":[2],"is_endless":false,"potions_floor_spawned":[10,12],"killed_by":"Slime Boss","ascension_level":3}