{"gold_per_floor":[114,68,68,79,4,4,104,127,127,144,161,111,136,154,154,249,249,262,162,162,174,49,49,78,78,126,138,153,153,153,3,3,3],"floor_reached":33,"playtime":2148,"items_purged":["Strike_R","Decay","Strike_R","Injury"],"score":253,"play_id":"e8f19f82-8726-437d-bfdf-b0e763ed2554","local_time":"20180709101902","is_ascension_mode":false,"campfire_choices":[{"data":"Pommel Strike","floor":6,"key":"SMITH"},{"data":"Anger","floor":15,"key":"SMITH"},{"data":"Fiend Fire","floor":23,"key":"SMITH"},{"floor":32,"key":"REST"}],"neow_cost":"TEN_PERCENT_HP_LOSS","seed_source_timestamp":1101725435581699,"circlet_count":0,"master_deck":["Defend_R+1","Defend_R","Defend_R","Bash","Pommel Strike+1","Flex+1","Battle Trance","Headbutt","Anger+1","Fiend Fire+1","Parasite","Inflame","Battle Trance","Headbutt","Pommel Strike","Pommel Strike+1","RitualDagger","Iron Wave"],"relics":["Burning Blood","War Paint","Odd Mushroom","Torii","Dream Catcher","Calling Bell","Boot","Pear","Ice Cream","Centennial Puzzle","Vajra"],"potions_floor_usage":[16,24,33],"damage_taken":[{"damage":7,"enemies":"2 Louse","floor":1,"turns":3},{"damage":0,"enemies":"Cultist","floor":4,"turns":3},{"damage":18,"floor":8,"turns":4},{"damage":0,"enemies":"Small Slimes","floor":10,"turns":2},{"damage":1,"enemies":"Looter","floor":11,"turns":2},{"damage":0,"enemies":"Blue Slaver","floor":14,"turns":2},{"damage":44,"enemies":"Hexaghost","floor":16,"turns":8},{"damage":19,"enemies":"2 Thieves","floor":18,"turns":4},{"damage":8,"enemies":"Shell Parasite","floor":21,"turns":5},{"damage":43,"enemies":"Gremlin Leader","floor":24,"turns":4},{"damage":0,"enemies":"Snecko","floor":27,"turns":2},{"damage":10,"enemies":"Centurion and Healer","floor":28,"turns":4},{"damage":66,"enemies":"Automaton","floor":33,"turns":6}],"seed_played":"-2774036728398194893","potions_obtained":[{"floor":8,"key":"SkillPotion"},{"floor":14,"key":"SpeedPotion"},{"floor":21,"key":"Explosive Potion"}],"is_trial":false,"path_per_floor":["M","$","?","M","$","R","?","?","T","M","M","?","T","M","R","B",null,"M","$","?","M","$","R","E","?","T","M","M","?","?","$","R"],"character_chosen":"IRONCLAD","items_purchased":["Flex"],"campfire_rested":1,"item_purchase_floors":[2],"current_hp_per_floor":[71,71,71,72,72,72,72,60,60,66,71,71,71,72,72,34,82,69,69,69,67,67,67,30,30,30,36,32,32,26,26,50,0],"gold":3,"neow_bonus":"REMOVE_TWO","is_prod":false,"is_daily":false,"chose_seed":false,"campfire_upgraded":3,"win_rate":0,"timestamp":1531149542,"path_taken":["M","$","?","M","?","R","?","?","T","M","M","?","?","?","R","BOSS","M","$","?","M","$","R","E","?","T","M","?","?","?","?","R","BOSS"],"build_version":"2018-07-05","purchased_purges":4,"victory":false,"max_hp_per_floor":[72,72,72,72,72,72,72,72,72,72,72,72,72,72,72,72,82,82,82,82,82,82,82,82,82,82,82,82,82,82,82,82,82],"card_choices":[{"not_picked":["Headbutt","Feel No Pain"],"picked":"Pommel Strike","floor":1},{"not_picked":["Clothesline","Seeing Red"],"picked":"Battle Trance","floor":4},{"not_picked":["Blood for Blood","Wild Strike"],"picked":"Headbutt","floor":10},{"not_picked":["Clash","Wild Strike"],"picked":"Anger","floor":11},{"not_picked":["Pummel","Shockwave","Wild Strike"],"picked":"SKIP","floor":14},{"not_picked":["Reaper","Barricade"],"picked":"Fiend Fire","floor":16},{"not_picked":["Warcry","Body Slam"],"picked":"Inflame","floor":18},{"not_picked":["Rage","Warcry+1"],"picked":"Battle Trance","floor":21},{"not_picked":["Shockwave+1","Brutality"],"picked":"Headbutt","floor":24},{"not_picked":["Battle Trance","Cleave"],"picked":"Pommel Strike","floor":27},{"not_picked":["Thunderclap","Burning Pact+1"],"picked":"Pommel Strike+1","floor":28},{"not_picked":["Corruption+1","Flex"],"picked":"Iron Wave","floor":32}],"player_experience":119818,"relics_obtained":[{"floor":8,"key":"Odd Mushroom"},{"floor":9,"key":"Torii"},{"floor":13,"key":"Dream Catcher"},{"floor":17,"key":"Boot"},{"floor":17,"key":"Pear"},{"floor":17,"key":"Ice Cream"},{"floor":24,"key":"Centennial Puzzle"},{"floor":26,"key":"Vajra"}],"event_choices":[{"event_name":"Wheel of Change","player_choice":"Relic","floor":3,"damage_taken":0},{"event_name":"Golden Shrine","player_choice":"Pray","floor":7,"damage_taken":0},{"event_name":"Mushrooms","player_choice":"Fought Mushrooms","floor":8,"damage_taken":0},{"event_name":"The Cleric","player_choice":"Card Removal","floor":12,"damage_taken":0},{"event_name":"Vampires","player_choice":"Ignored","floor":20,"damage_taken":0},{"event_name":"Addict","player_choice":"Ignored","floor":25,"damage_taken":0},{"event_name":"Purifier","player_choice":"One Purge","floor":29,"damage_taken":0},{"event_name":"Nest","player_choice":"Joined the Cult","floor":30,"damage_taken":0}],"boss_relics":[{"not_picked":["Fusion Hammer","Coffee Dripper"],"picked":"Calling Bell"}],"items_purged_floors":[5,19,22,31],"is_endless":false,"potions_floor_spawned":[8,14,21],"killed_by":"Automaton","ascension_level":0}