{"gold_per_floor":[115,1,1,1,17,17,50,65,65,25,36,36,56,70,70,169,169,188,188,205,222,233,233,233,253,276,308,327,84,104,104,104,202,202,215,215,226,226,246,246,265,300,300,311,311,311,311,330,330,330],"floor_reached":51,"playtime":9410,"items_purged":["Defend_R","Defend_R"],"score":753,"play_id":"5b90f584-cc5c-4b36-95c2-e10be2f58bf8","local_time":"20180628123138","is_ascension_mode":false,"campfire_choices":[{"data":"Carnage","floor":6,"key":"SMITH"},{"data":"Flex","floor":12,"key":"SMITH"},{"data":"Anger","floor":15,"key":"SMITH"},{"data":"Ghostly","floor":23,"key":"SMITH"},{"data":"Flame Barrier","floor":32,"key":"SMITH"},{"data":"Immolate","floor":40,"key":"SMITH"},{"data":"Ghostly","floor":45,"key":"SMITH"},{"data":"Shrug It Off","floor":47,"key":"SMITH"},{"data":"Panache","floor":49,"key":"SMITH"}],"neow_cost":"TEN_PERCENT_HP_LOSS","seed_source_timestamp":151889036206324,"circlet_count":0,"master_deck":["Strike_R","Strike_R","Defend_R","Bash","Flex+1","Carnage+1","Shrug It Off+1","Blood for Blood","Thunderclap","Flame Barrier+1","Anger+1","Battle Trance","Heavy Blade+1","Ghostly+1","Ghostly","Ghostly","Ghostly","Ghostly+1","Body Slam+1","Sentinel+1","Evolve","Cleave+1","Thunderclap+1","Cleave+1","Sever Soul","Immolate+1","Pommel Strike+1","Panache+1","Dark Shackles","Pommel Strike+1","Heavy Blade+1","Shrug It Off+1","Havoc+1","Uppercut+1","Cleave+1"],"relics":["Burning Blood","Meat on the Bone","Gambling Chip","Shuriken","Runic Pyramid","Ancient Tea Set","Pen Nib","Strawberry","Nilry\u0027s Codex","Mark of Pain","Ornamental Fan","Regal Pillow","Incense Burner"],"potions_floor_usage":[16,16,18,21,33,33,33,42,42,50],"damage_taken":[{"damage":5,"enemies":"Small Slimes","floor":1,"turns":4},{"damage":1,"enemies":"Cultist","floor":5,"turns":3},{"damage":20,"enemies":"3 Sentries","floor":7,"turns":9},{"damage":3,"enemies":"Jaw Worm","floor":8,"turns":2},{"damage":5,"enemies":"Gremlin Gang","floor":11,"turns":6},{"damage":2,"enemies":"Blue Slaver","floor":13,"turns":3},{"damage":5,"enemies":"Looter","floor":14,"turns":2},{"damage":19,"enemies":"Slime Boss","floor":16,"turns":7},{"damage":5,"enemies":"2 Thieves","floor":18,"turns":3},{"damage":9,"enemies":"Shell Parasite","floor":20,"turns":6},{"damage":4,"enemies":"3 Cultists","floor":21,"turns":7},{"damage":10,"enemies":"Centurion and Healer","floor":22,"turns":4},{"damage":6,"enemies":"Snake Plant","floor":25,"turns":3},{"damage":7,"enemies":"Slavers","floor":27,"turns":7},{"damage":2,"enemies":"Chosen and Byrds","floor":28,"turns":6},{"damage":0,"enemies":"Cultist and Chosen","floor":30,"turns":3},{"damage":46,"enemies":"Automaton","floor":33,"turns":9},{"damage":2,"enemies":"Orb Walker","floor":35,"turns":4},{"damage":3,"enemies":"3 Darklings","floor":37,"turns":4},{"damage":5,"enemies":"4 Shapes","floor":39,"turns":3},{"damage":13,"enemies":"Maw","floor":41,"turns":5},{"damage":0,"enemies":"Nemesis","floor":42,"turns":5},{"damage":0,"enemies":"3 Darklings","floor":44,"turns":3},{"damage":18,"enemies":"4 Shapes","floor":48,"turns":3},{"damage":14,"enemies":"Time Eater","floor":50,"turns":10}],"seed_played":"4542120996475779546","potions_obtained":[{"floor":10,"key":"Energy Potion"},{"floor":10,"key":"SkillPotion"},{"floor":10,"key":"BloodPotion"},{"floor":16,"key":"AttackPotion"},{"floor":18,"key":"Block Potion"},{"floor":20,"key":"Regen Potion"},{"floor":28,"key":"GamblersBrew"},{"floor":30,"key":"Regen Potion"},{"floor":33,"key":"Block Potion"},{"floor":39,"key":"Energy Potion"},{"floor":42,"key":"PowerPotion"},{"floor":48,"key":"Strength Potion"}],"is_trial":false,"path_per_floor":["M","$","?","?","M","R","E","M","T","?","M","R","M","M","R","B",null,"M","?","M","M","M","R","?","M","T","E","M","$","M","?","R","B",null,"M","?","M","T","M","R","M","E","T","M","R","?","R","M","R","B"],"character_chosen":"IRONCLAD","items_purchased":["Carnage","Strawberry"],"campfire_rested":0,"item_purchase_floors":[2,29],"current_hp_per_floor":[72,72,72,72,72,72,58,61,61,61,62,62,66,67,67,54,72,72,36,33,35,31,31,31,31,31,30,34,41,43,27,27,23,43,43,38,41,41,42,42,35,41,41,43,43,43,43,31,31,35],"gold":330,"neow_bonus":"REMOVE_TWO","is_prod":false,"is_daily":false,"chose_seed":false,"campfire_upgraded":9,"win_rate":0.0,"timestamp":1530207098,"path_taken":["M","$","?","?","M","R","E","M","T","?","M","R","M","?","R","BOSS","M","?","M","?","M","R","?","M","T","E","M","$","?","?","R","BOSS","M","?","M","?","M","R","M","E","T","M","R","?","R","?","R","BOSS"],"build_version":"2018-06-21v2","purchased_purges":2,"victory":true,"max_hp_per_floor":[72,72,72,72,72,72,72,72,72,72,72,72,72,72,72,72,72,72,36,36,36,36,36,36,36,36,36,36,43,43,43,43,43,43,43,43,43,43,43,43,43,43,43,43,43,43,43,43,43,43],"card_choices":[{"not_picked":["Infernal Blade","Anger"],"picked":"Flex","floor":1},{"not_picked":["Second Wind","Headbutt"],"picked":"Shrug It Off","floor":5},{"not_picked":["Flex","Warcry"],"picked":"Blood for Blood","floor":7},{"not_picked":["Second Wind","True Grit"],"picked":"Thunderclap","floor":8},{"not_picked":["Power Through","Heavy Blade"],"picked":"Flame Barrier","floor":11},{"not_picked":["Barricade","Clash"],"picked":"Anger","floor":13},{"not_picked":["Pommel Strike","Shockwave"],"picked":"Battle Trance","floor":14},{"not_picked":["Sword Boomerang","Armaments"],"picked":"Heavy Blade","floor":18},{"not_picked":["Perfected Strike","Intimidate"],"picked":"Body Slam+1","floor":20},{"not_picked":["Evolve","Clothesline"],"picked":"Sentinel+1","floor":21},{"not_picked":["Warcry","Sentinel"],"picked":"Evolve","floor":22},{"not_picked":["Feel No Pain+1","Headbutt"],"picked":"Cleave+1","floor":25},{"not_picked":["Second Wind","Flex"],"picked":"Thunderclap+1","floor":27},{"not_picked":["Power Through+1","Barricade"],"picked":"Cleave+1","floor":28},{"not_picked":["Clothesline","Body Slam"],"picked":"Sever Soul","floor":30},{"not_picked":["Demon Form","Bludgeon"],"picked":"Immolate","floor":33},{"not_picked":["Cleave","Battle Trance"],"picked":"Pommel Strike+1","floor":35},{"not_picked":["Thinking Ahead","Panacea"],"picked":"Panache","floor":36},{"not_picked":["Panache","Trip"],"picked":"Dark Shackles","floor":36},{"not_picked":["Havoc","Shrug It Off+1"],"picked":"Pommel Strike+1","floor":37},{"not_picked":["Blood for Blood+1","Perfected Strike+1"],"picked":"Heavy Blade+1","floor":39},{"not_picked":["Sword Boomerang+1","Pummel+1"],"picked":"Shrug It Off+1","floor":41},{"not_picked":["Evolve","Clash"],"picked":"Havoc+1","floor":42},{"not_picked":["Pommel Strike+1","Dual Wield"],"picked":"Uppercut+1","floor":44},{"not_picked":["Disarm","Wild Strike+1"],"picked":"Cleave+1","floor":48}],"player_experience":60470,"relics_obtained":[{"floor":7,"key":"Gambling Chip"},{"floor":9,"key":"Shuriken"},{"floor":26,"key":"Ancient Tea Set"},{"floor":27,"key":"Pen Nib"},{"floor":31,"key":"Nilry\u0027s Codex"},{"floor":38,"key":"Ornamental Fan"},{"floor":42,"key":"Regal Pillow"},{"floor":43,"key":"Incense Burner"}],"event_choices":[{"event_name":"Living Wall","player_choice":"Forget","floor":3,"damage_taken":0},{"event_name":"Wheel of Change","player_choice":"Relic","floor":4,"damage_taken":0},{"event_name":"The Woman in Blue","player_choice":"Bought 3 Potions","floor":10,"damage_taken":0},{"event_name":"Ghosts","player_choice":"Became a Ghost","floor":19,"damage_taken":0},{"event_name":"Accursed Blacksmith","player_choice":"Forge","floor":24,"damage_taken":0},{"event_name":"Cursed Tome","player_choice":"Obtained Book","floor":31,"damage_taken":0},{"event_name":"SensoryStone","player_choice":"Memory 2","floor":36,"damage_taken":0},{"event_name":"Purifier","player_choice":"One Purge","floor":46,"damage_taken":0}],"boss_relics":[{"not_picked":["Lizard Tail","Eternal Feather"],"picked":"Runic Pyramid"},{"not_picked":["Black Star","Tiny House"],"picked":"Mark of Pain"}],"items_purged_floors":[2,29],"is_endless":false,"potions_floor_spawned":[11,16,18,20,28,30,33,39,42,48],"ascension_level":0}