{"gold_per_floor":[117,84,49,61,81,81,109,109,136,150,166,183,183,194,194,294,294,307,307,322,91,111,111,138,138,150,182,194],"floor_reached":28,"playtime":2115,"items_purged":["Defend_B"],"score":315,"play_id":"d0720441-d07a-4c5a-b00f-9e590af2f11b","local_time":"20181006095055","is_ascension_mode":true,"campfire_choices":[{"floor":6,"key":"REST"},{"floor":13,"key":"REST"},{"floor":15,"key":"REST"},{"floor":23,"key":"REST"}],"neow_cost":"PERCENT_DAMAGE","seed_source_timestamp":679785878558512,"circlet_count":0,"master_deck":["Defend_B","Defend_B","Zap","Dualcast","Conserve Battery","Doom and Gloom","Cold Snap","Sweeping Beam","Sunder","Coolheaded","Streamline","Steam","Core Surge","Conserve Battery","Bite","Bite","Bite","Bite","Bite","BootSequence+1","Electrodynamics","Writhe","Hologram"],"relics":["Cracked Core","Dream Catcher","Orichalcum","White Beast Statue","Regal Pillow","Molten Egg 2","MawBank","Letter Opener"],"potions_floor_usage":[12,14,16,16,22,24,24,27,28],"damage_taken":[{"damage":10,"enemies":"Small Slimes","floor":1,"turns":3},{"damage":8,"enemies":"2 Louse","floor":4,"turns":2},{"damage":2,"enemies":"Jaw Worm","floor":5,"turns":3},{"damage":29,"enemies":"Lagavulin","floor":7,"turns":5},{"damage":1,"enemies":"Blue Slaver","floor":10,"turns":3},{"damage":0,"enemies":"3 Louse","floor":11,"turns":3},{"damage":3,"enemies":"Gremlin Gang","floor":12,"turns":2},{"damage":2,"enemies":"2 Fungi Beasts","floor":14,"turns":3},{"damage":23,"enemies":"Hexaghost","floor":16,"turns":9},{"damage":24,"enemies":"3 Byrds","floor":18,"turns":4},{"damage":9,"enemies":"Spheric Guardian","floor":20,"turns":5},{"damage":23,"enemies":"Snake Plant","floor":22,"turns":5},{"damage":30,"enemies":"Slavers","floor":24,"turns":7},{"damage":21,"enemies":"Cultist and Chosen","floor":27,"turns":7},{"damage":61,"enemies":"3 Cultists","floor":28,"turns":5}],"seed_played":"4115132522225429002","potions_obtained":[{"floor":7,"key":"Weak Potion"},{"floor":11,"key":"AttackPotion"},{"floor":12,"key":"Weak Potion"},{"floor":14,"key":"LiquidBronze"},{"floor":18,"key":"Poison Potion"},{"floor":20,"key":"Explosive Potion"},{"floor":22,"key":"Block Potion"},{"floor":24,"key":"Fruit Juice"},{"floor":27,"key":"Regen Potion"}],"is_trial":false,"path_per_floor":["M","?","?","M","M","R","E","?","T","M","M","M","R","M","R","B",null,"M","?","M","$","M","R","E","?","T","M"],"character_chosen":"DEFECT","items_purchased":["Regal Pillow"],"campfire_rested":4,"item_purchase_floors":[21],"current_hp_per_floor":[44,44,62,54,52,74,45,38,38,37,37,34,56,54,75,52,75,51,51,47,47,32,52,32,32,32,34,0],"gold":194,"neow_bonus":"REMOVE_TWO","is_prod":false,"is_daily":false,"chose_seed":false,"campfire_upgraded":0,"win_rate":0,"timestamp":1538844655,"path_taken":["M","?","?","M","M","R","E","?","T","M","M","M","R","?","R","BOSS","M","?","M","$","M","R","E","?","T","?","M"],"build_version":"2018-10-04v2","purchased_purges":1,"victory":false,"max_hp_per_floor":[75,75,75,75,75,75,75,75,75,75,75,75,75,75,75,75,75,75,52,52,52,52,52,52,52,52,57,57],"card_choices":[{"not_picked":["Ball Lightning","Loop"],"picked":"Conserve Battery","floor":1},{"not_picked":["Reinforced Body","Blizzard"],"picked":"Doom and Gloom","floor":4},{"not_picked":["Barrage","Static Discharge"],"picked":"Cold Snap","floor":5},{"not_picked":["Turbo","Recycle"],"picked":"Sweeping Beam","floor":7},{"not_picked":["Beam Cell","Steam"],"picked":"Sunder","floor":10},{"not_picked":["Fusion","Conserve Battery"],"picked":"Coolheaded","floor":11},{"not_picked":["Scrape","Hologram"],"picked":"Streamline","floor":12},{"not_picked":["Double Energy","Aggregate"],"picked":"Steam","floor":13},{"not_picked":["Sweeping Beam","Leap","Darkness"],"picked":"SKIP","floor":14},{"not_picked":["Multi-Cast","Creative AI"],"picked":"Core Surge","floor":16},{"not_picked":["Streamline","Stack"],"picked":"Conserve Battery","floor":18},{"not_picked":["Heatsinks","Turbo","Reprogram+1"],"picked":"SKIP","floor":20},{"not_picked":["Lockon","Conserve Battery+1"],"picked":"BootSequence+1","floor":22},{"not_picked":["Recycle+1","Cold Snap"],"picked":"Electrodynamics","floor":24},{"not_picked":["Go for the Eyes+1","Streamline+1"],"picked":"Hologram","floor":27}],"player_experience":421867,"relics_obtained":[{"floor":7,"key":"Dream Catcher"},{"floor":9,"key":"Orichalcum"},{"floor":24,"key":"Molten Egg 2"},{"floor":26,"key":"Letter Opener"}],"event_choices":[{"event_name":"World of Goop","player_choice":"Left","floor":2,"damage_taken":0},{"event_name":"The Cleric","player_choice":"Healed","floor":3,"damage_taken":0},{"event_name":"Golden Wing","player_choice":"Card Removal","floor":8,"damage_taken":0},{"event_name":"Vampires","player_choice":"Became a vampire","floor":19,"damage_taken":0},{"event_name":"The Mausoleum","player_choice":"Yes","floor":25,"damage_taken":0}],"is_beta":false,"boss_relics":[{"not_picked":["Ectoplasm","Cursed Key"],"picked":"White Beast Statue"}],"items_purged_floors":[21],"is_endless":false,"potions_floor_spawned":[7,11,12,14,18,20,22,24,27],"killed_by":"3 Cultists","ascension_level":4}