{"gold_per_floor":[116,131,143,162,179,179,213,213],"floor_reached":8,"playtime":790,"items_purged":[],"score":60,"play_id":"0921d80e-dac4-4709-85f2-af48aa2e5596","local_time":"20180625152529","is_ascension_mode":false,"campfire_choices":[{"data":"Armaments","floor":6,"key":"SMITH"}],"neow_cost":"NONE","seed_source_timestamp":5355817006483,"circlet_count":0,"master_deck":["Strike_R","Strike_R","Strike_R","Strike_R","Strike_R","Defend_R","Defend_R","Defend_R","Defend_R","Bash","Perfected Strike","Sword Boomerang","Armaments+1","Searing Blow","Pommel Strike","Anger","Spot Weakness"],"relics":["Burning Blood","Orichalcum"],"potions_floor_usage":[7,7],"damage_taken":[{"damage":1,"enemies":"Cultist","floor":1,"turns":3},{"damage":0,"enemies":"2 Louse","floor":2,"turns":2},{"damage":0,"enemies":"Small Slimes","floor":3,"turns":3},{"damage":15,"enemies":"3 Louse","floor":4,"turns":4},{"damage":14,"enemies":"Exordium Thugs","floor":5,"turns":4},{"damage":50,"enemies":"Lagavulin","floor":7,"turns":7},{"damage":22,"enemies":"Lots of Slimes","floor":8,"turns":3}],"seed_played":"-96860211290840407","potions_obtained":[{"floor":1,"key":"Energy Potion"},{"floor":2,"key":"FearPotion"},{"floor":4,"key":"Energy Potion"}],"is_trial":false,"path_per_floor":["M","M","M","M","M","R","E"],"character_chosen":"IRONCLAD","items_purchased":[],"campfire_rested":0,"item_purchase_floors":[],"current_hp_per_floor":[80,80,80,71,63,63,19,0],"gold":213,"neow_bonus":"THREE_CARDS","is_prod":false,"is_daily":false,"chose_seed":false,"campfire_upgraded":1,"win_rate":0.0,"timestamp":1529958329,"path_taken":["M","M","M","M","M","R","E","?"],"build_version":"2018-06-21v2","purchased_purges":0,"victory":false,"max_hp_per_floor":[80,80,80,80,80,80,80,80],"card_choices":[{"not_picked":["Ghostly Armor","Body Slam"],"picked":"Perfected Strike","floor":0},{"not_picked":["Intimidate","Second Wind"],"picked":"Sword Boomerang","floor":1},{"not_picked":["Corruption","Clothesline"],"picked":"Armaments","floor":2},{"not_picked":["Shrug It Off","Entrench"],"picked":"Searing Blow","floor":3},{"not_picked":["Sever Soul","Perfected Strike"],"picked":"Pommel Strike","floor":4},{"not_picked":["Power Through","Twin Strike"],"picked":"Anger","floor":5},{"not_picked":["Dark Embrace","Sword Boomerang"],"picked":"Spot Weakness","floor":7}],"player_experience":12414,"relics_obtained":[{"floor":7,"key":"Orichalcum"}],"event_choices":[],"boss_relics":[],"items_purged_floors":[],"is_endless":false,"potions_floor_spawned":[1,2,4],"killed_by":"Lots of Slimes","ascension_level":0}