{"gold_per_floor":[118,43,43,59,72,72,98,111,111,111,11,41,41],"floor_reached":13,"playtime":510,"items_purged":["Strike_R","Strike_R"],"score":186,"play_id":"5d55d585-6398-4458-9f5b-672806b93113","local_time":"20190619220442","is_ascension_mode":true,"campfire_choices":[{"data":"Inflame","floor":6,"key":"SMITH"},{"data":"Bash","floor":10,"key":"SMITH"}],"neow_cost":"NONE","seed_source_timestamp":36767804585432,"circlet_count":0,"master_deck":["AscendersBane","Strike_R","Strike_R","Defend_R","Defend_R","Defend_R+1","Defend_R","Bash+1","Clothesline","Twin Strike","Inflame+1","True Grit+1","Dropkick"],"relics":["Burning Blood","War Paint","The Courier"],"potions_floor_usage":[12],"damage_taken":[{"damage":9,"enemies":"Jaw Worm","floor":1,"turns":4},{"damage":0,"enemies":"Cultist","floor":4,"turns":3},{"damage":5,"enemies":"Small Slimes","floor":5,"turns":5},{"damage":24,"enemies":"Gremlin Nob","floor":7,"turns":4},{"damage":27,"enemies":"Gremlin Gang","floor":8,"turns":5},{"damage":30,"enemies":"3 Sentries","floor":12,"turns":12},{"damage":9,"enemies":"2 Fungi Beasts","floor":13,"turns":2}],"seed_played":"6720521787941518071","potions_obtained":[{"floor":8,"key":"SkillPotion"}],"is_trial":false,"path_per_floor":["M","$","?","M","M","R","E","M","T","R","$","E","M"],"character_chosen":"IRONCLAD","items_purchased":[],"campfire_rested":0,"item_purchase_floors":[],"current_hp_per_floor":[65,65,65,71,72,72,54,33,33,33,33,9,0],"gold":41,"neow_bonus":"THREE_CARDS","is_prod":false,"is_daily":false,"chose_seed":false,"campfire_upgraded":2,"win_rate":0,"timestamp":1560974682,"path_taken":["M","$","?","M","M","R","E","?","T","R","$","E","M"],"build_version":"2019-01-23","purchased_purges":2,"victory":false,"max_hp_per_floor":[75,75,75,75,75,75,75,75,75,75,75,75,75],"card_choices":[{"not_picked":["Shrug It Off","Clash"],"picked":"Clothesline","floor":0},{"not_picked":["Clothesline","Clash"],"picked":"Twin Strike","floor":1},{"not_picked":["Thunderclap","Ghostly Armor","Cleave"],"picked":"SKIP","floor":4},{"not_picked":["Shrug It Off","Blood for Blood"],"picked":"Inflame","floor":5},{"not_picked":["Berserk","Wild Strike"],"picked":"True Grit","floor":7},{"not_picked":["Havoc","Headbutt","True Grit"],"picked":"SKIP","floor":8},{"not_picked":["True Grit","Rage"],"picked":"Dropkick","floor":12}],"player_experience":1411152,"relics_obtained":[{"floor":7,"key":"War Paint"},{"floor":12,"key":"The Courier"}],"event_choices":[{"cards_removed":["Strike_R"],"damage_healed":0,"gold_gain":0,"player_choice":"Purged","damage_taken":0,"max_hp_gain":0,"max_hp_loss":0,"event_name":"Purifier","floor":3,"gold_loss":0}],"is_beta":false,"boss_relics":[],"items_purged_floors":[2,11],"is_endless":false,"potions_floor_spawned":[8],"killed_by":"2 Fungi Beasts","ascension_level":20}