{"gold_per_floor":[110,35,47,47,47,79,79,109,109,109,124,124,144,170,170,170],"floor_reached":16,"playtime":498,"items_purged":["Strike_G"],"score":286,"play_id":"dccf4a93-00b0-4d3d-a2c0-9e6109dd4418","local_time":"20190625173736","is_ascension_mode":true,"campfire_choices":[{"data":"Quick Slash","floor":7,"key":"SMITH"},{"data":"Noxious Fumes","floor":10,"key":"SMITH"},{"floor":12,"key":"REST"},{"data":"A Thousand Cuts","floor":15,"key":"SMITH"}],"neow_cost":"NONE","seed_source_timestamp":18311069720408,"circlet_count":0,"master_deck":["AscendersBane","Defend_G","Defend_G","Defend_G","Defend_G","Defend_G","Strike_G","Strike_G","Strike_G","Strike_G","Survivor","Neutralize","Quick Slash+1","Noxious Fumes+1","A Thousand Cuts+1"],"relics":["Ring of the Snake","NeowsBlessing","The Specimen","Centennial Puzzle","Omamori","Matryoshka","Ninja Scroll"],"potions_floor_usage":[8,16],"damage_taken":[{"damage":0,"enemies":"Cultist","floor":1,"turns":1},{"damage":0,"enemies":"Small Slimes","floor":3,"turns":1},{"damage":0,"enemies":"3 Sentries","floor":6,"turns":1},{"damage":26,"enemies":"Gremlin Nob","floor":8,"turns":4},{"damage":0,"enemies":"2 Louse","floor":11,"turns":4},{"damage":0,"enemies":"Exordium Wildlife","floor":13,"turns":6},{"damage":26,"enemies":"3 Sentries","floor":14,"turns":7},{"damage":27,"enemies":"The Guardian","floor":16,"turns":2}],"seed_played":"7279171800268691747","potions_obtained":[{"floor":1,"key":"Strength Potion"},{"floor":8,"key":"EssenceOfSteel"}],"is_trial":false,"path_per_floor":["M","$","M","?","?","E","R","E","T","R","M","R","M","E","R","B"],"character_chosen":"THE_SILENT","items_purchased":[],"campfire_rested":1,"item_purchase_floors":[],"current_hp_per_floor":[59,59,59,64,53,53,53,27,27,27,27,48,48,22,22,0],"gold":170,"neow_bonus":"THREE_ENEMY_KILL","is_prod":false,"is_daily":false,"chose_seed":false,"campfire_upgraded":3,"win_rate":0,"timestamp":1561477056,"path_taken":["M","?","M","?","?","E","R","E","T","R","?","R","M","E","R","BOSS"],"build_version":"2019-01-23","purchased_purges":1,"victory":false,"max_hp_per_floor":[66,66,66,71,71,71,71,71,71,71,71,71,71,71,71,71],"card_choices":[{"not_picked":["Backflip","Prepared"],"picked":"Quick Slash","floor":1},{"not_picked":["Calculated Gamble","Sucker Punch","Bane"],"picked":"SKIP","floor":3},{"not_picked":["Outmaneuver","Deflect","Escape Plan"],"picked":"SKIP","floor":6},{"not_picked":["Quick Slash","Deadly Poison"],"picked":"Noxious Fumes","floor":8},{"not_picked":["All Out Attack","Finisher","Sucker Punch"],"picked":"SKIP","floor":11},{"not_picked":["Dagger Throw","Deflect","Masterful Stab"],"picked":"SKIP","floor":13},{"not_picked":["Bane","Masterful Stab"],"picked":"A Thousand Cuts","floor":14}],"player_experience":1421847,"relics_obtained":[{"floor":6,"key":"Centennial Puzzle"},{"floor":8,"key":"Omamori"},{"floor":9,"key":"Matryoshka"},{"floor":14,"key":"Ninja Scroll"}],"event_choices":[{"damage_healed":0,"gold_gain":0,"player_choice":"Donut","damage_taken":0,"max_hp_gain":5,"max_hp_loss":0,"event_name":"Big Fish","floor":4,"gold_loss":0},{"damage_healed":0,"gold_gain":0,"player_choice":"Success","damage_taken":11,"relics_obtained":["The Specimen"],"max_hp_gain":0,"max_hp_loss":0,"event_name":"Scrap Ooze","floor":5,"gold_loss":0}],"is_beta":false,"boss_relics":[],"items_purged_floors":[2],"is_endless":false,"potions_floor_spawned":[1,8],"killed_by":"The Guardian","ascension_level":20}