{"gold_per_floor":[109,124,124,124,144,144,69,87,87,97,21,21,32,47,47,146,146,166,23,23,40,60,60],"floor_reached":23,"playtime":1120,"items_purged":["Strike_B"],"score":185,"play_id":"9caf8a23-382c-4020-8595-33b9d30bcfd2","local_time":"20180731160424","is_ascension_mode":false,"campfire_choices":[{"data":"Turbo","floor":6,"key":"SMITH"},{"data":"Meteor Strike","floor":12,"key":"SMITH"},{"floor":15,"key":"REST"}],"neow_cost":"NONE","seed_source_timestamp":3024372702053392,"circlet_count":0,"master_deck":["Strike_B","Strike_B","Strike_B","Defend_B","Defend_B","Defend_B","Defend_B","Zap","Dualcast","Meteor Strike+1","Ball Lightning","Turbo+1","Compile Driver","Rebound","Ball Lightning","Melter","Gash","Seek","White Noise+1","Meteor Strike","Leap+1"],"relics":["Cracked Core","Shuriken","Meat on the Bone","Inserter"],"potions_floor_usage":[13,22,22],"damage_taken":[{"damage":6,"enemies":"2 Louse","floor":1,"turns":2},{"damage":6,"enemies":"Jaw Worm","floor":2,"turns":3},{"damage":0,"enemies":"Small Slimes","floor":5,"turns":2},{"damage":1,"enemies":"2 Fungi Beasts","floor":8,"turns":2},{"damage":10,"enemies":"Looter","floor":10,"turns":2},{"damage":13,"enemies":"Exordium Wildlife","floor":13,"turns":4},{"damage":2,"enemies":"Blue Slaver","floor":14,"turns":2},{"damage":37,"enemies":"The Guardian","floor":16,"turns":8},{"damage":10,"enemies":"Chosen","floor":18,"turns":3},{"damage":0,"enemies":"Spheric Guardian","floor":21,"turns":2},{"damage":24,"enemies":"Centurion and Healer","floor":22,"turns":5},{"damage":55,"enemies":"Gremlin Leader","floor":23,"turns":4}],"seed_played":"2766228053481941990","potions_obtained":[{"floor":8,"key":"SpeedPotion"},{"floor":10,"key":"Regen Potion"},{"floor":13,"key":"Weak Potion"},{"floor":16,"key":"AttackPotion"},{"floor":22,"key":"Dexterity Potion"}],"is_trial":false,"path_per_floor":["M","M","?","?","M","R","$","M","T","M","$","R","M","M","R","B",null,"M","$","?","M","M"],"character_chosen":"DEFECT","items_purchased":["Melter","Meteor Strike"],"campfire_rested":1,"item_purchase_floors":[11,19],"current_hp_per_floor":[69,63,56,61,61,61,61,60,60,50,50,50,46,44,68,43,80,70,70,70,70,46,0],"gold":60,"neow_bonus":"ONE_RANDOM_RARE_CARD","is_prod":false,"is_daily":false,"chose_seed":false,"campfire_upgraded":2,"win_rate":0,"timestamp":1533071064,"path_taken":["M","M","?","?","M","R","$","M","T","M","?","R","M","M","R","BOSS","M","$","?","?","M","E"],"build_version":"2018-07-26","purchased_purges":1,"victory":false,"max_hp_per_floor":[75,75,75,80,80,80,80,80,80,80,80,80,80,80,80,80,80,80,80,80,80,80,80],"card_choices":[{"not_picked":["Stack","Lockon"],"picked":"Ball Lightning","floor":1},{"not_picked":["Redo","Glacier"],"picked":"Turbo","floor":2},{"not_picked":["Streamline","Rip and Tear"],"picked":"Compile Driver","floor":5},{"not_picked":["Cold Snap","Thunder Strike"],"picked":"Rebound","floor":8},{"not_picked":["Scrape","Leap"],"picked":"Ball Lightning","floor":10},{"not_picked":["Reprogram","Loop","Stack"],"picked":"SKIP","floor":13},{"not_picked":["Rebound","Undo"],"picked":"Gash","floor":14},{"not_picked":["Multi-Cast","Amplify"],"picked":"Seek","floor":16},{"not_picked":["Chill","Hologram+1"],"picked":"White Noise+1","floor":18},{"not_picked":["Redo","Aggregate","Chaos"],"picked":"SKIP","floor":21},{"not_picked":["Consume","Chill"],"picked":"Leap+1","floor":22}],"player_experience":384758,"relics_obtained":[{"floor":9,"key":"Meat on the Bone"}],"event_choices":[{"event_name":"Scrap Ooze","player_choice":"success","floor":3,"damage_taken":7},{"event_name":"Big Fish","player_choice":"Donut","floor":4,"damage_taken":0},{"event_name":"Addict","player_choice":"Ignored","floor":20,"damage_taken":0}],"is_beta":false,"boss_relics":[{"not_picked":["Runic Pyramid","FrozenCore"],"picked":"Inserter"}],"items_purged_floors":[7],"is_endless":false,"potions_floor_spawned":[8,10,13,16,22],"killed_by":"Gremlin Leader","ascension_level":0}