{"gold_per_floor":[113,127,51,226,226,257,257,290,290,301,321,321,321,335,335,434,434,449,449,460,460],"floor_reached":21,"playtime":1496,"items_purged":[],"score":268,"play_id":"e40f5180-7ec5-450b-8485-b76b9a371e7f","local_time":"20190701165749","is_ascension_mode":true,"campfire_choices":[{"floor":7,"key":"REST"},{"floor":13,"key":"REST"},{"data":"Infinite Blades","floor":15,"key":"SMITH"}],"neow_cost":"NONE","seed_source_timestamp":1400092549900700,"circlet_count":0,"master_deck":["Strike_G+1","Strike_G","Strike_G","Strike_G","Strike_G","Defend_G","Defend_G+1","Defend_G","Defend_G","Defend_G","Survivor","Neutralize","Sucker Punch","Backflip","Infinite Blades+1","Doubt","Backflip","Slice","Finisher","Blade Dance","Calculated Gamble","A Thousand Cuts","Dagger Throw+1","Writhe","Cloak And Dagger"],"relics":["Ring of the Snake","NeowsBlessing","Pantograph","Du-Vu Doll","Darkstone Periapt","Eternal Feather","Letter Opener"],"potions_floor_usage":[8,11,16,18],"damage_taken":[{"damage":0,"enemies":"2 Louse","floor":1,"turns":1},{"damage":0,"enemies":"Jaw Worm","floor":2,"turns":1},{"damage":0,"enemies":"Gremlin Nob","floor":6,"turns":1},{"damage":19,"enemies":"3 Sentries","floor":8,"turns":9},{"damage":8,"enemies":"Small Slimes","floor":10,"turns":3},{"damage":6,"enemies":"Looter","floor":11,"turns":3},{"damage":6,"enemies":"Blue Slaver","floor":14,"turns":3},{"damage":37,"enemies":"The Guardian","floor":16,"turns":14},{"damage":6,"enemies":"Shell Parasite","floor":18,"turns":6},{"damage":7,"enemies":"3 Byrds","floor":20,"turns":4},{"damage":43,"enemies":"Shelled Parasite and Fungi","floor":21,"turns":5}],"seed_played":"6728413828663757140","potions_obtained":[{"floor":1,"key":"Weak Potion"},{"floor":2,"key":"LiquidBronze"},{"floor":14,"key":"EssenceOfSteel"},{"floor":16,"key":"EssenceOfSteel"}],"is_trial":false,"path_per_floor":["M","M","$","?","?","E","R","E","T","M","M","?","R","M","R","B",null,"M","?","M","M"],"character_chosen":"THE_SILENT","items_purchased":["Infinite Blades"],"campfire_rested":2,"item_purchase_floors":[3],"current_hp_per_floor":[70,70,70,70,56,56,70,51,51,43,37,37,58,52,52,33,61,55,61,54,11],"gold":460,"neow_bonus":"THREE_ENEMY_KILL","is_prod":false,"is_daily":false,"chose_seed":false,"campfire_upgraded":1,"win_rate":0,"timestamp":1562025469,"path_taken":["M","M","$","?","?","E","R","E","T","M","M","?","R","M","R","BOSS","M","?","M","M"],"build_version":"2019-07-01","purchased_purges":0,"victory":false,"max_hp_per_floor":[70,70,70,70,70,70,70,70,70,70,70,70,70,70,70,70,70,70,76,76,76],"card_choices":[{"not_picked":["Acrobatics","Terror"],"picked":"Sucker Punch","floor":1},{"not_picked":["Dodge and Roll","Terror"],"picked":"Backflip","floor":2},{"not_picked":["Grand Finale","Poisoned Stab"],"picked":"Backflip","floor":6},{"not_picked":["Bullet Time","All Out Attack"],"picked":"Slice","floor":8},{"not_picked":["Leg Sweep","Footwork"],"picked":"Finisher","floor":10},{"not_picked":["Choke","Accuracy"],"picked":"Blade Dance","floor":11},{"not_picked":["Dodge and Roll","Crippling Poison"],"picked":"Calculated Gamble","floor":14},{"not_picked":["Wraith Form v2","Bullet Time"],"picked":"A Thousand Cuts","floor":16},{"not_picked":["Sucker Punch+1","Slice+1"],"picked":"Dagger Throw+1","floor":18},{"not_picked":["Blade Dance","Outmaneuver"],"picked":"Cloak And Dagger","floor":20}],"player_experience":590867,"relics_obtained":[{"floor":6,"key":"Pantograph"},{"floor":8,"key":"Du-Vu Doll"},{"floor":9,"key":"Darkstone Periapt"}],"event_choices":[{"damage_healed":0,"gold_gain":175,"player_choice":"AGREE","damage_taken":0,"max_hp_gain":0,"max_hp_loss":0,"event_name":"Liars Game","floor":4,"gold_loss":0,"cards_obtained":["Doubt"]},{"damage_healed":0,"gold_gain":0,"player_choice":"Entered Light","damage_taken":14,"max_hp_gain":0,"max_hp_loss":0,"event_name":"Shining Light","floor":5,"gold_loss":0,"cards_upgraded":["Strike_G","Defend_G"]},{"damage_healed":0,"gold_gain":0,"player_choice":"Searched \u00270\u0027 times","damage_taken":0,"max_hp_gain":0,"max_hp_loss":0,"event_name":"Dead Adventurer","floor":12,"gold_loss":0},{"damage_healed":0,"gold_gain":0,"player_choice":"Opened","damage_taken":0,"relics_obtained":["Letter Opener"],"max_hp_gain":0,"max_hp_loss":0,"event_name":"The Mausoleum","floor":19,"gold_loss":0,"cards_obtained":["Writhe"]}],"is_beta":false,"boss_relics":[{"not_picked":["Ectoplasm","HoveringKite"],"picked":"Eternal Feather"}],"items_purged_floors":[],"is_endless":false,"potions_floor_spawned":[1,2,14,16],"killed_by":"Shelled Parasite and Fungi","ascension_level":5}