{"gold_per_floor":[109,109,109,109,31,64,64,126,153,153,170,205,217,246,246,320,320,340,340,134,134,146,175,192,192,219,219,250,31,41,75,75,153,153,165,265,285,285,285,313,313,345,345,345,372,387,420,475,475,475,475],"floor_reached":51,"playtime":2726,"items_purged":["Strike_R+1"],"score":1730,"play_id":"0432d692-7298-4290-a08a-b6b42a9a878e","local_time":"20190625184449","is_ascension_mode":true,"campfire_choices":[{"data":"Bash","floor":7,"key":"SMITH"},{"data":"Anger","floor":10,"key":"SMITH"},{"data":"Evolve","floor":15,"key":"SMITH"},{"data":"Immolate","floor":25,"key":"SMITH"},{"data":"True Grit","floor":27,"key":"SMITH"},{"data":"Feel No Pain","floor":32,"key":"SMITH"},{"floor":41,"key":"REST"},{"floor":44,"key":"RECALL"},{"floor":49,"key":"REST"}],"neow_cost":"NONE","seed_source_timestamp":20113684178329,"circlet_count":0,"master_deck":["AscendersBane","Strike_R+1","Strike_R+1","Strike_R+1","Strike_R+1","Defend_R+1","Defend_R+1","Defend_R+1","Defend_R+1","Bash+1","Disarm+1","Evolve+1","Anger+1","Pummel","Battle Trance","True Grit+1","Immolate+1","Thunderclap","Feel No Pain+1","Shrug It Off","Battle Trance","Sword Boomerang+1","Exhume","Pommel Strike+1","Metallicize+1","Uppercut+1","Disarm","Reaper+1"],"relics":["Burning Blood","NeowsBlessing","PreservedInsect","Shuriken","Tiny Chest","Bronze Scales","Lantern","Regal Pillow","Sozu","Red Skull","Ancient Tea Set","Sling","Molten Egg 2","Fusion Hammer","Calipers","WingedGreaves","Smiling Mask","Turnip","Strawberry","Happy Flower","Bag of Preparation"],"potions_floor_usage":[13,14,28],"damage_taken":[{"damage":0,"enemies":"Cultist","floor":1,"turns":1},{"damage":0,"enemies":"3 Sentries","floor":6,"turns":2},{"damage":0,"enemies":"Gremlin Nob","floor":8,"turns":1},{"damage":4,"enemies":"Jaw Worm","floor":11,"turns":4},{"damage":21,"enemies":"Lagavulin","floor":12,"turns":5},{"damage":0,"enemies":"Small Slimes","floor":13,"turns":4},{"damage":3,"enemies":"Gremlin Nob","floor":14,"turns":2},{"damage":45,"enemies":"Slime Boss","floor":16,"turns":9},{"damage":10,"enemies":"2 Thieves","floor":18,"turns":3},{"damage":11,"enemies":"Spheric Guardian","floor":22,"turns":5},{"damage":33,"enemies":"Gremlin Leader","floor":23,"turns":3},{"damage":8,"enemies":"Centurion and Healer","floor":24,"turns":4},{"damage":21,"enemies":"Slavers","floor":28,"turns":4},{"damage":0,"enemies":"Snecko","floor":30,"turns":2},{"damage":0,"enemies":"Gremlin Leader","floor":31,"turns":4},{"damage":18,"enemies":"Collector","floor":33,"turns":5},{"damage":25,"enemies":"3 Darklings","floor":35,"turns":5},{"damage":2,"enemies":"Mind Bloom Boss Battle","floor":36,"turns":7},{"damage":0,"enemies":"3 Shapes","floor":37,"turns":13},{"damage":38,"enemies":"Giant Head","floor":40,"turns":6},{"damage":0,"enemies":"Reptomancer","floor":42,"turns":2},{"damage":8,"enemies":"Maw","floor":46,"turns":7},{"damage":11,"enemies":"Giant Head","floor":47,"turns":5},{"damage":84,"enemies":"Donu and Deca","floor":50,"turns":10},{"damage":49,"enemies":"Time Eater","floor":51,"turns":3}],"seed_played":"-7993599713628601519","potions_obtained":[{"floor":8,"key":"BloodPotion"},{"floor":12,"key":"Regen Potion"},{"floor":13,"key":"Fruit Juice"},{"floor":14,"key":"LiquidBronze"}],"is_trial":false,"path_per_floor":["M","?","$","?","$","E","R","E","T","R","M","E","M","E","R","B",null,"M","?","$","?","M","E","M","R","T","R","E","$","M","E","R","B",null,"M","?","M","?","?","E","R","E","T","R","T","M","E","T","R","B","B"],"character_chosen":"IRONCLAD","items_purchased":["Evolve","Feel No Pain","Shrug It Off","Sling"],"campfire_rested":2,"item_purchase_floors":[5,20,20,29],"current_hp_per_floor":[74,69,69,46,46,52,52,58,58,58,60,45,58,66,66,27,67,63,63,63,63,58,31,29,29,29,29,26,26,32,38,38,26,67,48,52,58,58,58,26,65,71,71,71,78,76,71,71,87,36,0],"gold":475,"neow_bonus":"THREE_ENEMY_KILL","is_prod":false,"is_daily":false,"chose_seed":false,"campfire_upgraded":6,"win_rate":0,"timestamp":1561481089,"path_taken":["M","?","$","?","$","E","R","E","T","R","M","E","?","E","R","BOSS","M","?","$","?","M","E","M","R","T","R","E","$","M","E","R","BOSS","M","?","M","?","?","E","R","E","T","R","?","M","E","?","R","BOSS","BOSS"],"build_version":"2019-01-23","purchased_purges":1,"victory":false,"max_hp_per_floor":[75,75,75,75,75,75,75,75,75,75,75,75,75,80,80,80,80,80,80,80,80,80,80,80,80,80,80,80,80,80,80,80,80,80,80,80,80,80,80,80,80,80,80,80,87,87,87,87,87,87,87],"card_choices":[{"not_picked":["Cleave","Power Through"],"picked":"Disarm","floor":1},{"not_picked":["Bloodletting","Headbutt"],"picked":"Anger","floor":6},{"not_picked":["Warcry","Havoc"],"picked":"Pummel","floor":8},{"not_picked":["Searing Blow","Iron Wave","Burning Pact"],"picked":"SKIP","floor":11},{"not_picked":["Intimidate","True Grit"],"picked":"Battle Trance","floor":12},{"not_picked":["Iron Wave","Dual Wield","Seeing Red"],"picked":"SKIP","floor":13},{"not_picked":["Intimidate","Double Tap"],"picked":"True Grit","floor":14},{"not_picked":["Dark Embrace","Bludgeon"],"picked":"Immolate","floor":16},{"not_picked":["Uppercut","Ghostly Armor"],"picked":"Thunderclap","floor":18},{"not_picked":["Warcry","Cleave"],"picked":"Sword Boomerang+1","floor":22},{"not_picked":["Inflame","Rage"],"picked":"Battle Trance","floor":23},{"not_picked":["Dual Wield","Pommel Strike","Perfected Strike"],"picked":"SKIP","floor":24},{"not_picked":["Body Slam","Burning Pact","Iron Wave"],"picked":"SKIP","floor":28},{"not_picked":["Burning Pact","Double Tap","Iron Wave"],"picked":"SKIP","floor":30},{"not_picked":["Havoc","True Grit"],"picked":"Sword Boomerang","floor":31},{"not_picked":["Double Tap","Bludgeon+1"],"picked":"Exhume","floor":33},{"not_picked":["Headbutt+1","Sword Boomerang+1"],"picked":"Pommel Strike+1","floor":35},{"not_picked":["Infernal Blade","Shrug It Off"],"picked":"Metallicize+1","floor":36},{"not_picked":["Armaments","Flex","Perfected Strike+1"],"picked":"SKIP","floor":37},{"not_picked":["Combust+1","Clash+1"],"picked":"Uppercut+1","floor":40},{"not_picked":["Armaments","Heavy Blade+1","Body Slam+1"],"picked":"SKIP","floor":42},{"not_picked":["Body Slam+1","Bloodletting"],"picked":"Disarm","floor":46},{"not_picked":["Shrug It Off","Searing Blow+1"],"picked":"Reaper+1","floor":47}],"player_experience":1422916,"relics_obtained":[{"floor":6,"key":"Shuriken"},{"floor":8,"key":"Tiny Chest"},{"floor":9,"key":"Bronze Scales"},{"floor":12,"key":"Lantern"},{"floor":14,"key":"Regal Pillow"},{"floor":23,"key":"Red Skull"},{"floor":28,"key":"Ancient Tea Set"},{"floor":31,"key":"Molten Egg 2"},{"floor":36,"key":"Calipers"},{"floor":40,"key":"WingedGreaves"},{"floor":42,"key":"Smiling Mask"},{"floor":43,"key":"Turnip"},{"floor":45,"key":"Strawberry"},{"floor":47,"key":"Happy Flower"},{"floor":48,"key":"Bag of Preparation"}],"event_choices":[{"damage_healed":0,"gold_gain":0,"player_choice":"Success","damage_taken":5,"relics_obtained":["PreservedInsect"],"max_hp_gain":0,"max_hp_loss":0,"event_name":"Scrap Ooze","floor":2,"gold_loss":0},{"damage_healed":0,"gold_gain":0,"player_choice":"Entered Light","damage_taken":23,"max_hp_gain":0,"max_hp_loss":0,"event_name":"Shining Light","floor":4,"gold_loss":0,"cards_upgraded":["Defend_R","Disarm"]},{"damage_healed":0,"gold_gain":0,"player_choice":"Simplicity","damage_taken":0,"max_hp_gain":0,"max_hp_loss":0,"event_name":"Back to Basics","floor":19,"gold_loss":0,"cards_upgraded":["Strike_R","Strike_R","Strike_R","Strike_R","Strike_R","Defend_R","Defend_R","Defend_R"]},{"damage_healed":0,"gold_gain":0,"player_choice":"Ignored","damage_taken":0,"max_hp_gain":0,"max_hp_loss":0,"event_name":"Vampires","floor":21,"gold_loss":0},{"damage_healed":0,"gold_gain":0,"player_choice":"Fight","damage_taken":0,"max_hp_gain":0,"max_hp_loss":0,"event_name":"MindBloom","floor":36,"gold_loss":0},{"damage_healed":0,"gold_gain":0,"player_choice":"Ignored","damage_taken":0,"max_hp_gain":0,"max_hp_loss":0,"event_name":"Tomb of Lord Red Mask","floor":38,"gold_loss":0},{"cards_removed":["Sword Boomerang"],"damage_healed":0,"gold_gain":0,"player_choice":"Removed Attack","damage_taken":0,"max_hp_gain":0,"max_hp_loss":0,"event_name":"Falling","floor":39,"gold_loss":0}],"is_beta":false,"boss_relics":[{"not_picked":["Eternal Feather","Cursed Key"],"picked":"Sozu"},{"not_picked":["Coffee Dripper","White Beast Statue"],"picked":"Fusion Hammer"}],"items_purged_floors":[20],"is_endless":false,"potions_floor_spawned":[8,12,13,14,18,22,28,30,36,40,42,47],"killed_by":"Time Eater","ascension_level":20}