{"gold_per_floor":[110,125,75,75,21,21,54,64,64,84,159,159,185,204,204,307,307,321,31,47,59,69,69,103,103,103,134,134,134,2,35,35,130,130,141,141,158,174,174,232,249,249,249,283,283,293,243,278,278,278,278,278,105,131,131],"floor_reached":56,"playtime":7719,"items_purged":["Strike_B","Strike_B","Defend_B"],"score":1488,"play_id":"079911e3-89db-4a3c-95fd-0a45fabfb44a","local_time":"20190702002932","is_ascension_mode":true,"campfire_choices":[{"data":"Zap","floor":6.0,"key":"SMITH"},{"data":"Sweeping Beam","floor":12.0,"key":"SMITH"},{"floor":15.0,"key":"REST"},{"data":"Defragment","floor":23.0,"key":"SMITH"},{"floor":25.0,"key":"REST"},{"data":"Reinforced Body","floor":32.0,"key":"SMITH"},{"floor":42.0,"key":"RECALL"},{"floor":49.0,"key":"REST"},{"floor":52.0,"key":"REST"}],"neow_cost":"NONE","seed_source_timestamp":0,"circlet_count":0,"master_deck":["Defend_B","Defend_B","Defend_B","Zap+1","Dualcast","Sweeping Beam+1","Cold Snap","Reinforced Body+1","Doom and Gloom","Capacitor","Darkness","Buffer","Defragment+1","Gash+1","Self Repair+1","Defragment+1","Ghostly","Ghostly","Ghostly","Ghostly","Ghostly","Recycle","Seek","White Noise+1","Go for the Eyes+1","Conserve Battery+1","Hologram+1","Coolheaded","Static Discharge","Static Discharge+1"],"special_seed":0,"relics":["Cracked Core","Bronze Scales","Mercury Hourglass","Matryoshka","Smiling Mask","Runic Pyramid","Symbiotic Virus","Anchor","DataDisk","Bottled Tornado","Bag of Preparation","Pear","Fusion Hammer","Tiny Chest","Strawberry","Gambling Chip","Happy Flower","Ginger"],"potions_floor_usage":[],"damage_taken":[{"damage":0.0,"enemies":"Small Slimes","floor":1.0,"turns":3.0},{"damage":2.0,"enemies":"Jaw Worm","floor":2.0,"turns":3.0},{"damage":15.0,"enemies":"Lagavulin","floor":7.0,"turns":7.0},{"damage":0.0,"enemies":"Cultist","floor":8.0,"turns":2.0},{"damage":6.0,"enemies":"Large Slime","floor":10.0,"turns":4.0},{"damage":24.0,"enemies":"3 Sentries","floor":13.0,"turns":3.0},{"damage":0.0,"enemies":"3 Louse","floor":14.0,"turns":1.0},{"damage":18.0,"enemies":"Hexaghost","floor":16.0,"turns":6.0},{"damage":23.0,"enemies":"2 Thieves","floor":18.0,"turns":3.0},{"damage":2.0,"enemies":"Chosen","floor":20.0,"turns":3.0},{"damage":19.0,"enemies":"Snake Plant","floor":21.0,"turns":3.0},{"damage":6.0,"enemies":"Centurion and Healer","floor":22.0,"turns":5.0},{"damage":26.0,"enemies":"Book of Stabbing","floor":24.0,"turns":5.0},{"damage":9.0,"enemies":"Gremlin Leader","floor":27.0,"turns":6.0},{"damage":0.0,"enemies":"Slavers","floor":31.0,"turns":5.0},{"damage":7.0,"enemies":"Automaton","floor":33.0,"turns":8.0},{"damage":0.0,"enemies":"3 Shapes","floor":35.0,"turns":4.0},{"damage":0.0,"enemies":"Orb Walker","floor":37.0,"turns":3.0},{"damage":0.0,"enemies":"Writhing Mass","floor":38.0,"turns":5.0},{"damage":3.0,"enemies":"Giant Head","floor":40.0,"turns":10.0},{"damage":0.0,"enemies":"Sphere and 2 Shapes","floor":41.0,"turns":5.0},{"damage":0.0,"enemies":"Nemesis","floor":44.0,"turns":7.0},{"damage":0.0,"enemies":"3 Darklings","floor":46.0,"turns":3.0},{"damage":0.0,"enemies":"Reptomancer","floor":48.0,"turns":6.0},{"damage":0.0,"enemies":"Awakened One","floor":50.0,"turns":12.0},{"damage":4.0,"enemies":"Shield and Spear","floor":54.0,"turns":6.0},{"damage":22,"enemies":"The Heart","floor":55,"turns":8}],"seed_played":"-4724378755011655014","potions_obtained":[{"floor":7.0,"key":"Strength Potion"},{"floor":13.0,"key":"EssenceOfSteel"},{"floor":14.0,"key":"AttackPotion"},{"floor":18.0,"key":"Dexterity Potion"},{"floor":24.0,"key":"LiquidBronze"},{"floor":27.0,"key":"Swift Potion"},{"floor":33.0,"key":"Weak Potion"},{"floor":41.0,"key":"PowerPotion"},{"floor":46.0,"key":"Block Potion"}],"is_trial":false,"path_per_floor":["M","M","?","?","$","R","E","M","T","M","?","R","E","M","R","B",null,"M","$","M","M","M","R","E","R","T","E","?","?","$","E","R","B",null,"M","?","M","M","?","E","M","R","T","E","?","M","$","E","R","B",null,"R","$","E","B",null],"character_chosen":"DEFECT","items_purchased":["Cold Snap","Defragment","Symbiotic Virus","Recycle","Coolheaded","Static Discharge"],"campfire_rested":4,"item_purchase_floors":[5,19,19,30,53,53],"current_hp_per_floor":[75,73,73,73,73,73,58,58,58,52,41,41,17,17,39,21,75,52,52,50,31,35,35,9,31,31,32,32,32,32,47,47,40,47,47,47,47,47,47,47,47,47,54,54,54,54,54,54,54,54,54,54,54,54,42],"gold":131,"neow_bonus":"RANDOM_COMMON_RELIC","is_prod":false,"is_daily":false,"chose_seed":false,"campfire_upgraded":4,"win_rate":0,"timestamp":1562020172,"path_taken":["M","M","?","?","$","R","E","M","T","?","?","R","E","M","R","BOSS","M","$","M","M","M","R","E","R","T","E","?","?","?","E","R","BOSS","M","?","?","M","?","E","M","R","T","E","?","?","$","E","R","BOSS","R","$","E","BOSS"],"build_version":"2019-07-01","purchased_purges":3,"victory":true,"max_hp_per_floor":[75,75,75,75,75,75,75,75,75,75,75,75,75,75,75,75,75,75,75,75,75,75,75,75,75,75,75,75,37,37,47,47,47,47,47,47,47,47,47,47,47,47,54,54,54,54,54,54,54,54,54,54,54,54,54],"card_choices":[{"not_picked":["Darkness","Compile Driver"],"picked":"Sweeping Beam","floor":1.0},{"not_picked":["Turbo","Consume","Stack"],"picked":"SKIP","floor":2.0},{"not_picked":["Compile Driver","Sweeping Beam"],"picked":"Reinforced Body","floor":7.0},{"not_picked":["Barrage","Streamline"],"picked":"Doom and Gloom","floor":8.0},{"not_picked":["Rebound","Multi-Cast","Beam Cell"],"picked":"SKIP","floor":10.0},{"not_picked":["Beam Cell","Leap"],"picked":"Capacitor","floor":13.0},{"not_picked":["Stack","Rebound"],"picked":"Darkness","floor":14.0},{"not_picked":["Reboot","Creative AI"],"picked":"Buffer","floor":16.0},{"not_picked":["Beam Cell","Fusion"],"picked":"FTL","floor":18.0},{"not_picked":["Redo","Tempest"],"picked":"Gash+1","floor":20.0},{"not_picked":["Static Discharge","Scrape"],"picked":"Self Repair+1","floor":21.0},{"not_picked":["Streamline","Leap","Ball Lightning"],"picked":"SKIP","floor":22.0},{"not_picked":["Undo","Heatsinks+1"],"picked":"Defragment+1","floor":24.0},{"not_picked":["Rebound","Lockon","Streamline+1"],"picked":"SKIP","floor":27.0},{"not_picked":["Steam","Consume+1","Steam Power"],"picked":"SKIP","floor":31.0},{"not_picked":["Machine Learning","Multi-Cast"],"picked":"Seek","floor":33.0},{"not_picked":["Sweeping Beam+1","Rip and Tear"],"picked":"White Noise+1","floor":35.0},{"not_picked":["Cold Snap+1","Reinforced Body"],"picked":"Go for the Eyes","floor":37.0},{"not_picked":["Turbo","Compile Driver+1","Storm+1"],"picked":"SKIP","floor":38.0},{"not_picked":["Heatsinks+1","Rebound+1"],"picked":"Conserve Battery+1","floor":40.0},{"not_picked":["Blizzard+1","Lockon+1","Coolheaded"],"picked":"SKIP","floor":41.0},{"not_picked":["Amplify","Beam Cell+1","Streamline"],"picked":"SKIP","floor":44.0},{"not_picked":["Reprogram","Beam Cell+1"],"picked":"Hologram+1","floor":46.0},{"not_picked":["Sweeping Beam+1","Blizzard+1","Recycle+1"],"picked":"SKIP","floor":48.0},{"not_picked":["Turbo+1","Barrage"],"picked":"Static Discharge+1","floor":54.0}],"player_experience":377494,"relics_obtained":[{"floor":7.0,"key":"Mercury Hourglass"},{"floor":9.0,"key":"Matryoshka"},{"floor":13.0,"key":"Smiling Mask"},{"floor":24.0,"key":"Anchor"},{"floor":26.0,"key":"DataDisk"},{"floor":26.0,"key":"Bottled Tornado"},{"floor":27.0,"key":"Bag of Preparation"},{"floor":31.0,"key":"Pear"},{"floor":40.0,"key":"Tiny Chest"},{"floor":43.0,"key":"Strawberry"},{"floor":44.0,"key":"Gambling Chip"},{"floor":48.0,"key":"Happy Flower"},{"floor":54.0,"key":"Ginger"}],"event_choices":[{"cards_removed":["Strike_B"],"damage_healed":0.0,"max_hp_gain":0.0,"max_hp_loss":0.0,"gold_gain":0.0,"event_name":"The Cleric","player_choice":"Card Removal","floor":3.0,"gold_loss":50.0,"damage_taken":0.0},{"damage_healed":0.0,"max_hp_gain":0.0,"max_hp_loss":0.0,"gold_gain":0.0,"event_name":"The Woman in Blue","player_choice":"Bought 0 Potions","floor":4.0,"gold_loss":0.0,"damage_taken":0.0},{"damage_healed":0.0,"max_hp_gain":0.0,"max_hp_loss":0.0,"gold_gain":75.0,"event_name":"World of Goop","player_choice":"Gather Gold","floor":11.0,"gold_loss":0.0,"damage_taken":11.0},{"damage_healed":0.0,"max_hp_gain":0.0,"max_hp_loss":0.0,"gold_gain":0.0,"event_name":"Vampires","player_choice":"Ignored","floor":28.0,"gold_loss":0.0,"damage_taken":0.0},{"damage_healed":0.0,"max_hp_gain":0.0,"max_hp_loss":38.0,"gold_gain":0.0,"event_name":"Ghosts","player_choice":"Became a Ghost","floor":29.0,"gold_loss":0.0,"damage_taken":0.0,"cards_obtained":["Ghostly","Ghostly","Ghostly","Ghostly","Ghostly"]},{"cards_removed":["Strike_B"],"damage_healed":0.0,"max_hp_gain":0.0,"max_hp_loss":0.0,"gold_gain":0.0,"event_name":"Purifier","player_choice":"Purged","floor":36.0,"gold_loss":0.0,"damage_taken":0.0},{"cards_removed":["FTL"],"damage_healed":0.0,"max_hp_gain":0.0,"max_hp_loss":0.0,"gold_gain":0.0,"event_name":"Falling","player_choice":"Removed Attack","floor":39.0,"gold_loss":0.0,"damage_taken":0.0},{"damage_healed":0.0,"max_hp_gain":0.0,"max_hp_loss":0.0,"gold_gain":0.0,"event_name":"Accursed Blacksmith","player_choice":"Forge","floor":45.0,"gold_loss":0.0,"damage_taken":0.0,"cards_upgraded":["Go for the Eyes"]}],"is_beta":false,"boss_relics":[{"not_picked":["Pandora\u0027s Box","Busted Crown"],"picked":"Runic Pyramid"},{"not_picked":["Eternal Feather","White Beast Statue"],"picked":"Fusion Hammer"}],"items_purged_floors":[30,47,53],"is_endless":false,"potions_floor_spawned":[7,13,14,18,24,27,33,41,44,46,48],"ascension_level":2}