{"gold_per_floor":[117,117,131,146,96,130,130,148,148,148,148,216,91,102,102,204,204,223,52,71,71,21,48,60,72,72,84,95,128,128,139,139,239,239,256,206,206,206,216,216,247,263,286,297,297,297,308,325,325,325],"floor_reached":50,"playtime":4877,"items_purged":["Strike_G","Defend_G","Defend_G","Normality"],"score":566,"play_id":"88671372-4f6d-42b4-a363-0d25393f0469","local_time":"20190314095704","is_ascension_mode":false,"campfire_choices":[{"data":"Dagger Spray","floor":7.0,"key":"SMITH"},{"data":"Dagger Spray","floor":10.0,"key":"SMITH"},{"data":"Noxious Fumes","floor":15.0,"key":"SMITH"},{"floor":32.0,"key":"REST"},{"data":"Footwork","floor":40.0,"key":"SMITH"},{"data":"Poisoned Stab","floor":45.0,"key":"SMITH"},{"floor":49.0,"key":"RECALL"}],"neow_cost":"NONE","seed_source_timestamp":0,"circlet_count":0,"master_deck":["Defend_G+1","Defend_G","Defend_G","Strike_G+1","Strike_G+1","Survivor+1","Neutralize","Poisoned Stab+1","Dagger Spray+1","Cloak And Dagger","Dagger Spray+1","Poisoned Stab","Dash+1","Noxious Fumes+1","Blur","Tools of the Trade","Footwork+1","Footwork+1","Deflect","Caltrops+1","Poisoned Stab","Madness","Madness"],"special_seed":0,"relics":["Ring of the Snake","Matryoshka","Smiling Mask","Meat on the Bone","Busted Crown","Shuriken","Omamori","Lantern","Sundial","Calling Bell","War Paint","Singing Bowl","Dead Branch","The Specimen"],"potions_floor_usage":[],"damage_taken":[{"damage":0.0,"enemies":"Jaw Worm","floor":1.0,"turns":3.0},{"damage":0.0,"enemies":"Cultist","floor":3.0,"turns":3.0},{"damage":0.0,"enemies":"2 Louse","floor":4.0,"turns":2.0},{"damage":0.0,"enemies":"3 Sentries","floor":6.0,"turns":2.0},{"damage":2.0,"enemies":"Large Slime","floor":8.0,"turns":3.0},{"damage":2.0,"enemies":"Looter","floor":14.0,"turns":3.0},{"damage":10.0,"enemies":"Hexaghost","floor":16.0,"turns":9.0},{"damage":2.0,"enemies":"Chosen","floor":18.0,"turns":4.0},{"damage":0.0,"enemies":"Shell Parasite","floor":20.0,"turns":5.0},{"damage":10.0,"enemies":"Slavers","floor":23.0,"turns":3.0},{"damage":1.0,"enemies":"3 Cultists","floor":24.0,"turns":4.0},{"damage":6.0,"enemies":"Centurion and Healer","floor":25.0,"turns":5.0},{"damage":16.0,"enemies":"Snake Plant","floor":27.0,"turns":4.0},{"damage":0.0,"enemies":"Snecko","floor":28.0,"turns":6.0},{"damage":12.0,"enemies":"Gremlin Leader","floor":29.0,"turns":5.0},{"damage":2.0,"enemies":"Shelled Parasite and Fungi","floor":31.0,"turns":5.0},{"damage":8.0,"enemies":"Collector","floor":33.0,"turns":8.0},{"damage":1.0,"enemies":"3 Shapes","floor":35.0,"turns":7.0},{"damage":0.0,"enemies":"3 Darklings","floor":39.0,"turns":5.0},{"damage":0.0,"enemies":"Giant Head","floor":41.0,"turns":9.0},{"damage":4.0,"enemies":"Sphere and 2 Shapes","floor":42.0,"turns":5.0},{"damage":3.0,"enemies":"Spire Growth","floor":44.0,"turns":5.0},{"damage":2.0,"enemies":"Maw","floor":47.0,"turns":7.0},{"damage":0.0,"enemies":"Writhing Mass","floor":48.0,"turns":8.0},{"damage":0,"enemies":"Time Eater","floor":50,"turns":1}],"seed_played":"-6509383111058846459","potions_obtained":[{"floor":1.0,"key":"SteroidPotion"},{"floor":3.0,"key":"Fire Potion"},{"floor":14.0,"key":"AttackPotion"},{"floor":16.0,"key":"SteroidPotion"},{"floor":18.0,"key":"Poison Potion"},{"floor":25.0,"key":"Poison Potion"},{"floor":27.0,"key":"Energy Potion"},{"floor":33.0,"key":"Poison Potion"},{"floor":42.0,"key":"SteroidPotion"},{"floor":44.0,"key":"EssenceOfSteel"},{"floor":47.0,"key":"Energy Potion"}],"is_trial":false,"path_per_floor":["M","?","M","M","?","E","R","M","T","R","?","?","$","M","R","B",null,"M","$","M","?","$","E","M","M","T","M","M","E","?","M","R","B",null,"M","$","?","?","M","R","E","M","T","M","R","?","M","M","R","B"],"character_chosen":"THE_SILENT","items_purchased":["Noxious Fumes","Footwork","Cloak And Dagger"],"campfire_rested":1,"item_purchase_floors":[13,19,19],"current_hp_per_floor":[70,70,70,70,70,70,70,68,68,68,54,54,54,52,52,42,70,68,68,68,68,68,58,57,51,51,47,47,47,47,45,66,58,70,71,71,71,71,73,73,73,71,71,68,68,58,58,60,60,60],"gold":325,"neow_bonus":"THREE_CARDS","is_prod":false,"is_daily":false,"chose_seed":false,"campfire_upgraded":5,"win_rate":0,"timestamp":1552575424,"path_taken":["M","?","M","?","?","E","R","M","T","R","?","?","?","M","R","BOSS","M","$","?","?","$","E","M","M","T","M","?","E","?","?","R","BOSS","M","$","?","?","M","R","E","M","T","M","R","?","M","M","R","BOSS"],"build_version":"2019-01-23","purchased_purges":4,"victory":false,"max_hp_per_floor":[70,70,70,70,70,70,70,70,70,70,70,70,70,70,70,70,70,70,70,70,70,70,70,70,70,70,70,70,70,70,70,70,70,70,72,72,72,72,74,74,74,76,76,76,76,76,78,80,80,80],"card_choices":[{"not_picked":["Prepared","Backflip"],"picked":"Poisoned Stab","floor":0.0},{"not_picked":["Well Laid Plans","Expertise"],"picked":"Dagger Spray","floor":1.0},{"not_picked":["Backflip","Escape Plan"],"picked":"Cloak And Dagger","floor":3.0},{"not_picked":["Prepared","Sucker Punch"],"picked":"Dagger Spray","floor":4.0},{"not_picked":["Tools of the Trade","Accuracy"],"picked":"Poisoned Stab","floor":6.0},{"not_picked":["Eviscerate","Accuracy"],"picked":"Dash","floor":8.0},{"not_picked":["Flying Knee","Bane"],"picked":"Blur","floor":14.0},{"not_picked":["Burst","Phantasmal Killer"],"picked":"Tools of the Trade","floor":16.0},{"not_picked":["Infinite Blades"],"picked":"SKIP","floor":18.0},{"not_picked":["Dodge and Roll"],"picked":"SKIP","floor":20.0},{"not_picked":[],"picked":"Footwork+1","floor":23.0},{"not_picked":["Deadly Poison"],"picked":"SKIP","floor":24.0},{"not_picked":["Skewer"],"picked":"SKIP","floor":25.0},{"not_picked":["Underhanded Strike"],"picked":"SKIP","floor":27.0},{"not_picked":["Setup"],"picked":"SKIP","floor":28.0},{"not_picked":["Doppelganger"],"picked":"SKIP","floor":29.0},{"not_picked":[],"picked":"Deflect","floor":31.0},{"not_picked":["Concentrate"],"picked":"Singing Bowl","floor":35.0},{"not_picked":["Prepared"],"picked":"Singing Bowl","floor":39.0},{"not_picked":[],"picked":"Caltrops+1","floor":41.0},{"not_picked":["Tactician"],"picked":"Singing Bowl","floor":42.0},{"not_picked":[],"picked":"Poisoned Stab","floor":44.0},{"not_picked":["Outmaneuver"],"picked":"Singing Bowl","floor":47.0},{"not_picked":["Concentrate"],"picked":"Singing Bowl","floor":48.0}],"player_experience":1162761,"relics_obtained":[{"floor":6.0,"key":"Matryoshka"},{"floor":9.0,"key":"Smiling Mask"},{"floor":9.0,"key":"Meat on the Bone"},{"floor":23.0,"key":"Shuriken"},{"floor":26.0,"key":"Omamori"},{"floor":26.0,"key":"Lantern"},{"floor":29.0,"key":"Sundial"},{"floor":34.0,"key":"War Paint"},{"floor":34.0,"key":"Singing Bowl"},{"floor":34.0,"key":"Dead Branch"},{"floor":41.0,"key":"The Specimen"}],"event_choices":[{"cards_removed":["Strike_G"],"damage_healed":0.0,"max_hp_gain":0.0,"max_hp_loss":0.0,"gold_gain":0.0,"event_name":"Purifier","player_choice":"Purged","floor":2.0,"gold_loss":0.0,"damage_taken":0.0},{"cards_removed":["Strike_G"],"damage_healed":0.0,"max_hp_gain":0.0,"max_hp_loss":0.0,"gold_gain":0.0,"event_name":"The Cleric","player_choice":"Card Removal","floor":5.0,"gold_loss":50.0,"damage_taken":0.0},{"damage_healed":0.0,"max_hp_gain":0.0,"max_hp_loss":0.0,"gold_gain":0.0,"event_name":"Shining Light","player_choice":"Entered Light","floor":11.0,"gold_loss":0.0,"damage_taken":14.0,"cards_upgraded":["Strike_G","Strike_G"]},{"damage_healed":0.0,"max_hp_gain":0.0,"max_hp_loss":0.0,"gold_gain":68.0,"event_name":"Golden Wing","player_choice":"Gained Gold","floor":12.0,"gold_loss":0.0,"damage_taken":0.0},{"damage_healed":0.0,"max_hp_gain":0.0,"max_hp_loss":0.0,"gold_gain":0.0,"event_name":"Upgrade Shrine","player_choice":"Upgraded","floor":21.0,"gold_loss":0.0,"damage_taken":0.0,"cards_upgraded":["Dash"]},{"damage_healed":0.0,"max_hp_gain":0.0,"max_hp_loss":0.0,"gold_gain":0.0,"event_name":"NoteForYourself","player_choice":"Ignored","floor":30.0,"gold_loss":0.0,"damage_taken":0.0},{"cards_removed":["Cloak And Dagger"],"damage_healed":0.0,"max_hp_gain":0.0,"max_hp_loss":0.0,"gold_gain":0.0,"event_name":"Falling","player_choice":"Removed Skill","floor":37.0,"gold_loss":0.0,"damage_taken":0.0},{"damage_healed":0.0,"max_hp_gain":0.0,"max_hp_loss":0.0,"gold_gain":0.0,"event_name":"Tomb of Lord Red Mask","player_choice":"Ignored","floor":38.0,"gold_loss":0.0,"damage_taken":0.0},{"damage_healed":0.0,"max_hp_gain":0.0,"max_hp_loss":0.0,"gold_gain":0.0,"event_name":"Winding Halls","player_choice":"Embrace Madness","floor":46.0,"gold_loss":0.0,"damage_taken":10.0,"cards_obtained":["Madness","Madness"]}],"is_beta":false,"boss_relics":[{"not_picked":["Black Star","Astrolabe"],"picked":"Busted Crown"},{"not_picked":["Cursed Key","Ring of the Serpent"],"picked":"Calling Bell"}],"items_purged_floors":[13,19,22,36],"is_endless":false,"potions_floor_spawned":[1,3,14,16,18,25,27,33,42,44,47],"killed_by":"Time Eater","ascension_level":0}