{"gold_per_floor":[116,126,140,156,4,4,35,35,35,35,54,68,86,116,116,214,214,229,229,504,520,520,321,355,379,379,379,391,402,402,413,413,515,515,526,537,556,556,146,146,162,162,185,195,195,210,224,224,224,224,224,224,45,74,74],"floor_reached":55,"playtime":4854,"items_purged":["Regret","Rip and Tear","Regret"],"score":728,"play_id":"1d8dd693-29f7-45e5-89a6-14bc10476fc4","local_time":"20190315185922","is_ascension_mode":false,"campfire_choices":[{"data":"Scrape","floor":6.0,"key":"SMITH"},{"data":"Zap","floor":8.0,"key":"SMITH"},{"data":"Dualcast","floor":10.0,"key":"SMITH"},{"data":"Sweeping Beam","floor":15.0,"key":"SMITH"},{"data":"Blizzard","floor":27.0,"key":"SMITH"},{"data":"Blizzard","floor":30.0,"key":"SMITH"},{"floor":32.0,"key":"REST"},{"data":"Force Field","floor":40.0,"key":"SMITH"},{"data":"Chill","floor":45.0,"key":"SMITH"},{"floor":49.0,"key":"RECALL"},{"data":"Beam Cell","floor":52.0,"key":"SMITH"}],"neow_cost":"NONE","seed_source_timestamp":0,"circlet_count":0,"master_deck":["Zap+1","Dualcast+1","Cold Snap","Leap","Cold Snap","Gash","Gash","Scrape+1","Conserve Battery","Cold Snap","Ball Lightning","Ball Lightning","Sweeping Beam+1","Leap","All For One","Blizzard+1","Chill+1","Defragment+1","Force Field+1","Loop+1","Skim","Buffer+1","Gash","RitualDagger","Gash","Creative AI+1","Blizzard+1","Cold Snap+1","FTL","All For One","Defragment+1","Hologram+1","Conserve Battery","Beam Cell","FTL+1","Swift Strike","Beam Cell+1","Redo+1","Redo+1","Clumsy","Scrape","Gash","Static Discharge+1"],"special_seed":0,"relics":["Cracked Core","Smiling Mask","Frozen Egg 2","Singing Bowl","Pandora\u0027s Box","Nunchaku","Bag of Preparation","Cursed Key","Bird Faced Urn","Happy Flower","Kunai","Pen Nib"],"potions_floor_usage":[],"damage_taken":[{"damage":1.0,"enemies":"Cultist","floor":1.0,"turns":3.0},{"damage":0.0,"enemies":"Small Slimes","floor":2.0,"turns":2.0},{"damage":0.0,"enemies":"Jaw Worm","floor":3.0,"turns":3.0},{"damage":6.0,"enemies":"Exordium Wildlife","floor":4.0,"turns":4.0},{"damage":9.0,"enemies":"3 Sentries","floor":7.0,"turns":7.0},{"damage":9.0,"enemies":"Lots of Slimes","floor":11.0,"turns":3.0},{"damage":0.0,"enemies":"Large Slime","floor":12.0,"turns":2.0},{"damage":3.0,"enemies":"Looter","floor":13.0,"turns":2.0},{"damage":13.0,"enemies":"Lagavulin","floor":14.0,"turns":6.0},{"damage":11.0,"enemies":"The Guardian","floor":16.0,"turns":7.0},{"damage":3.0,"enemies":"3 Byrds","floor":18.0,"turns":4.0},{"damage":0.0,"enemies":"Chosen","floor":21.0,"turns":4.0},{"damage":12.0,"enemies":"Gremlin Leader","floor":24.0,"turns":5.0},{"damage":1.0,"enemies":"Shelled Parasite and Fungi","floor":28.0,"turns":4.0},{"damage":0.0,"enemies":"Chosen and Byrds","floor":29.0,"turns":4.0},{"damage":14.0,"enemies":"Snake Plant","floor":31.0,"turns":3.0},{"damage":37.0,"enemies":"Automaton","floor":33.0,"turns":8.0},{"damage":0.0,"enemies":"Orb Walker","floor":35.0,"turns":4.0},{"damage":19.0,"enemies":"3 Darklings","floor":36.0,"turns":4.0},{"damage":30.0,"enemies":"Sphere and 2 Shapes","floor":37.0,"turns":4.0},{"damage":0.0,"enemies":"Jaw Worm Horde","floor":41.0,"turns":4.0},{"damage":4.0,"enemies":"Spire Growth","floor":44.0,"turns":3.0},{"damage":39.0,"enemies":"Maw","floor":46.0,"turns":8.0},{"damage":8.0,"enemies":"3 Darklings","floor":47.0,"turns":3.0},{"damage":3.0,"enemies":"Donu and Deca","floor":50.0,"turns":9.0},{"damage":20.0,"enemies":"Shield and Spear","floor":54.0,"turns":6.0},{"damage":70,"enemies":"The Heart","floor":55,"turns":3}],"seed_played":"-1026337837215994553","potions_obtained":[{"floor":3.0,"key":"Poison Potion"},{"floor":4.0,"key":"GamblersBrew"},{"floor":13.0,"key":"FocusPotion"},{"floor":21.0,"key":"GamblersBrew"},{"floor":24.0,"key":"Regen Potion"},{"floor":33.0,"key":"Strength Potion"},{"floor":36.0,"key":"Strength Potion"},{"floor":47.0,"key":"Fire Potion"}],"is_trial":false,"path_per_floor":["M","M","M","M","$","R","E","R","T","R","M","M","M","E","R","B",null,"M","?","?","M","?","$","E","T","T","R","M","M","R","M","R","B",null,"M","M","M","?","$","R","M","?","T","M","R","M","M","T","R","B",null,"R","$","E","B"],"character_chosen":"DEFECT","items_purchased":["Gash","Scrape","Conserve Battery","Creative AI+1","Bird Faced Urn","Conserve Battery","Beam Cell","Scrape","Gash"],"campfire_rested":1,"item_purchase_floors":[5,5,5,23,39,39,39,53,53],"current_hp_per_floor":[81,81,81,75,75,75,66,66,66,66,57,57,54,41,41,30,82,79,73,73,73,73,73,61,61,61,61,62,62,62,48,73,36,84,84,65,37,75,75,75,75,75,75,71,71,40,40,40,40,61,75,75,75,65,0],"gold":74,"neow_bonus":"TEN_PERCENT_HP_BONUS","is_prod":false,"is_daily":false,"chose_seed":false,"campfire_upgraded":9,"win_rate":0,"timestamp":1552694362,"path_taken":["M","M","M","M","$","R","E","R","T","R","?","M","M","E","R","BOSS","M","?","?","?","?","$","E","?","T","R","M","M","R","M","R","BOSS","M","M","?","?","$","R","M","?","T","M","R","M","M","?","R","BOSS","R","$","E","BOSS"],"build_version":"2019-01-23","purchased_purges":3,"victory":false,"max_hp_per_floor":[82,82,82,82,82,82,82,82,82,82,82,82,82,82,82,82,82,82,82,82,82,82,82,82,82,82,82,84,84,84,84,84,84,84,84,84,86,75,75,75,75,75,75,75,75,75,75,75,75,75,75,75,75,75,75],"card_choices":[{"not_picked":["Coolheaded","Rebound"],"picked":"Cold Snap","floor":1.0},{"not_picked":["Stack","Hologram"],"picked":"Leap","floor":2.0},{"not_picked":["Core Surge","Turbo"],"picked":"Cold Snap","floor":3.0},{"not_picked":["Lockon","Self Repair"],"picked":"Gash","floor":4.0},{"not_picked":["Redo","Steam"],"picked":"Cold Snap","floor":7.0},{"not_picked":["Turbo","Redo"],"picked":"Ball Lightning","floor":11.0},{"not_picked":["Fission","Steam"],"picked":"Ball Lightning","floor":12.0},{"not_picked":["Coolheaded","Compile Driver"],"picked":"Sweeping Beam","floor":13.0},{"not_picked":["Stack","Rainbow"],"picked":"Leap","floor":14.0},{"not_picked":["Hyperbeam","Rainbow"],"picked":"All For One","floor":16.0},{"not_picked":["Stack","Conserve Battery"],"picked":"Gash","floor":18.0},{"not_picked":["Leap+1","Barrage"],"picked":"Gash","floor":21.0},{"not_picked":["Go for the Eyes","Hello World+1"],"picked":"Blizzard","floor":24.0},{"not_picked":["Steam","Melter","Stack+1"],"picked":"Singing Bowl","floor":28.0},{"not_picked":["Seek","Hologram"],"picked":"Cold Snap+1","floor":29.0},{"not_picked":["Darkness","Compile Driver"],"picked":"FTL","floor":31.0},{"not_picked":["Meteor Strike","Fission"],"picked":"All For One","floor":33.0},{"not_picked":["Coolheaded+1","Leap+1"],"picked":"Defragment+1","floor":35.0},{"not_picked":["Go for the Eyes","Steam+1"],"picked":"Hologram+1","floor":36.0},{"not_picked":["Aggregate","Ball Lightning","Steam+1"],"picked":"Singing Bowl","floor":37.0},{"not_picked":["Conserve Battery+1","Beam Cell"],"picked":"FTL+1","floor":41.0},{"not_picked":["Discovery","Magnetism+1"],"picked":"Swift Strike","floor":42.0},{"not_picked":["Hologram","Streamline+1"],"picked":"Beam Cell","floor":44.0},{"not_picked":["Coolheaded+1","Compile Driver+1"],"picked":"Redo+1","floor":46.0},{"not_picked":["Melter+1","Stack"],"picked":"Redo+1","floor":47.0},{"not_picked":["Stack","Amplify"],"picked":"Static Discharge+1","floor":54.0}],"player_experience":1182563,"relics_obtained":[{"floor":7.0,"key":"Smiling Mask"},{"floor":9.0,"key":"Frozen Egg 2"},{"floor":14.0,"key":"Singing Bowl"},{"floor":24.0,"key":"Nunchaku"},{"floor":25.0,"key":"Bag of Preparation"},{"floor":43.0,"key":"Happy Flower"},{"floor":48.0,"key":"Kunai"},{"floor":54.0,"key":"Pen Nib"}],"event_choices":[{"damage_healed":0.0,"max_hp_gain":0.0,"max_hp_loss":0.0,"gold_gain":0.0,"event_name":"Nest","player_choice":"Joined the Cult","floor":19.0,"gold_loss":0.0,"damage_taken":6.0,"cards_obtained":["RitualDagger"]},{"damage_healed":0.0,"max_hp_gain":0.0,"max_hp_loss":0.0,"gold_gain":275.0,"event_name":"Golden Shrine","player_choice":"Desecrate","floor":20.0,"gold_loss":0.0,"damage_taken":0.0,"cards_obtained":["Regret"]},{"damage_healed":0.0,"max_hp_gain":0.0,"max_hp_loss":0.0,"gold_gain":0.0,"event_name":"Vampires","player_choice":"Ignored","floor":22.0,"gold_loss":0.0,"damage_taken":0.0},{"damage_healed":75.0,"max_hp_gain":0.0,"max_hp_loss":11.0,"gold_gain":0.0,"event_name":"The Moai Head","player_choice":"Heal","floor":38.0,"gold_loss":0.0,"damage_taken":0.0},{"damage_healed":0.0,"max_hp_gain":0.0,"max_hp_loss":0.0,"gold_gain":0.0,"event_name":"SensoryStone","player_choice":"Memory 1","floor":42.0,"gold_loss":0.0,"damage_taken":0.0}],"is_beta":false,"boss_relics":[{"not_picked":["Philosopher\u0027s Stone","Sozu"],"picked":"Pandora\u0027s Box"},{"not_picked":["Empty Cage","Tiny House"],"picked":"Cursed Key"}],"items_purged_floors":[23,39,53],"is_endless":false,"potions_floor_spawned":[3,4,13,21,24,33,36,47],"killed_by":"The Heart","ascension_level":0}