{"gold_per_floor":[111,122,47,47,47,81,95,95,118,193,209,243,243,243,243,341,341,360,360,376,1,19,19,52,52,52,67,79,79,79,106,106,106],"floor_reached":33,"playtime":1648,"items_purged":["Strike_R","Pain"],"score":407,"play_id":"9c4b4bf7-348d-47ac-8932-763331a68b0d","local_time":"20181031193102","is_ascension_mode":true,"campfire_choices":[{"floor":15,"key":"REST"},{"floor":23,"key":"REST"},{"floor":25,"key":"REST"},{"data":"1","floor":29,"key":"LIFT"},{"floor":32,"key":"REST"}],"neow_cost":"NONE","seed_source_timestamp":115413042085051,"circlet_count":0,"master_deck":["Strike_R","Strike_R","Strike_R","Strike_R","Defend_R","Defend_R","Defend_R","Bash","Flex","Warcry","Cleave","Immolate","Dropkick","Ghostly Armor","Iron Wave","Double Tap","Iron Wave+1","Inflame"],"relics":["Black Blood","NeowsBlessing","Red Skull","Smiling Mask","Anchor","WarpedTongs","Bag of Marbles","Self Forming Clay","Regal Pillow","Girya","PreservedInsect","Omamori"],"potions_floor_usage":[7,11,12,16,16,16,16,16,24,24,33],"damage_taken":[{"damage":0,"enemies":"Small Slimes","floor":1,"turns":1},{"damage":0,"enemies":"Cultist","floor":2,"turns":1},{"damage":0,"enemies":"3 Sentries","floor":6,"turns":1},{"damage":4,"enemies":"2 Louse","floor":7,"turns":3},{"damage":3,"enemies":"Blue Slaver","floor":11,"turns":2},{"damage":30,"enemies":"Gremlin Nob","floor":12,"turns":4},{"damage":71,"enemies":"Hexaghost","floor":16,"turns":7},{"damage":40,"enemies":"2 Thieves","floor":18,"turns":4},{"damage":15,"enemies":"3 Byrds","floor":20,"turns":3},{"damage":0,"enemies":"3 Cultists","floor":22,"turns":3},{"damage":31,"enemies":"Book of Stabbing","floor":24,"turns":5},{"damage":8,"enemies":"Chosen and Byrds","floor":27,"turns":6},{"damage":17,"enemies":"Snake Plant","floor":28,"turns":3},{"damage":24,"enemies":"Slavers","floor":31,"turns":5},{"damage":118,"enemies":"Champ","floor":33,"turns":10}],"seed_played":"-1827461149426003853","potions_obtained":[{"floor":4,"key":"Fruit Juice"},{"floor":4,"key":"EntropicBrew"},{"floor":4,"key":"SneckoOil"},{"floor":6,"key":"SpeedPotion"},{"floor":7,"key":"SkillPotion"},{"floor":11,"key":"EssenceOfSteel"},{"floor":20,"key":"SpeedPotion"},{"floor":22,"key":"EssenceOfSteel"},{"floor":28,"key":"SpeedPotion"}],"is_trial":false,"path_per_floor":["M","M","$","?","?","E","M","?","T","?","M","E","?","T","R","B",null,"M","?","M","$","M","R","E","R","T","M","M","R","?","E","R"],"character_chosen":"IRONCLAD","items_purchased":["Ghostly Armor","Self Forming Clay"],"campfire_rested":4,"item_purchase_floors":[21,21],"current_hp_per_floor":[80,80,80,80,85,85,90,83,83,72,75,51,51,51,78,22,90,60,42,37,37,47,75,54,95,95,95,88,88,88,74,95,0],"gold":106,"neow_bonus":"THREE_ENEMY_KILL","is_prod":false,"is_daily":false,"chose_seed":false,"campfire_upgraded":0,"win_rate":0,"timestamp":1541039462,"path_taken":["M","M","$","?","?","E","?","?","T","?","M","E","?","?","R","BOSS","M","?","?","?","M","R","E","R","T","M","M","R","?","E","R","BOSS"],"build_version":"2018-10-25v2","purchased_purges":2,"victory":false,"max_hp_per_floor":[80,80,80,80,85,85,90,90,90,90,90,90,90,90,90,90,90,90,95,95,95,95,95,95,95,95,95,95,95,95,95,95,95],"card_choices":[{"not_picked":["Perfected Strike","Flame Barrier"],"picked":"Flex","floor":1},{"not_picked":["Clash","Searing Blow","Entrench"],"picked":"SKIP","floor":2},{"not_picked":["Havoc","Feel No Pain","Sword Boomerang"],"picked":"SKIP","floor":6},{"not_picked":["Body Slam","Headbutt"],"picked":"Warcry","floor":7},{"not_picked":["Battle Trance","Pommel Strike"],"picked":"Cleave","floor":11},{"not_picked":["Sword Boomerang","Sever Soul","Body Slam"],"picked":"SKIP","floor":12},{"not_picked":["Fiend Fire","Double Tap"],"picked":"Immolate","floor":16},{"not_picked":["Sword Boomerang","Rage"],"picked":"Dropkick","floor":18},{"not_picked":["Sword Boomerang+1","Headbutt","Cleave"],"picked":"SKIP","floor":20},{"not_picked":["Clash","Rampage"],"picked":"Iron Wave","floor":22},{"not_picked":["Dropkick+1","Barricade"],"picked":"Double Tap","floor":24},{"not_picked":["Dual Wield","Pommel Strike"],"picked":"Iron Wave+1","floor":27},{"not_picked":["Armaments","Clash","Perfected Strike"],"picked":"SKIP","floor":28},{"not_picked":["Body Slam","Sever Soul+1"],"picked":"Inflame","floor":31}],"player_experience":462814,"relics_obtained":[{"floor":6,"key":"Red Skull"},{"floor":9,"key":"Smiling Mask"},{"floor":12,"key":"Anchor"},{"floor":14,"key":"Bag of Marbles"},{"floor":24,"key":"Regal Pillow"},{"floor":26,"key":"Girya"},{"floor":31,"key":"Omamori"}],"event_choices":[{"damage_healed":0,"gold_gain":0,"player_choice":"Got Potions","damage_taken":0,"max_hp_gain":0,"max_hp_loss":0,"event_name":"The Lab","floor":4,"gold_loss":0},{"damage_healed":0,"gold_gain":0,"player_choice":"Donut","damage_taken":0,"max_hp_gain":5,"max_hp_loss":0,"event_name":"Big Fish","floor":5,"gold_loss":0},{"cards_removed":["Defend_R"],"damage_healed":0,"gold_gain":0,"player_choice":"Card Removal","damage_taken":7,"max_hp_gain":0,"max_hp_loss":0,"event_name":"Golden Wing","floor":8,"gold_loss":0},{"damage_healed":0,"gold_gain":75,"player_choice":"Gather Gold","damage_taken":11,"max_hp_gain":0,"max_hp_loss":0,"event_name":"World of Goop","floor":10,"gold_loss":0},{"damage_healed":0,"gold_gain":0,"player_choice":"Rummage","damage_taken":0,"relics_obtained":["WarpedTongs"],"max_hp_gain":0,"max_hp_loss":0,"event_name":"Accursed Blacksmith","floor":13,"gold_loss":0,"cards_obtained":["Pain"]},{"damage_healed":0,"gold_gain":0,"player_choice":"Shed Blood","damage_taken":23,"max_hp_gain":5,"max_hp_loss":0,"event_name":"Forgotten Altar","floor":19,"gold_loss":0},{"damage_healed":0,"gold_gain":0,"player_choice":"Opened","damage_taken":0,"relics_obtained":["PreservedInsect"],"max_hp_gain":0,"max_hp_loss":0,"event_name":"The Mausoleum","floor":30,"gold_loss":0}],"is_beta":false,"boss_relics":[{"not_picked":["Mark of Pain","Runic Cube"],"picked":"Black Blood"}],"items_purged_floors":[3,21],"is_endless":false,"potions_floor_spawned":[6,7,11,20,22,28],"killed_by":"Champ","ascension_level":4}