{"gold_per_floor":[112,127,139,314,333,333,364,364,412,445,445,456,456],"floor_reached":13,"playtime":565,"items_purged":[],"score":95,"play_id":"5ecfed20-49d2-4282-a3b2-ef18ae45bf68","local_time":"20190619143917","is_ascension_mode":false,"campfire_choices":[{"data":"Zap","floor":6,"key":"SMITH"},{"data":"Buffer","floor":8,"key":"SMITH"}],"neow_cost":"NONE","seed_source_timestamp":196695254077307,"circlet_count":0,"master_deck":["Strike_B","Strike_B","Strike_B","Defend_B","Defend_B","Defend_B","Defend_B","Zap+1","Dualcast","Buffer+1","Compile Driver","Genetic Algorithm","Electrodynamics","Doubt","Coolheaded","Ball Lightning","Cold Snap","Cold Snap"],"relics":["Cracked Core","Bottled Lightning","Vajra","Regal Pillow"],"potions_floor_usage":[7,10],"damage_taken":[{"damage":1,"enemies":"Cultist","floor":1,"turns":4},{"damage":0,"enemies":"2 Louse","floor":2,"turns":1},{"damage":0,"enemies":"Small Slimes","floor":3,"turns":3},{"damage":6,"enemies":"Blue Slaver","floor":5,"turns":3},{"damage":29,"enemies":"Gremlin Nob","floor":7,"turns":4},{"damage":11,"enemies":"3 Sentries","floor":10,"turns":4},{"damage":11,"enemies":"Exordium Wildlife","floor":12,"turns":2},{"damage":28,"enemies":"Gremlin Nob","floor":13,"turns":3}],"seed_played":"-1661683553065968654","potions_obtained":[{"floor":2,"key":"Regen Potion"},{"floor":3,"key":"SteroidPotion"}],"is_trial":false,"path_per_floor":["M","M","M","?","M","R","E","R","T","E","?","M","E"],"character_chosen":"DEFECT","items_purchased":[],"campfire_rested":0,"item_purchase_floors":[],"current_hp_per_floor":[74,74,74,74,68,68,48,48,48,37,30,19,0],"gold":456,"neow_bonus":"ONE_RANDOM_RARE_CARD","is_prod":false,"is_daily":false,"chose_seed":false,"campfire_upgraded":2,"win_rate":0,"timestamp":1560973157,"path_taken":["M","M","?","?","M","R","E","R","T","E","?","M","E"],"build_version":"2019-01-23","purchased_purges":0,"victory":false,"max_hp_per_floor":[75,75,75,75,75,75,75,75,75,75,75,75,75],"card_choices":[{"not_picked":["Beam Cell","Hologram"],"picked":"Compile Driver","floor":1},{"not_picked":["Leap","Go for the Eyes"],"picked":"Genetic Algorithm","floor":2},{"not_picked":["Stack","Rebound"],"picked":"Electrodynamics","floor":3},{"not_picked":["Stack","Reprogram"],"picked":"Coolheaded","floor":5},{"not_picked":["Scrape","Genetic Algorithm"],"picked":"Ball Lightning","floor":7},{"not_picked":["Aggregate","Hello World"],"picked":"Cold Snap","floor":10},{"not_picked":["Conserve Battery","Steam"],"picked":"Cold Snap","floor":12}],"player_experience":1478223,"relics_obtained":[{"floor":7,"key":"Bottled Lightning"},{"floor":9,"key":"Vajra"},{"floor":10,"key":"Regal Pillow"}],"event_choices":[{"damage_healed":0,"gold_gain":175,"player_choice":"AGREE","damage_taken":0,"max_hp_gain":0,"max_hp_loss":0,"event_name":"Liars Game","floor":4,"gold_loss":0,"cards_obtained":["Doubt"]},{"cards_removed":["Strike_B"],"damage_healed":0,"gold_gain":0,"player_choice":"Card Removal","damage_taken":7,"max_hp_gain":0,"max_hp_loss":0,"event_name":"Golden Wing","floor":11,"gold_loss":0}],"is_beta":false,"boss_relics":[],"items_purged_floors":[],"is_endless":false,"potions_floor_spawned":[2,3],"killed_by":"Gremlin Nob","ascension_level":0}