{"gold_per_floor":[365,365,540,271,281,281,58,73,151,151,170,16,16,26,26,122,122,96,113,133,33,33,33,50,50],"floor_reached":25,"playtime":1664,"items_purged":["Doubt","Strike_R"],"score":218,"play_id":"29a841b3-55a1-4d87-82d0-1a8e5f690636","local_time":"20180706085501","is_ascension_mode":false,"campfire_choices":[{"data":"Shrug It Off","floor":6,"key":"SMITH"},{"data":"Searing Blow","floor":10,"key":"SMITH"},{"data":"Searing Blow+1","floor":15,"key":"SMITH"}],"neow_cost":"TEN_PERCENT_HP_LOSS","seed_source_timestamp":837951418207572,"circlet_count":0,"master_deck":["Defend_R","Defend_R","Defend_R","Defend_R","Bash","Anger","Shrug It Off+1","Searing Blow+2","Flex","Flex","Pommel Strike","Twin Strike","Barricade+1","Rampage","Heavy Blade+1","Bite","Bite","Bite","Bite","Bite"],"relics":["Burning Blood","Medical Kit","Singing Bowl","Frozen Egg 2","Thread and Needle","Orrery","SsserpentHead"],"potions_floor_usage":[5,16],"damage_taken":[{"damage":7,"enemies":"2 Louse","floor":1,"turns":3},{"damage":3,"enemies":"Small Slimes","floor":5,"turns":3},{"damage":0,"enemies":"Jaw Worm","floor":8,"turns":2},{"damage":9,"enemies":"Blue Slaver","floor":11,"turns":5},{"damage":6,"enemies":"Large Slime","floor":14,"turns":5},{"damage":45,"enemies":"Hexaghost","floor":16,"turns":13},{"damage":18,"enemies":"2 Thieves","floor":18,"turns":5},{"damage":1,"enemies":"Chosen","floor":19,"turns":5},{"damage":10,"enemies":"Snecko","floor":20,"turns":4},{"damage":66,"enemies":"3 Cultists","floor":24,"turns":8},{"damage":44,"enemies":"Centurion and Healer","floor":25,"turns":5}],"seed_played":"-4683096375980586618","potions_obtained":[{"floor":1,"key":"FearPotion"},{"floor":5,"key":"Dexterity Potion"}],"is_trial":false,"path_per_floor":["M","?","?","$","M","R","$","M","T","R","M","$","T","M","R","B",null,"M","M","M","$","?","?","M"],"character_chosen":"IRONCLAD","items_purchased":["Medical Kit","Singing Bowl","Searing Blow","Blood Vial"],"campfire_rested":0,"item_purchase_floors":[4,7,7,12],"current_hp_per_floor":[71,71,71,71,72,72,72,72,72,72,69,69,69,71,71,35,78,68,75,75,75,75,75,31,0],"gold":50,"neow_bonus":"TWO_FIFTY_GOLD","is_prod":false,"is_daily":false,"chose_seed":false,"campfire_upgraded":3,"win_rate":0,"timestamp":1530885301,"path_taken":["M","?","?","$","?","R","$","M","T","R","M","$","?","M","R","BOSS","M","M","M","$","?","?","M","M"],"build_version":"2018-07-05","purchased_purges":2,"victory":false,"max_hp_per_floor":[72,72,72,72,72,72,72,72,72,72,72,72,72,72,72,74,78,80,80,82,82,82,82,84,84],"card_choices":[{"not_picked":["Dual Wield","Combust"],"picked":"Anger","floor":1},{"not_picked":["Armaments","Reckless Charge"],"picked":"Shrug It Off","floor":5},{"not_picked":["Havoc","Dual Wield"],"picked":"Flex","floor":8},{"not_picked":["Rupture+1","Burning Pact"],"picked":"Flex","floor":11},{"not_picked":["Twin Strike","Sever Soul"],"picked":"Pommel Strike","floor":14},{"not_picked":["Dark Embrace+1","Impervious","Juggernaut+1"],"picked":"Singing Bowl","floor":16},{"not_picked":["Clash","Dropkick","Rage"],"picked":"Singing Bowl","floor":17},{"not_picked":["Shrug It Off","Disarm"],"picked":"Twin Strike","floor":17},{"not_picked":["Entrench","Burning Pact","Intimidate"],"picked":"Singing Bowl","floor":17},{"not_picked":["Fire Breathing+1","Wild Strike"],"picked":"Barricade+1","floor":17},{"not_picked":["Disarm","Shockwave"],"picked":"Rampage","floor":17},{"not_picked":["Twin Strike","Metallicize+1","True Grit"],"picked":"Singing Bowl","floor":18},{"not_picked":["Havoc","Evolve+1"],"picked":"Heavy Blade+1","floor":19},{"not_picked":["Brutality+1","Pommel Strike","Second Wind"],"picked":"Singing Bowl","floor":20},{"not_picked":["Sword Boomerang","Clash","Perfected Strike"],"picked":"Singing Bowl","floor":24}],"player_experience":102308,"relics_obtained":[{"floor":9,"key":"Frozen Egg 2"},{"floor":13,"key":"Thread and Needle"}],"event_choices":[{"event_name":"Living Wall","player_choice":"Forget","floor":2,"damage_taken":0},{"event_name":"Liars Game","player_choice":"agreed","floor":3,"damage_taken":0},{"event_name":"Vampires","player_choice":"Became a vampire (Vial)","floor":22,"damage_taken":0},{"event_name":"FaceTrader","player_choice":"Trade","floor":23,"damage_taken":0}],"boss_relics":[{"not_picked":["Velvet Choker","Ectoplasm"],"picked":"Orrery"}],"items_purged_floors":[4,21],"is_endless":false,"potions_floor_spawned":[1,5],"killed_by":"Centurion and Healer","ascension_level":0}