{"gold_per_floor":[112,130,148,101,101,101,133,150,174,207,172,182,194,213,213,309,309,319,319,74,84,84,119,119,166,218,218,218,228,248,263,263,363,363,374,392,409,2,2,2,16,43,43,43,96,96,59,5,5,5],"floor_reached":51,"playtime":3717,"items_purged":[],"score":657,"play_id":"d0ad924f-46ac-4f2c-ac05-b38b3a6b6fc5","local_time":"20190613221947","is_ascension_mode":false,"campfire_choices":[{"data":"Zap","floor":6,"key":"SMITH"},{"data":"Dualcast","floor":15,"key":"SMITH"},{"data":"Seek","floor":24,"key":"SMITH"},{"data":"Rainbow","floor":28,"key":"SMITH"},{"floor":32,"key":"REST"},{"data":"Fission","floor":40,"key":"SMITH"},{"floor":46,"key":"REST"},{"data":"Chaos","floor":49,"key":"SMITH"}],"neow_cost":"NONE","seed_source_timestamp":83161776623473,"circlet_count":0,"master_deck":["Zap+1","Dualcast+1","Ball Lightning","Gash","Glacier+1","Gash","Leap","Barrage","Gash","Doom and Gloom","Rainbow+1","Cold Snap+1","Seek+1","Hologram","Go for the Eyes+1","Ball Lightning+1","Seek","Chaos","Chaos+1","Tempest","Reboot","Barrage+1","Machine Learning","Turbo+1","Hologram","Conserve Battery+1","Fission+1","Conserve Battery","Chill+1","Barrage+1","Leap+1","Blizzard+1","Beam Cell+1"],"relics":["Cracked Core","Anchor","Lantern","War Paint","Eternal Feather","Shuriken","Boot","Oddly Smooth Stone","Vajra","Molten Egg 2","Pandora\u0027s Box","Runic Capacitor","Mummified Hand","Question Card","Bottled Flame","Prayer Wheel"],"potions_floor_usage":[7],"damage_taken":[{"damage":1,"enemies":"Cultist","floor":1,"turns":3},{"damage":5,"enemies":"Small Slimes","floor":2,"turns":3},{"damage":3,"enemies":"Jaw Worm","floor":3,"turns":4},{"damage":6,"enemies":"Lagavulin","floor":7,"turns":7},{"damage":0,"enemies":"Large Slime","floor":8,"turns":5},{"damage":2,"enemies":"3 Sentries","floor":10,"turns":6},{"damage":0,"enemies":"Exordium Thugs","floor":12,"turns":3},{"damage":0,"enemies":"Blue Slaver","floor":13,"turns":3},{"damage":0,"enemies":"Red Slaver","floor":14,"turns":3},{"damage":42,"enemies":"The Guardian","floor":16,"turns":9},{"damage":5,"enemies":"Shell Parasite","floor":18,"turns":5},{"damage":13,"enemies":"3 Byrds","floor":21,"turns":5},{"damage":40,"enemies":"Book of Stabbing","floor":23,"turns":7},{"damage":0,"enemies":"Centurion and Healer","floor":29,"turns":6},{"damage":9,"enemies":"Snake Plant","floor":30,"turns":4},{"damage":8,"enemies":"3 Cultists","floor":31,"turns":6},{"damage":24,"enemies":"Champ","floor":33,"turns":10},{"damage":7,"enemies":"3 Darklings","floor":35,"turns":6},{"damage":0,"enemies":"Orb Walker","floor":36,"turns":2},{"damage":0,"enemies":"Maw","floor":37,"turns":6},{"damage":38,"enemies":"Jaw Worm Horde","floor":41,"turns":5},{"damage":10,"enemies":"Nemesis","floor":42,"turns":5},{"damage":3,"enemies":"2 Orb Walkers","floor":45,"turns":4},{"damage":31,"enemies":"Donu and Deca","floor":50,"turns":7}],"seed_played":"-3168633626882808231","potions_obtained":[{"floor":2,"key":"Swift Potion"},{"floor":3,"key":"FearPotion"},{"floor":7,"key":"SpeedPotion"},{"floor":8,"key":"SteroidPotion"},{"floor":18,"key":"FairyPotion"}],"is_trial":false,"path_per_floor":["M","M","M","$","?","R","E","M","T","E","?","M","M","M","R","B",null,"M","?","$","M","$","E","R","T","T","?","R","M","M","M","R","B",null,"M","M","M","$","?","R","M","E","T","?","?","R","$","$","R","B",null],"character_chosen":"DEFECT","items_purchased":["Gash","Shuriken","Runic Capacitor","Fission","Conserve Battery","Blizzard+1","Beam Cell+1"],"campfire_rested":2,"item_purchase_floors":[4,20,38,38,38,47,48],"current_hp_per_floor":[81,76,73,73,57,57,51,51,51,49,69,69,69,69,69,27,82,77,77,77,64,64,24,36,36,36,36,48,48,39,31,67,43,82,75,75,75,75,75,82,44,34,34,34,31,73,73,73,82,51],"gold":5,"neow_bonus":"TEN_PERCENT_HP_BONUS","is_prod":false,"is_daily":false,"chose_seed":false,"campfire_upgraded":6,"win_rate":0,"timestamp":1560482387,"path_taken":["M","M","M","$","?","R","E","M","T","E","?","M","M","M","R","BOSS","M","?","$","?","?","E","R","?","T","?","R","M","?","M","R","BOSS","M","M","M","$","?","R","?","E","T","?","?","R","?","$","R","BOSS"],"build_version":"2019-01-23","purchased_purges":0,"victory":true,"max_hp_per_floor":[82,82,82,82,82,82,82,82,82,82,82,82,82,82,82,82,82,82,82,82,82,82,82,82,82,82,82,82,82,82,82,82,82,82,82,82,82,82,82,82,82,82,82,82,82,82,82,82,82,82],"card_choices":[{"not_picked":["FTL","Redo"],"picked":"Ball Lightning","floor":1},{"not_picked":["Redo","Go for the Eyes"],"picked":"Gash","floor":2},{"not_picked":["Sweeping Beam","Blizzard"],"picked":"Glacier","floor":3},{"not_picked":["Loop","Thunder Strike","Recycle"],"picked":"SKIP","floor":7},{"not_picked":["Turbo","Streamline","Heatsinks"],"picked":"SKIP","floor":8},{"not_picked":["Undo","Tempest"],"picked":"Leap","floor":10},{"not_picked":["Compile Driver","Consume"],"picked":"Barrage","floor":12},{"not_picked":["Chaos","Defragment"],"picked":"Gash","floor":13},{"not_picked":["Chill","Aggregate"],"picked":"Doom and Gloom","floor":14},{"not_picked":["Hyperbeam","Thunder Strike"],"picked":"Rainbow","floor":16},{"not_picked":["Turbo","Stack","Heatsinks+1"],"picked":"SKIP","floor":18},{"not_picked":["Beam Cell","Turbo"],"picked":"Cold Snap+1","floor":21},{"not_picked":["Rainbow","Static Discharge"],"picked":"Seek","floor":23},{"not_picked":["Sweeping Beam+1","Force Field"],"picked":"Hologram","floor":29},{"not_picked":["Sunder+1","Capacitor"],"picked":"Go for the Eyes+1","floor":30},{"not_picked":["Compile Driver+1","Barrage+1"],"picked":"Ball Lightning+1","floor":31},{"not_picked":["Rainbow","Core Surge+1"],"picked":"Seek","floor":33},{"not_picked":["Blizzard+1","Leap"],"picked":"Turbo+1","floor":35},{"not_picked":["Turbo+1","Go for the Eyes+1"],"picked":"Hologram","floor":36},{"not_picked":["Chaos","Darkness"],"picked":"Conserve Battery+1","floor":37},{"not_picked":["Core Surge+1","Compile Driver+1"],"picked":"Chill+1","floor":41},{"not_picked":["Beam Cell+1","Leap+1"],"picked":"Barrage+1","floor":42},{"not_picked":["Rebound+1","Turbo","Hello World+1"],"picked":"Leap+1","floor":45}],"player_experience":1451200,"relics_obtained":[{"floor":7,"key":"Anchor"},{"floor":9,"key":"Lantern"},{"floor":10,"key":"War Paint"},{"floor":23,"key":"Boot"},{"floor":25,"key":"Oddly Smooth Stone"},{"floor":26,"key":"Vajra"},{"floor":42,"key":"Question Card"},{"floor":43,"key":"Bottled Flame"},{"floor":45,"key":"Prayer Wheel"}],"event_choices":[{"damage_healed":0,"gold_gain":0,"player_choice":"Entered Light","damage_taken":16,"max_hp_gain":0,"max_hp_loss":0,"event_name":"Shining Light","floor":5,"gold_loss":0,"cards_upgraded":["Strike_B","Defend_B"]},{"damage_healed":20,"gold_gain":0,"player_choice":"Healed","damage_taken":0,"max_hp_gain":0,"max_hp_loss":0,"event_name":"The Cleric","floor":11,"gold_loss":35},{"cards_removed":["Strike_B"],"damage_healed":0,"gold_gain":0,"player_choice":"Card Removal","damage_taken":0,"max_hp_gain":0,"max_hp_loss":0,"event_name":"Wheel of Change","floor":19,"gold_loss":0},{"damage_healed":0,"gold_gain":0,"player_choice":"Opened","damage_taken":0,"relics_obtained":["Molten Egg 2"],"max_hp_gain":0,"max_hp_loss":0,"event_name":"The Mausoleum","floor":27,"gold_loss":0},{"damage_healed":0,"gold_gain":0,"player_choice":"Gave Potion","damage_taken":0,"relics_obtained":["Mummified Hand"],"max_hp_gain":0,"max_hp_loss":0,"event_name":"WeMeetAgain","floor":39,"gold_loss":0},{"cards_removed":["Capacitor"],"damage_healed":0,"gold_gain":0,"player_choice":"Removed Power","damage_taken":0,"max_hp_gain":0,"max_hp_loss":0,"event_name":"Falling","floor":44,"gold_loss":0},{"damage_healed":0,"gold_gain":0,"player_choice":"Fight","damage_taken":0,"max_hp_gain":0,"max_hp_loss":0,"event_name":"Mysterious Sphere","floor":45,"gold_loss":0}],"is_beta":false,"boss_relics":[{"not_picked":["Snecko Eye","Coffee Dripper"],"picked":"Eternal Feather"},{"not_picked":["Black Star","Runic Pyramid"],"picked":"Pandora\u0027s Box"}],"items_purged_floors":[],"is_endless":false,"potions_floor_spawned":[2,3,7,8,10,18,31,37],"ascension_level":0}