{"gold_per_floor":[112,112,129,79,79,91,121,137,137,137,212,229,256,256],"floor_reached":14,"playtime":791,"items_purged":[],"score":100,"play_id":"c591c380-3eba-4819-8212-448237b9106a","local_time":"20190316224215","is_ascension_mode":false,"campfire_choices":[{"data":"Dualcast","floor":10,"key":"SMITH"}],"neow_cost":"NONE","seed_source_timestamp":276540113620692,"circlet_count":0,"master_deck":["Strike_B","Strike_B","Strike_B","Strike_B","Defend_B","Defend_B","Defend_B","Defend_B","Dualcast+1","Ball Lightning","Ball Lightning","Loop","Conserve Battery","Echo Form","Leap","Tempest"],"relics":["Cracked Core","Ancient Tea Set","Kunai","Gambling Chip","Golden Idol"],"potions_floor_usage":[],"damage_taken":[{"damage":2,"enemies":"Small Slimes","floor":1,"turns":4},{"damage":0,"enemies":"Jaw Worm","floor":3,"turns":3},{"damage":0,"enemies":"Cultist","floor":6,"turns":2},{"damage":31,"enemies":"Lagavulin","floor":7,"turns":5},{"damage":0,"enemies":"3 Louse","floor":8,"turns":3},{"damage":4,"enemies":"2 Fungi Beasts","floor":12,"turns":3},{"damage":19,"enemies":"3 Sentries","floor":13,"turns":7}],"seed_played":"-5507106979634602637","potions_obtained":[{"floor":3,"key":"Weak Potion"},{"floor":5,"key":"Weak Potion"},{"floor":5,"key":"FocusPotion"}],"is_trial":false,"path_per_floor":["M","?","M","?","?","M","E","M","T","R","?","M","E","?"],"character_chosen":"DEFECT","items_purchased":[],"campfire_rested":0,"item_purchase_floors":[],"current_hp_per_floor":[80,80,80,80,80,80,49,49,49,49,38,34,15,0],"gold":256,"neow_bonus":"TEN_PERCENT_HP_BONUS","is_prod":false,"is_daily":false,"chose_seed":false,"campfire_upgraded":1,"win_rate":0,"timestamp":1552794135,"path_taken":["M","?","M","?","?","M","E","?","T","R","?","M","E","?"],"build_version":"2019-01-23","purchased_purges":0,"victory":false,"max_hp_per_floor":[82,82,82,82,82,82,82,82,82,82,82,82,82,82],"card_choices":[{"not_picked":["Compile Driver","Hello World"],"picked":"Ball Lightning","floor":1},{"not_picked":["Stack","Redo"],"picked":"Ball Lightning","floor":3},{"not_picked":["Gash","Beam Cell"],"picked":"Loop","floor":6},{"not_picked":["Double Energy","Reprogram"],"picked":"Conserve Battery","floor":7},{"not_picked":["Go for the Eyes","Gash"],"picked":"Echo Form","floor":8},{"not_picked":["Beam Cell","Compile Driver"],"picked":"Leap","floor":12},{"not_picked":["Hologram","Ball Lightning"],"picked":"Tempest","floor":13}],"player_experience":1200418,"relics_obtained":[{"floor":7,"key":"Ancient Tea Set"},{"floor":9,"key":"Kunai"},{"floor":13,"key":"Gambling Chip"}],"event_choices":[{"damage_healed":0,"gold_gain":0,"player_choice":"Ignored","damage_taken":0,"max_hp_gain":0,"max_hp_loss":0,"event_name":"Liars Game","floor":2,"gold_loss":0},{"cards_removed":["Zap"],"damage_healed":0,"gold_gain":0,"player_choice":"Card Removal","damage_taken":0,"max_hp_gain":0,"max_hp_loss":0,"event_name":"The Cleric","floor":4,"gold_loss":50},{"damage_healed":0,"gold_gain":0,"player_choice":"Got Potions","damage_taken":0,"max_hp_gain":0,"max_hp_loss":0,"event_name":"Lab","floor":5,"gold_loss":0},{"damage_healed":0,"gold_gain":75,"player_choice":"Gather Gold","damage_taken":11,"max_hp_gain":0,"max_hp_loss":0,"event_name":"World of Goop","floor":11,"gold_loss":0}],"is_beta":false,"boss_relics":[],"items_purged_floors":[],"is_endless":false,"potions_floor_spawned":[3,7],"ascension_level":0}