{"gold_per_floor":[114,20,31,31,31,56,56,69,69,69,88,88,114,114,114,212,212,227,257,257,272,40,40,57,92,104,116,128,150,162,190,202,314,326,351,585,612,624,649,661,673],"floor_reached":41,"playtime":11878,"items_purged":["Strike_R"],"score":440,"play_id":"59a424e0-7fd8-468f-8ee8-0db9d090ae20","local_time":"20180720140241","is_ascension_mode":true,"campfire_choices":[{"floor":7,"key":"REST"},{"data":"Pommel Strike","floor":10,"key":"SMITH"},{"data":"Pommel Strike","floor":12,"key":"SMITH"},{"floor":15,"key":"REST"},{"floor":23,"key":"REST"},{"floor":28,"key":"REST"},{"data":"Defend_R","floor":30,"key":"PURGE"},{"data":"Defend_R","floor":32,"key":"PURGE"},{"data":"Immolate","floor":40,"key":"SMITH"}],"neow_cost":"NONE","seed_source_timestamp":7900880223575,"circlet_count":0,"master_deck":["Bash","Pommel Strike+1","Clothesline","Pommel Strike+1","Rampage","Reaper+1","Fiend Fire","Searing Blow+1","Berserk+1","Exhume+1","Cleave","Cleave+1","Iron Wave+1","Immolate+1","Whirlwind+1"],"relics":["Burning Blood","Pear","Pen Nib","Anchor","Orichalcum","Astrolabe","Red Mask","Juzu Bracelet","MawBank","Peace Pipe","Mark of Pain"],"potions_floor_usage":[6,6,16,24,33,41,41],"damage_taken":[{"damage":1,"enemies":"Cultist","floor":1,"turns":4},{"damage":1,"enemies":"Jaw Worm","floor":3,"turns":3},{"damage":23,"enemies":"3 Sentries","floor":6,"turns":11},{"damage":2,"enemies":"Small Slimes","floor":8,"turns":4},{"damage":6,"enemies":"3 Louse","floor":11,"turns":4},{"damage":21,"enemies":"Gremlin Nob","floor":13,"turns":4},{"damage":42,"enemies":"Slime Boss","floor":16,"turns":12},{"damage":21,"enemies":"2 Thieves","floor":18,"turns":4},{"damage":56,"floor":19,"turns":5},{"damage":16,"enemies":"3 Byrds","floor":21,"turns":4},{"damage":15,"enemies":"Snake Plant","floor":24,"turns":4},{"damage":31,"enemies":"Gremlin Leader","floor":25,"turns":7},{"damage":0,"enemies":"Cultist and Chosen","floor":29,"turns":4},{"damage":22,"enemies":"Sentry and Sphere","floor":31,"turns":5},{"damage":97,"enemies":"Collector","floor":33,"turns":9},{"damage":11,"enemies":"3 Shapes","floor":35,"turns":3},{"damage":14,"enemies":"Orb Walker","floor":37,"turns":4},{"damage":0,"enemies":"3 Darklings","floor":39,"turns":2},{"damage":111,"enemies":"Giant Head","floor":41,"turns":8}],"seed_played":"535783706218851666","potions_obtained":[{"floor":1,"key":"Dexterity Potion"},{"floor":13,"key":"Explosive Potion"},{"floor":21,"key":"BloodPotion"},{"floor":31,"key":"SkillPotion"},{"floor":35,"key":"BloodPotion"},{"floor":37,"key":"Explosive Potion"}],"is_trial":false,"path_per_floor":["M","$","M","$","?","E","R","M","T","R","M","R","E","T","R","B",null,"M","?","?","M","$","R","M","E","T","?","R","M","R","M","R","B",null,"M","?","M","?","M","R"],"character_chosen":"IRONCLAD","items_purchased":["Pommel Strike","Block Potion","Juzu Bracelet"],"campfire_rested":4,"item_purchase_floors":[2,2,22],"current_hp_per_floor":[80,80,80,80,73,66,90,90,90,90,90,90,75,75,90,54,90,75,44,44,42,42,69,73,66,66,66,90,90,90,74,74,16,90,85,85,82,82,90,90,0],"gold":673,"neow_bonus":"REMOVE_CARD","is_prod":false,"is_daily":false,"chose_seed":false,"campfire_upgraded":3,"win_rate":0,"timestamp":1532120561,"path_taken":["M","?","?","$","?","E","R","M","T","R","M","R","E","?","R","BOSS","M","?","?","M","$","R","M","E","T","?","R","M","R","M","R","BOSS","M","?","M","?","M","R","E"],"build_version":"2018-07-19v2","purchased_purges":1,"victory":false,"max_hp_per_floor":[80,80,80,80,80,90,90,90,90,90,90,90,90,90,90,90,90,90,90,90,90,90,90,90,90,90,90,90,90,90,90,90,90,90,90,90,90,90,90,90,90],"card_choices":[{"not_picked":["Reckless Charge","Body Slam","Combust"],"picked":"SKIP","floor":1},{"not_picked":["Pommel Strike","Metallicize"],"picked":"Clothesline","floor":3},{"not_picked":["Double Tap","Perfected Strike","Clothesline"],"picked":"SKIP","floor":6},{"not_picked":["Clash","Anger"],"picked":"Pommel Strike","floor":8},{"not_picked":["Infernal Blade","Clothesline"],"picked":"Rampage","floor":11},{"not_picked":["Headbutt","Pommel Strike"],"picked":"Reaper","floor":13},{"not_picked":["Exhume","Juggernaut"],"picked":"Fiend Fire","floor":16},{"not_picked":["Blood for Blood","True Grit","Fire Breathing+1"],"picked":"SKIP","floor":18},{"not_picked":["Sever Soul","Wild Strike"],"picked":"Cleave","floor":19},{"not_picked":["Body Slam+1","Twin Strike","Havoc"],"picked":"SKIP","floor":21},{"not_picked":["Thunderclap","Rampage"],"picked":"Cleave+1","floor":24},{"not_picked":["Anger","Dual Wield","Second Wind"],"picked":"SKIP","floor":25},{"not_picked":["Twin Strike","Metallicize+1"],"picked":"Iron Wave+1","floor":29},{"not_picked":["Limit Break","Cleave","Pommel Strike"],"picked":"SKIP","floor":31},{"not_picked":["Juggernaut","Brutality"],"picked":"Immolate","floor":33},{"not_picked":["Sword Boomerang+1","Perfected Strike+1","Wild Strike"],"picked":"SKIP","floor":35},{"not_picked":["Flex+1","Anger"],"picked":"Whirlwind+1","floor":37},{"not_picked":["Rage+1","Blood for Blood","Cleave+1"],"picked":"SKIP","floor":39}],"player_experience":130076,"relics_obtained":[{"floor":6,"key":"Pear"},{"floor":9,"key":"Pen Nib"},{"floor":13,"key":"Anchor"},{"floor":14,"key":"Orichalcum"},{"floor":19,"key":"Red Mask"},{"floor":25,"key":"MawBank"},{"floor":26,"key":"Peace Pipe"}],"event_choices":[{"event_name":"Golden Wing","player_choice":"Card Removal","floor":5,"damage_taken":0},{"event_name":"Masked Bandits","player_choice":"Fought over 227 gold","floor":19,"damage_taken":0},{"event_name":"Vampires","player_choice":"Ignored","floor":20,"damage_taken":0},{"event_name":"Upgrade Shrine","player_choice":"Upgraded","floor":27,"damage_taken":0},{"event_name":"Tomb of Lord Red Mask","player_choice":"Wore Mask","floor":36,"damage_taken":0},{"event_name":"Falling","player_choice":"Removed Skill","floor":38,"damage_taken":0}],"is_beta":false,"boss_relics":[{"not_picked":["Ectoplasm","Philosopher\u0027s Stone"],"picked":"Astrolabe"},{"not_picked":["Empty Cage","Tiny House"],"picked":"Mark of Pain"}],"items_purged_floors":[22],"is_endless":false,"potions_floor_spawned":[1,13,21,31,35,37],"killed_by":"Giant Head","ascension_level":1}