{"gold_per_floor":[117,131,131,131,131,131,158,178,230,230,51,51,65,25,25,130,130,150,150,169,169,186,186,201,201,201,231,242,242,253,253,253,353,353,367,38,57,103,103,103,117,117,144,144,214,214,436,451,451,451],"floor_reached":51,"playtime":2711,"items_purged":["Defend_R"],"score":668,"play_id":"fb14f2ed-d6b2-4e37-9818-49337ded4d80","local_time":"20180706111756","is_ascension_mode":false,"campfire_choices":[{"floor":6,"key":"REST"},{"data":"Demon Form","floor":10,"key":"SMITH"},{"data":"Heavy Blade","floor":15,"key":"SMITH"},{"data":"Fiend Fire","floor":23,"key":"SMITH"},{"floor":29,"key":"REST"},{"floor":32,"key":"REST"},{"data":"Defend_R","floor":40,"key":"PURGE"},{"data":"Bite","floor":42,"key":"PURGE"},{"data":"Bite","floor":44,"key":"PURGE"},{"data":"Bite","floor":49,"key":"PURGE"}],"neow_cost":"FIFTY_PERCENT_DAMAGE","seed_source_timestamp":845445852125273,"circlet_count":0,"master_deck":["Bash","Immolate+1","Bash","Finesse+1","Demon Form+1","Heavy Blade+1","Shrug It Off","Fiend Fire+1","Cleave","Cleave","Spot Weakness+1","Headbutt","Havoc+1","Shrug It Off","Battle Trance","Fiend Fire+1","True Grit+1","Heavy Blade+1","Dropkick+1","Heavy Blade+1","Carnage+1","Shockwave+1"],"relics":["Burning Blood","Pantograph","Matryoshka","Potion Belt","Bag of Marbles","Vajra","Black Star","Paper Frog","Molten Egg 2","Red Mask","Mark of Pain","Cauldron","Peace Pipe","War Paint","Bottled Lightning"],"potions_floor_usage":[16,16,16,16,16,18,20,22,22,22,22,22,24,28,28,28,30,30,38,38,41,50,50,50,50],"damage_taken":[{"damage":7,"enemies":"2 Louse","floor":1,"turns":3},{"damage":0,"enemies":"Cultist","floor":2,"turns":3},{"damage":31,"enemies":"Lagavulin","floor":7,"turns":4},{"damage":3,"enemies":"Small Slimes","floor":8,"turns":3},{"damage":7,"enemies":"Blue Slaver","floor":13,"turns":2},{"damage":11,"enemies":"The Guardian","floor":16,"turns":4},{"damage":5,"enemies":"Shell Parasite","floor":18,"turns":2},{"damage":4,"enemies":"3 Byrds","floor":20,"turns":1},{"damage":27,"enemies":"Sentry and Sphere","floor":22,"turns":5},{"damage":10,"enemies":"Cultist and Chosen","floor":24,"turns":2},{"damage":0,"floor":27,"turns":1},{"damage":27,"enemies":"Slaver and Parasite","floor":28,"turns":4},{"damage":33,"enemies":"3 Cultists","floor":30,"turns":5},{"damage":47,"enemies":"Collector","floor":33,"turns":5},{"damage":0,"enemies":"Orb Walker","floor":35,"turns":2},{"damage":6,"enemies":"3 Shapes","floor":37,"turns":2},{"damage":13,"floor":38,"turns":2},{"damage":0,"enemies":"3 Darklings","floor":41,"turns":1},{"damage":2,"enemies":"4 Shapes","floor":48,"turns":1},{"damage":42,"enemies":"Donu and Deca","floor":50,"turns":5}],"seed_played":"-8313807994005338977","potions_obtained":[{"floor":13,"key":"Ancient Potion"},{"floor":14,"key":"EntropicBrew"},{"floor":14,"key":"Strength Potion"},{"floor":14,"key":"Strength Potion"},{"floor":16,"key":"Ancient Potion"},{"floor":18,"key":"Poison Potion"},{"floor":22,"key":"AttackPotion"},{"floor":28,"key":"Poison Potion"},{"floor":33,"key":"Fruit Juice"},{"floor":36,"key":"SteroidPotion"},{"floor":36,"key":"Energy Potion"},{"floor":36,"key":"Fruit Juice"},{"floor":36,"key":"EssenceOfSteel"},{"floor":38,"key":"Regen Potion"},{"floor":41,"key":"Dexterity Potion"}],"is_trial":false,"path_per_floor":["M","M","?","?","T","R","E","M","T","R","$","?","M","?","R","B",null,"M","?","M","?","M","R","M","?","T","?","M","R","M","?","R","B",null,"M","$","M","?","?","R","M","R","T","R","T","?","?","M","R","B"],"character_chosen":"IRONCLAD","items_purchased":["Vajra","Heavy Blade","Heavy Blade+1","Cauldron"],"campfire_rested":3,"item_purchase_floors":[11,11,36,36],"current_hp_per_floor":[39,45,45,45,45,69,44,47,47,47,47,40,39,39,39,59,80,80,56,56,56,37,37,37,37,37,43,29,45,38,38,54,17,56,56,56,56,49,49,49,60,60,60,60,60,60,60,61,61,38],"gold":451,"neow_bonus":"THREE_RARE_CARDS","is_prod":false,"is_daily":false,"chose_seed":false,"campfire_upgraded":3,"win_rate":0,"timestamp":1530893876,"path_taken":["M","M","?","?","?","R","E","M","T","R","$","?","M","?","R","BOSS","M","?","M","?","M","R","?","?","T","?","M","R","M","?","R","BOSS","M","$","M","?","?","R","?","R","T","R","?","?","?","?","R","BOSS"],"build_version":"2018-07-05","purchased_purges":1,"victory":true,"max_hp_per_floor":[80,80,80,80,80,80,80,80,80,80,80,80,80,80,80,80,80,80,56,56,56,56,56,56,56,56,56,56,56,56,56,56,56,56,56,56,56,56,56,56,61,61,61,61,61,61,61,61,61,66],"card_choices":[{"not_picked":["Fiend Fire","Double Tap"],"picked":"Immolate","floor":0},{"not_picked":["Clash","Clothesline","Armaments"],"picked":"SKIP","floor":1},{"not_picked":["Dropkick","Dual Wield","Armaments"],"picked":"SKIP","floor":2},{"not_picked":["Ghostly Armor","Clothesline"],"picked":"Demon Form","floor":7},{"not_picked":["Wild Strike","Clothesline","Clash"],"picked":"SKIP","floor":8},{"not_picked":["Offering","Wild Strike"],"picked":"Shrug It Off","floor":13},{"not_picked":["Dark Embrace","Exhume"],"picked":"Fiend Fire","floor":16},{"not_picked":["Carnage","Sever Soul"],"picked":"Cleave","floor":18},{"not_picked":["Sever Soul","Clash+1"],"picked":"Cleave","floor":20},{"not_picked":["Anger","Havoc"],"picked":"Headbutt","floor":22},{"not_picked":["Clothesline","Flame Barrier+1"],"picked":"Havoc+1","floor":24},{"not_picked":["Armaments","Pummel+1"],"picked":"Shrug It Off","floor":28},{"not_picked":["Perfected Strike+1","Exhume","Uppercut+1"],"picked":"SKIP","floor":30},{"not_picked":["Brutality","Exhume"],"picked":"Fiend Fire+1","floor":33},{"not_picked":["Warcry","Shrug It Off"],"picked":"True Grit+1","floor":35},{"not_picked":["Armaments","Metallicize+1"],"picked":"Dropkick+1","floor":37},{"not_picked":["Power Through","Searing Blow+1"],"picked":"Heavy Blade+1","floor":38},{"not_picked":["Sword Boomerang+1","Perfected Strike+1"],"picked":"Carnage+1","floor":41},{"not_picked":["Havoc+1","True Grit+1"],"picked":"Shockwave+1","floor":48}],"player_experience":105959,"relics_obtained":[{"floor":5,"key":"Pantograph"},{"floor":7,"key":"Matryoshka"},{"floor":9,"key":"Potion Belt"},{"floor":9,"key":"Bag of Marbles"},{"floor":26,"key":"Paper Frog"},{"floor":26,"key":"Molten Egg 2"},{"floor":27,"key":"Red Mask"},{"floor":38,"key":"Peace Pipe"},{"floor":43,"key":"War Paint"},{"floor":45,"key":"Bottled Lightning"}],"event_choices":[{"event_name":"Match and Keep!","player_choice":"2 cards matched","floor":3,"damage_taken":0},{"event_name":"Upgrade Shrine","player_choice":"Upgraded","floor":4,"damage_taken":0},{"event_name":"Golden Wing","player_choice":"Card Removal","floor":12,"damage_taken":0},{"event_name":"The Woman in Blue","player_choice":"Bought 3 Potions","floor":14,"damage_taken":0},{"event_name":"Vampires","player_choice":"Became a vampire","floor":19,"damage_taken":0},{"event_name":"The Library","player_choice":"Read","floor":21,"damage_taken":0},{"event_name":"Back to Basics","player_choice":"Elegance","floor":25,"damage_taken":0},{"event_name":"Masked Bandits","player_choice":"Fought over 201 gold","floor":27,"damage_taken":0},{"event_name":"Transmorgrifier","player_choice":"Transform","floor":31,"damage_taken":0},{"event_name":"Mysterious Sphere","player_choice":"Fight","floor":38,"damage_taken":0},{"event_name":"Falling","player_choice":"Removed Attack","floor":39,"damage_taken":0},{"event_name":"Purifier","player_choice":"One Purge","floor":46,"damage_taken":0},{"event_name":"Tomb of Lord Red Mask","player_choice":"Wore Mask","floor":47,"damage_taken":0}],"boss_relics":[{"not_picked":["Empty Cage","Black Blood"],"picked":"Black Star"},{"not_picked":["Astrolabe","Tiny House"],"picked":"Mark of Pain"}],"items_purged_floors":[36],"is_endless":false,"potions_floor_spawned":[13,16,18,22,28,33,38,41],"ascension_level":0}