{"gold_per_floor":[114,129,129,144,94,94,94,94,166,186,30,30,45,109,109,214,214,234,147,160,160,160,160,175,188,188,201,211,211,224,244,244,340,340,351,351,194,244,244,244,244,314,314,329,349,174,186,203,203,203],"floor_reached":50,"playtime":3905,"items_purged":["Pain"],"score":486,"play_id":"72542741-e5a0-485a-89dd-0ef1c5b64c28","local_time":"20190609113047","is_ascension_mode":false,"campfire_choices":[{"data":"Darkness","floor":6.0,"key":"SMITH"},{"data":"Hologram","floor":8.0,"key":"SMITH"},{"data":"Doom and Gloom","floor":12.0,"key":"SMITH"},{"data":"1","floor":15.0,"key":"LIFT"},{"data":"2","floor":23.0,"key":"LIFT"},{"data":"3","floor":29.0,"key":"LIFT"},{"floor":32.0,"key":"REST"},{"data":"Doom and Gloom","floor":40.0,"key":"SMITH"},{"floor":49.0,"key":"REST"}],"neow_cost":"NONE","seed_source_timestamp":0,"circlet_count":0,"master_deck":["Strike_B","Strike_B","Strike_B","Defend_B","Defend_B","Defend_B","Defend_B","Zap+1","Dualcast","Cold Snap","Darkness+1","Hologram+1","Doom and Gloom+1","Consume","Electrodynamics","Sweeping Beam+1","Doom and Gloom+1","Ball Lightning","Barrage+1","Darkness+1","Coolheaded+1","Steam+1","Coolheaded","Multi-Cast+1","Conserve Battery","Rainbow+1","Leap+1","Coolheaded+1","Madness","Madness","Flash of Steel","Lockon+1","Cold Snap+1","Master of Strategy","Conserve Battery"],"special_seed":0,"relics":["Cracked Core","WarpedTongs","Darkstone Periapt","Girya","Velvet Choker","FossilizedHelix","Oddly Smooth Stone","Eternal Feather","War Paint","Gambling Chip","Pantograph","Dodecahedron"],"potions_floor_usage":[50],"damage_taken":[{"damage":4.0,"enemies":"Small Slimes","floor":1.0,"turns":5.0},{"damage":0.0,"enemies":"2 Louse","floor":2.0,"turns":2.0},{"damage":0.0,"enemies":"Cultist","floor":4.0,"turns":3.0},{"damage":13.0,"enemies":"Blue Slaver","floor":10.0,"turns":3.0},{"damage":11.0,"enemies":"Exordium Wildlife","floor":13.0,"turns":2.0},{"damage":3.0,"enemies":"Lagavulin Event","floor":14.0,"turns":5.0},{"damage":13.0,"enemies":"Slime Boss","floor":16.0,"turns":7.0},{"damage":13.0,"enemies":"Shell Parasite","floor":18.0,"turns":4.0},{"damage":15.0,"enemies":"Spheric Guardian","floor":20.0,"turns":4.0},{"damage":0.0,"enemies":"Shelled Parasite and Fungi","floor":24.0,"turns":3.0},{"damage":0.0,"enemies":"3 Cultists","floor":25.0,"turns":2.0},{"damage":5.0,"enemies":"Cultist and Chosen","floor":27.0,"turns":3.0},{"damage":0.0,"enemies":"Chosen and Byrds","floor":28.0,"turns":3.0},{"damage":0.0,"enemies":"3 Cultists","floor":30.0,"turns":3.0},{"damage":0.0,"enemies":"Shelled Parasite and Fungi","floor":31.0,"turns":4.0},{"damage":52.0,"enemies":"Automaton","floor":33.0,"turns":8.0},{"damage":13.0,"enemies":"3 Darklings","floor":35.0,"turns":4.0},{"damage":0.0,"enemies":"2 Orb Walkers","floor":38.0,"turns":3.0},{"damage":0.0,"enemies":"Orb Walker","floor":44.0,"turns":4.0},{"damage":0.0,"enemies":"Sphere and 2 Shapes","floor":45.0,"turns":3.0},{"damage":44.0,"enemies":"Writhing Mass","floor":47.0,"turns":6.0},{"damage":0.0,"enemies":"Maw","floor":48.0,"turns":6.0},{"damage":82,"enemies":"Donu and Deca","floor":50,"turns":6}],"seed_played":"1381834851874743353","potions_obtained":[{"floor":2.0,"key":"SpeedPotion"},{"floor":4.0,"key":"Ancient Potion"},{"floor":10.0,"key":"SpeedPotion"},{"floor":25.0,"key":"Block Potion"},{"floor":27.0,"key":"SteroidPotion"},{"floor":30.0,"key":"SteroidPotion"},{"floor":31.0,"key":"LiquidBronze"},{"floor":33.0,"key":"FearPotion"},{"floor":35.0,"key":"Block Potion"},{"floor":48.0,"key":"FearPotion"}],"is_trial":false,"path_per_floor":["M","M","?","M","?","R","?","R","T","M","$","R","M","?","R","B",null,"M","$","M","?","?","R","M","M","T","M","M","R","M","M","R","B",null,"M","?","$","?","?","R","?","T","T","M","M","$","M","M","R","B"],"character_chosen":"DEFECT","items_purchased":["Doom and Gloom","Doom and Gloom","Ball Lightning","War Paint","Master of Strategy"],"campfire_rested":2,"item_purchase_floors":[11,19,19,37,46],"current_hp_per_floor":[78,78,78,78,78,78,78,78,78,65,65,65,54,51,51,38,82,69,69,54,54,54,54,54,54,54,49,49,49,49,49,73,21,82,69,69,69,69,59,77,77,77,77,77,77,77,33,33,78,0],"gold":203,"neow_bonus":"TEN_PERCENT_HP_BONUS","is_prod":false,"is_daily":false,"chose_seed":false,"campfire_upgraded":4,"win_rate":0,"timestamp":1560097847,"path_taken":["M","M","?","M","?","R","?","R","T","M","$","R","?","?","R","BOSS","M","$","M","?","?","R","M","M","T","?","?","R","M","M","R","BOSS","M","?","$","?","?","R","?","?","T","M","M","?","M","?","R","BOSS"],"build_version":"2019-01-23","purchased_purges":1,"victory":false,"max_hp_per_floor":[82,82,82,82,82,82,82,82,82,82,82,82,82,82,82,82,82,82,82,82,82,82,82,82,82,82,82,82,82,82,82,82,82,82,82,82,82,82,82,82,82,82,82,82,82,82,82,82,82,82],"card_choices":[{"not_picked":["Sweeping Beam","Chaos"],"picked":"Cold Snap","floor":1.0},{"not_picked":["BootSequence","Sweeping Beam"],"picked":"Darkness","floor":2.0},{"not_picked":["Stack","Steam"],"picked":"Hologram","floor":4.0},{"not_picked":["Go for the Eyes","Blizzard","Recycle"],"picked":"SKIP","floor":10.0},{"not_picked":["Conserve Battery","Sweeping Beam"],"picked":"Consume","floor":13.0},{"not_picked":["Heatsinks","Cold Snap"],"picked":"Electrodynamics","floor":14.0},{"not_picked":["Reinforced Body","Steam+1"],"picked":"Sweeping Beam+1","floor":18.0},{"not_picked":["White Noise+1","Gash+1"],"picked":"Barrage+1","floor":20.0},{"not_picked":["Storm","Heatsinks"],"picked":"Darkness+1","floor":24.0},{"not_picked":["Leap+1","Conserve Battery"],"picked":"Coolheaded+1","floor":25.0},{"not_picked":["Conserve Battery","Double Energy"],"picked":"Steam+1","floor":27.0},{"not_picked":["Streamline","Stack"],"picked":"Coolheaded","floor":28.0},{"not_picked":["Stack+1","Gash"],"picked":"Multi-Cast","floor":30.0},{"not_picked":["Stack","Compile Driver"],"picked":"Conserve Battery","floor":31.0},{"not_picked":["Meteor Strike","Amplify"],"picked":"Rainbow","floor":33.0},{"not_picked":["White Noise+1","Steam+1"],"picked":"Leap+1","floor":35.0},{"not_picked":["Hologram","Ball Lightning"],"picked":"Coolheaded+1","floor":38.0},{"not_picked":["Forethought","Apotheosis"],"picked":"Flash of Steel","floor":41.0},{"not_picked":["Barrage","Beam Cell+1"],"picked":"Lockon+1","floor":44.0},{"not_picked":["Coolheaded","Leap"],"picked":"Cold Snap+1","floor":45.0},{"not_picked":["BootSequence","Stack+1","Redo"],"picked":"SKIP","floor":47.0},{"not_picked":["Turbo+1","FTL+1"],"picked":"Conserve Battery","floor":48.0}],"player_experience":1427067,"relics_obtained":[{"floor":9.0,"key":"Darkstone Periapt"},{"floor":14.0,"key":"Girya"},{"floor":26.0,"key":"Oddly Smooth Stone"},{"floor":38.0,"key":"Gambling Chip"},{"floor":42.0,"key":"Pantograph"},{"floor":43.0,"key":"Dodecahedron"}],"event_choices":[{"damage_healed":0.0,"max_hp_gain":0.0,"max_hp_loss":0.0,"gold_gain":0.0,"event_name":"Living Wall","player_choice":"Grow","floor":3.0,"gold_loss":0.0,"damage_taken":0.0,"cards_upgraded":["Zap"]},{"cards_removed":["Strike_B"],"damage_healed":0.0,"max_hp_gain":0.0,"max_hp_loss":0.0,"gold_gain":0.0,"event_name":"The Cleric","player_choice":"Card Removal","floor":5.0,"gold_loss":50.0,"damage_taken":0.0},{"damage_healed":0.0,"max_hp_gain":0.0,"max_hp_loss":0.0,"gold_gain":0.0,"event_name":"Accursed Blacksmith","player_choice":"Rummage","floor":7.0,"gold_loss":0.0,"damage_taken":0.0,"relics_obtained":["WarpedTongs"],"cards_obtained":["Pain"]},{"damage_healed":0.0,"max_hp_gain":0.0,"max_hp_loss":0.0,"gold_gain":0.0,"event_name":"Dead Adventurer","player_choice":"Searched \u00272\u0027 times","floor":14.0,"gold_loss":0.0,"damage_taken":0.0},{"damage_healed":0.0,"max_hp_gain":0.0,"max_hp_loss":0.0,"gold_gain":0.0,"event_name":"The Mausoleum","player_choice":"Opened","floor":21.0,"gold_loss":0.0,"damage_taken":0.0,"relics_obtained":["FossilizedHelix"]},{"damage_healed":0.0,"max_hp_gain":0.0,"max_hp_loss":0.0,"gold_gain":0.0,"event_name":"Lab","player_choice":"Got Potions","floor":22.0,"gold_loss":0.0,"damage_taken":0.0},{"damage_healed":0.0,"max_hp_gain":0.0,"max_hp_loss":0.0,"gold_gain":0.0,"event_name":"Tomb of Lord Red Mask","player_choice":"Ignored","floor":36.0,"gold_loss":0.0,"damage_taken":0.0},{"damage_healed":0.0,"max_hp_gain":0.0,"max_hp_loss":0.0,"gold_gain":0.0,"event_name":"Mysterious Sphere","player_choice":"Fight","floor":38.0,"gold_loss":0.0,"damage_taken":0.0},{"damage_healed":0.0,"max_hp_gain":0.0,"max_hp_loss":0.0,"gold_gain":0.0,"event_name":"Winding Halls","player_choice":"Embrace Madness","floor":39.0,"gold_loss":0.0,"damage_taken":10.0,"cards_obtained":["Madness","Madness"]},{"damage_healed":0.0,"max_hp_gain":0.0,"max_hp_loss":0.0,"gold_gain":0.0,"event_name":"SensoryStone","player_choice":"Memory 1","floor":41.0,"gold_loss":0.0,"damage_taken":0.0}],"is_beta":false,"boss_relics":[{"not_picked":["Busted Crown","Empty Cage"],"picked":"Velvet Choker"},{"not_picked":["FrozenCore","Runic Pyramid"],"picked":"Eternal Feather"}],"items_purged_floors":[11],"is_endless":false,"potions_floor_spawned":[2,4,10,14,16,25,27,30,31,33,35,48],"killed_by":"Donu and Deca","ascension_level":0}