{"gold_per_floor":[117,117,131,49,49,49,49,69,69,69,92,110,110,110,110,110],"floor_reached":16,"playtime":1027,"items_purged":[],"score":90,"play_id":"f6bbb69f-0276-4a2c-854b-0ea391054f17","local_time":"20190626232517","is_ascension_mode":false,"campfire_choices":[{"data":"Seeing Red","floor":6,"key":"SMITH"},{"data":"Iron Wave","floor":10,"key":"SMITH"},{"data":"Pommel Strike","floor":13,"key":"SMITH"},{"floor":15,"key":"REST"}],"neow_cost":"NONE","seed_source_timestamp":1670237397568497,"circlet_count":0,"master_deck":["Strike_R","Strike_R","Strike_R","Strike_R","Strike_R","Defend_R","Defend_R","Defend_R+1","Defend_R","Bash","Fiend Fire+1","Iron Wave+1","Carnage","Seeing Red+1","Injury","Pommel Strike","Clothesline","Pommel Strike+1"],"relics":["Burning Blood","Golden Idol","Bag of Marbles","Question Card"],"potions_floor_usage":[],"damage_taken":[{"damage":1,"enemies":"Cultist","floor":1,"turns":3},{"damage":6,"enemies":"Jaw Worm","floor":3,"turns":3},{"damage":5,"enemies":"Small Slimes","floor":8,"turns":2},{"damage":5,"enemies":"2 Fungi Beasts","floor":11,"turns":3},{"damage":1,"enemies":"3 Louse","floor":12,"turns":3},{"damage":85,"enemies":"Hexaghost","floor":16,"turns":10}],"seed_played":"-8361262683232603407","potions_obtained":[{"floor":11,"key":"LiquidBronze"},{"floor":12,"key":"Poison Potion"}],"is_trial":false,"path_per_floor":["M","?","M","$","?","R","?","M","T","R","M","M","R","?","R","B"],"character_chosen":"IRONCLAD","items_purchased":["Seeing Red"],"campfire_rested":1,"item_purchase_floors":[4],"current_hp_per_floor":[80,64,64,64,64,64,61,62,62,62,63,68,68,60,80,0],"gold":110,"neow_bonus":"ONE_RANDOM_RARE_CARD","is_prod":false,"is_daily":false,"chose_seed":false,"campfire_upgraded":3,"win_rate":0.0,"timestamp":1561613117,"path_taken":["M","?","M","?","?","R","?","M","T","R","M","M","R","?","R","BOSS"],"build_version":"2019-01-23","purchased_purges":0,"victory":false,"max_hp_per_floor":[80,80,80,80,80,80,80,80,80,80,80,80,80,80,80,80],"card_choices":[{"not_picked":["Sword Boomerang","Thunderclap"],"picked":"Iron Wave","floor":1},{"not_picked":["Body Slam","Perfected Strike"],"picked":"Carnage","floor":3},{"not_picked":["Twin Strike","Clash"],"picked":"Pommel Strike","floor":8},{"not_picked":["Clash","Twin Strike","Entrench"],"picked":"Clothesline","floor":11},{"not_picked":["Power Through","Combust","Anger"],"picked":"Pommel Strike","floor":12}],"player_experience":2011,"relics_obtained":[{"floor":9,"key":"Question Card"}],"event_choices":[{"damage_healed":0,"gold_gain":0,"player_choice":"Entered Light","damage_taken":16,"max_hp_gain":0,"max_hp_loss":0,"event_name":"Shining Light","floor":2,"gold_loss":0,"cards_upgraded":["Defend_R","Fiend Fire"]},{"damage_healed":0,"gold_gain":0,"player_choice":"Take Wound","damage_taken":0,"relics_obtained":["Golden Idol"],"max_hp_gain":0,"max_hp_loss":0,"event_name":"Golden Idol","floor":5,"gold_loss":0,"cards_obtained":["Injury"]},{"damage_healed":0,"gold_gain":0,"player_choice":"Success","damage_taken":3,"relics_obtained":["Bag of Marbles"],"max_hp_gain":0,"max_hp_loss":0,"event_name":"Scrap Ooze","floor":7,"gold_loss":0},{"damage_healed":0,"gold_gain":0,"player_choice":"Damaged","damage_taken":8,"max_hp_gain":0,"max_hp_loss":0,"event_name":"Wheel of Change","floor":14,"gold_loss":0}],"is_beta":false,"boss_relics":[],"items_purged_floors":[],"is_endless":false,"potions_floor_spawned":[11,12],"killed_by":"Hexaghost","ascension_level":0}