{"gold_per_floor":[114,127,127,127,202,235,200,200,200,214,389,409,427,440,440,440],"floor_reached":16,"playtime":665,"items_purged":[],"score":104,"play_id":"ab6751bb-3841-4693-8ba4-bbd6678fe613","local_time":"20180711143018","is_ascension_mode":false,"campfire_choices":[{"data":"Strike_R","floor":8,"key":"SMITH"},{"data":"Immolate","floor":15,"key":"SMITH"}],"neow_cost":"NONE","seed_source_timestamp":1290983854672928,"circlet_count":0,"master_deck":["Strike_R","Strike_R","Strike_R","Strike_R+1","Defend_R","Defend_R","Defend_R","Defend_R","Bash+1","Twin Strike+1","Flex","Cleave","Pommel Strike","Doubt","Immolate+1","Seeing Red","Heavy Blade"],"relics":["Burning Blood","FaceOfCleric","Ornamental Fan","Whetstone"],"potions_floor_usage":[12],"damage_taken":[{"damage":9,"enemies":"Cultist","floor":1,"turns":4},{"damage":0,"enemies":"Small Slimes","floor":2,"turns":3},{"damage":8,"enemies":"Jaw Worm","floor":4,"turns":3},{"damage":44,"enemies":"Gremlin Nob","floor":6,"turns":5},{"damage":19,"enemies":"2 Fungi Beasts","floor":10,"turns":3},{"damage":4,"enemies":"Lots of Slimes","floor":12,"turns":3},{"damage":6,"enemies":"Exordium Thugs","floor":13,"turns":3},{"damage":0,"enemies":"3 Louse","floor":14,"turns":1},{"damage":0,"enemies":"The Guardian","floor":16,"turns":1}],"seed_played":"8565216359240991641","potions_obtained":[{"floor":6,"key":"FearPotion"},{"floor":10,"key":"PowerPotion"},{"floor":13,"key":"Fire Potion"}],"is_trial":false,"path_per_floor":["M","M","?","M","?","E","?","R","T","M","?","M","M","M","R"],"character_chosen":"IRONCLAD","items_purchased":[],"campfire_rested":0,"item_purchase_floors":[],"current_hp_per_floor":[77,80,80,79,68,31,51,51,51,39,39,42,43,50,50,50],"gold":440,"neow_bonus":"REMOVE_CARD","is_prod":false,"is_daily":false,"chose_seed":false,"campfire_upgraded":2,"win_rate":0,"timestamp":1531337418,"path_taken":["M","?","?","?","?","E","?","R","T","M","?","M","?","M","R","BOSS"],"build_version":"2018-07-05","purchased_purges":0,"victory":false,"max_hp_per_floor":[80,80,80,81,81,82,82,82,82,83,83,84,85,86,86,86],"card_choices":[{"not_picked":["Shrug It Off","Power Through"],"picked":"Twin Strike","floor":1},{"not_picked":["Disarm","Sword Boomerang"],"picked":"Flex","floor":2},{"not_picked":["Flex","Headbutt","Rupture"],"picked":"SKIP","floor":4},{"not_picked":["Sword Boomerang","Wild Strike"],"picked":"Cleave","floor":6},{"not_picked":["Blood for Blood","Anger"],"picked":"Pommel Strike","floor":10},{"not_picked":["Evolve","Blood for Blood"],"picked":"Immolate","floor":12},{"not_picked":["Armaments","Body Slam"],"picked":"Seeing Red","floor":13},{"not_picked":["Pommel Strike","Havoc"],"picked":"Heavy Blade","floor":14}],"player_experience":151751,"relics_obtained":[{"floor":6,"key":"Ornamental Fan"},{"floor":9,"key":"Whetstone"}],"event_choices":[{"event_name":"FaceTrader","player_choice":"Trade","floor":3,"damage_taken":0},{"event_name":"World of Goop","player_choice":"Gather Gold","floor":5,"damage_taken":0},{"event_name":"The Cleric","player_choice":"Healed","floor":7,"damage_taken":0},{"event_name":"Liars Game","player_choice":"agreed","floor":11,"damage_taken":0}],"boss_relics":[],"items_purged_floors":[],"is_endless":false,"potions_floor_spawned":[6,10,13],"killed_by":"The Guardian","ascension_level":0}