{"gold_per_floor":[214,224,224,224,149,149,162,162,238,251,251,274,294,7,7,135,135,153,53,67,67,87,87],"floor_reached":23,"playtime":1755,"items_purged":["Injury","Perfected Strike"],"score":379,"play_id":"762779cf-d40b-4827-a8fb-3ed49dcb7406","local_time":"20190528233656","is_ascension_mode":true,"campfire_choices":[{"data":"Flame Barrier","floor":6.0,"key":"SMITH"},{"data":"Bash","floor":8.0,"key":"SMITH"},{"data":"1","floor":15.0,"key":"LIFT"}],"neow_cost":"NONE","seed_source_timestamp":0,"circlet_count":0,"master_deck":["Bash+1","Flame Barrier+1","Demon Form","Feel No Pain","True Grit","Shrug It Off","Brutality","Armaments","Limit Break","Dropkick","Barricade"],"special_seed":0,"relics":["Burning Blood","Happy Flower","Golden Idol","Singing Bowl","Girya","Pandora\u0027s Box","FaceOfCleric"],"potions_floor_usage":[],"damage_taken":[{"damage":8.0,"enemies":"2 Louse","floor":1.0,"turns":3.0},{"damage":6.0,"enemies":"Cultist","floor":2.0,"turns":4.0},{"damage":0.0,"enemies":"Small Slimes","floor":7.0,"turns":3.0},{"damage":12.0,"enemies":"Looter","floor":10.0,"turns":3.0},{"damage":0.0,"enemies":"Large Slime","floor":12.0,"turns":5.0},{"damage":0.0,"enemies":"Exordium Thugs","floor":13.0,"turns":4.0},{"damage":10.0,"enemies":"Slime Boss","floor":16.0,"turns":10.0},{"damage":31.0,"enemies":"2 Thieves","floor":18.0,"turns":5.0},{"damage":22.0,"enemies":"Shell Parasite","floor":20.0,"turns":10.0},{"damage":34.0,"enemies":"Centurion and Healer","floor":22.0,"turns":8.0},{"damage":29,"enemies":"Book of Stabbing","floor":23,"turns":7}],"seed_played":"8523380363725659720","potions_obtained":[{"floor":2.0,"key":"Strength Potion"},{"floor":11.0,"key":"Fruit Juice"},{"floor":11.0,"key":"Swift Potion"},{"floor":11.0,"key":"Strength Potion"},{"floor":12.0,"key":"FearPotion"},{"floor":20.0,"key":"Weak Potion"}],"is_trial":false,"path_per_floor":["M","M","?","?","$","R","M","R","T","M","?","M","M","$","R","B",null,"M","$","M","?","M","E"],"character_chosen":"IRONCLAD","items_purchased":["Girya"],"campfire_rested":0,"item_purchase_floors":[14],"current_hp_per_floor":[78,78,75,75,75,75,80,80,80,76,81,89,91,91,91,87,90,67,67,53,53,28,0],"gold":87,"neow_bonus":"HUNDRED_GOLD","is_prod":false,"is_daily":false,"chose_seed":false,"campfire_upgraded":2,"win_rate":0,"timestamp":1559079416,"path_taken":["M","M","?","?","$","R","M","R","T","M","?","M","M","$","R","BOSS","M","$","M","?","M","E"],"build_version":"2019-01-23","purchased_purges":2,"victory":false,"max_hp_per_floor":[80,80,80,80,80,80,80,80,80,82,87,89,91,91,91,91,91,93,93,95,95,98,98],"card_choices":[{"not_picked":["Sword Boomerang","Hemokinesis"],"picked":"Flame Barrier","floor":1.0},{"not_picked":["Perfected Strike","Headbutt","Twin Strike"],"picked":"SKIP","floor":2.0},{"not_picked":["Twin Strike","Clothesline","Pommel Strike"],"picked":"SKIP","floor":7.0},{"not_picked":["Reckless Charge","Heavy Blade","Anger"],"picked":"Singing Bowl","floor":10.0},{"not_picked":["Headbutt","Perfected Strike","Iron Wave"],"picked":"Singing Bowl","floor":12.0},{"not_picked":["True Grit","Iron Wave","Fire Breathing"],"picked":"Singing Bowl","floor":13.0},{"not_picked":["Brutality","Immolate"],"picked":"Demon Form","floor":16.0},{"not_picked":["Searing Blow","Flex","Corruption"],"picked":"Singing Bowl","floor":18.0},{"not_picked":["Flex","True Grit+1","Iron Wave"],"picked":"Singing Bowl","floor":20.0},{"not_picked":["Second Wind+1","Anger","Iron Wave+1"],"picked":"Singing Bowl","floor":22.0}],"player_experience":345153,"relics_obtained":[{"floor":9.0,"key":"Singing Bowl"}],"event_choices":[{"damage_healed":0.0,"max_hp_gain":0.0,"max_hp_loss":0.0,"gold_gain":0.0,"event_name":"Scrap Ooze","player_choice":"Success","floor":3.0,"gold_loss":0.0,"damage_taken":3.0,"relics_obtained":["Happy Flower"]},{"damage_healed":0.0,"max_hp_gain":0.0,"max_hp_loss":0.0,"gold_gain":0.0,"event_name":"Golden Idol","player_choice":"Take Wound","floor":4.0,"gold_loss":0.0,"damage_taken":0.0,"relics_obtained":["Golden Idol"],"cards_obtained":["Injury"]},{"damage_healed":0.0,"max_hp_gain":0.0,"max_hp_loss":0.0,"gold_gain":0.0,"event_name":"Lab","player_choice":"Got Potions","floor":11.0,"gold_loss":0.0,"damage_taken":0.0},{"damage_healed":0.0,"max_hp_gain":0.0,"max_hp_loss":0.0,"gold_gain":0.0,"event_name":"FaceTrader","player_choice":"Trade","floor":21.0,"gold_loss":0.0,"damage_taken":0.0,"relics_obtained":["FaceOfCleric"]}],"is_beta":false,"boss_relics":[{"not_picked":["Cursed Key","White Beast Statue"],"picked":"Pandora\u0027s Box"}],"items_purged_floors":[5,19],"is_endless":false,"potions_floor_spawned":[2,12,13,20],"killed_by":"Book of Stabbing","ascension_level":5}