{"gold_per_floor":[119,131,141,141,162,162,183,216,239,255,255,255,430,448,448,568,568,591,130,130,157,194,206],"floor_reached":23,"playtime":2285,"items_purged":["Doubt"],"score":195,"play_id":"18671811-2f50-4b8d-a772-d75432117f8e","local_time":"20190628154001","is_ascension_mode":false,"campfire_choices":[{"data":"Genetic Algorithm","floor":6,"key":"SMITH"},{"floor":12,"key":"REST"},{"floor":15,"key":"REST"}],"neow_cost":"NONE","seed_source_timestamp":1813862495788489,"circlet_count":0,"master_deck":["Strike_B","Defend_B","Defend_B","Defend_B","Defend_B","Zap","Dualcast","Lockon","Hologram","FTL","Genetic Algorithm+1","Hologram","Static Discharge","Sweeping Beam","Redo","Reboot","Auto Shields+1","Sweeping Beam+1","Meteor Strike+1","Double Energy+1","Defragment","BootSequence","BootSequence"],"relics":["Cracked Core","Golden Idol","Gremlin Horn","Bronze Scales","Astrolabe","Ginger","MawBank"],"potions_floor_usage":[8,14],"damage_taken":[{"damage":9,"enemies":"2 Louse","floor":1,"turns":3},{"damage":2,"enemies":"Small Slimes","floor":2,"turns":3},{"damage":3,"enemies":"Jaw Worm","floor":3,"turns":4},{"damage":9,"enemies":"Exordium Wildlife","floor":5,"turns":4},{"damage":3,"enemies":"Red Slaver","floor":7,"turns":4},{"damage":35,"enemies":"3 Sentries","floor":8,"turns":8},{"damage":11,"enemies":"Large Slime","floor":10,"turns":4},{"damage":4,"enemies":"Blue Slaver","floor":14,"turns":3},{"damage":51,"enemies":"Slime Boss","floor":16,"turns":10},{"damage":32,"enemies":"2 Thieves","floor":18,"turns":4},{"damage":0,"enemies":"Chosen","floor":21,"turns":4},{"damage":30,"enemies":"Shelled Parasite and Fungi","floor":22,"turns":7},{"damage":23,"enemies":"Centurion and Healer","floor":23,"turns":6}],"seed_played":"9195793144737326010","potions_obtained":[{"floor":1,"key":"GamblersBrew"},{"floor":8,"key":"Regen Potion"},{"floor":18,"key":"Dexterity Potion"}],"is_trial":false,"path_per_floor":["M","M","M","?","M","R","M","E","T","M","?","R","?","M","R","B",null,"M","$","?","M","M","M"],"character_chosen":"DEFECT","items_purchased":["Ginger","Defragment"],"campfire_rested":2,"item_purchase_floors":[19,19],"current_hp_per_floor":[73,71,68,68,59,59,56,21,21,10,3,27,27,28,52,1,82,50,50,50,50,20,0],"gold":206,"neow_bonus":"TEN_PERCENT_HP_BONUS","is_prod":false,"is_daily":false,"chose_seed":false,"campfire_upgraded":1,"win_rate":0.0,"timestamp":1561758001,"path_taken":["M","M","M","?","M","R","M","E","T","M","?","R","?","M","R","BOSS","M","$","?","M","M","M"],"build_version":"2019-01-23","purchased_purges":1,"victory":false,"max_hp_per_floor":[82,82,82,82,82,82,82,82,82,82,82,82,82,82,82,82,82,82,82,82,82,82,82],"card_choices":[{"not_picked":["Double Energy","Turbo"],"picked":"Lockon","floor":1},{"not_picked":["Sweeping Beam","Barrage"],"picked":"Hologram","floor":2},{"not_picked":["Leap","Scrape"],"picked":"FTL","floor":3},{"not_picked":["Gash","Stack"],"picked":"Genetic Algorithm","floor":5},{"not_picked":["Scrape","Leap"],"picked":"Hologram","floor":7},{"not_picked":["Beam Cell","Double Energy"],"picked":"Static Discharge","floor":8},{"not_picked":["Go for the Eyes","Leap"],"picked":"Sweeping Beam","floor":10},{"not_picked":["Sunder","Compile Driver"],"picked":"Redo","floor":14},{"not_picked":["Echo Form","Meteor Strike"],"picked":"Reboot","floor":16},{"not_picked":["Conserve Battery","Beam Cell"],"picked":"Double Energy+1","floor":18},{"not_picked":["Steam","Gash+1"],"picked":"BootSequence","floor":21},{"not_picked":["Compile Driver","Leap+1"],"picked":"BootSequence","floor":22}],"player_experience":26374,"relics_obtained":[{"floor":8,"key":"Gremlin Horn"},{"floor":9,"key":"Bronze Scales"}],"event_choices":[{"damage_healed":0,"gold_gain":0,"player_choice":"Take Wound","damage_taken":0,"relics_obtained":["Golden Idol"],"max_hp_gain":0,"max_hp_loss":0,"event_name":"Golden Idol","floor":4,"gold_loss":0,"cards_obtained":["Injury"]},{"cards_removed":["Injury"],"damage_healed":0,"gold_gain":0,"player_choice":"Card Removal","damage_taken":7,"max_hp_gain":0,"max_hp_loss":0,"event_name":"Golden Wing","floor":11,"gold_loss":0},{"damage_healed":0,"gold_gain":175,"player_choice":"AGREE","damage_taken":0,"max_hp_gain":0,"max_hp_loss":0,"event_name":"Liars Game","floor":13,"gold_loss":0,"cards_obtained":["Doubt"]},{"damage_healed":0,"gold_gain":0,"player_choice":"Opened","damage_taken":0,"relics_obtained":["MawBank"],"max_hp_gain":0,"max_hp_loss":0,"event_name":"The Mausoleum","floor":20,"gold_loss":0}],"is_beta":false,"boss_relics":[{"not_picked":["Calling Bell","Snecko Eye"],"picked":"Astrolabe"}],"items_purged_floors":[19],"is_endless":false,"potions_floor_spawned":[1,8,18],"killed_by":"Centurion and Healer","ascension_level":0}