{"gold_per_floor":[116,129,204,169,215,215,249,249,249,249,275,291,304,157,157,232,232,242,202,212,312,323,323,352,367,367,50,50,50,50,50,50,125,125,135,149,1148,1148,841,841,231,247,247,257,257,309,326,340,340,340],"floor_reached":50,"playtime":3179,"items_purged":["Normality","Normality"],"score":896,"play_id":"12a2a78e-b84b-46a2-afb1-16ffcc722167","local_time":"20190516130059","is_ascension_mode":true,"campfire_choices":[{"data":"Skewer","floor":6.0,"key":"SMITH"},{"data":"Flying Knee","floor":8.0,"key":"SMITH"},{"data":"Neutralize","floor":10.0,"key":"SMITH"},{"data":"1","floor":15.0,"key":"LIFT"},{"floor":23.0,"key":"REST"},{"data":"2","floor":28.0,"key":"LIFT"},{"floor":29.0,"key":"REST"},{"floor":32.0,"key":"REST"},{"data":"3","floor":40.0,"key":"LIFT"},{"floor":45.0,"key":"REST"},{"floor":49.0,"key":"REST"}],"neow_cost":"NONE","seed_source_timestamp":0,"circlet_count":0,"master_deck":["AscendersBane","Defend_G+1","Defend_G+1","Defend_G+1","Defend_G+1","Defend_G+1","Strike_G+1","Strike_G+1","Strike_G+1","Strike_G+1","Strike_G+1","Survivor","Neutralize+1","Cloak And Dagger","Skewer+1","Flying Knee+1","All Out Attack","Cloak And Dagger","Footwork","Corpse Explosion","Predator+1","Dagger Spray","Footwork+1","Cloak And Dagger","Escape Plan","Endless Agony","Endless Agony","Burst","Setup+1","Masterful Stab+1","Endless Agony","Slice","Panache","Dagger Spray","All Out Attack","Flying Knee","Deflect+1","Dagger Spray","Sucker Punch"],"special_seed":0,"relics":["Ring of the Snake","Bag of Marbles","Strawberry","Darkstone Periapt","Girya","Juzu Bracelet","Black Star","WingedGreaves","Pantograph","Letter Opener","Ancient Tea Set","Nunchaku","Shuriken","MutagenicStrength","WristBlade","Lantern","Pear","Tough Bandages","Prayer Wheel"],"potions_floor_usage":[50,50],"damage_taken":[{"damage":0.0,"enemies":"2 Louse","floor":1.0,"turns":3.0},{"damage":3.0,"enemies":"Jaw Worm","floor":2.0,"turns":6.0},{"damage":22.0,"enemies":"Gremlin Nob","floor":7.0,"turns":4.0},{"damage":6.0,"enemies":"3 Sentries","floor":11.0,"turns":6.0},{"damage":0.0,"enemies":"Small Slimes","floor":12.0,"turns":2.0},{"damage":0.0,"enemies":"Red Slaver","floor":13.0,"turns":2.0},{"damage":20.0,"enemies":"The Guardian","floor":16.0,"turns":13.0},{"damage":5.0,"enemies":"Spheric Guardian","floor":18.0,"turns":4.0},{"damage":8.0,"enemies":"Shell Parasite","floor":20.0,"turns":5.0},{"damage":15.0,"enemies":"Colosseum Slavers","floor":21.0,"turns":5.0},{"damage":22.0,"enemies":"Colosseum Nobs","floor":21.0,"turns":3.0},{"damage":0.0,"enemies":"Snake Plant","floor":22.0,"turns":2.0},{"damage":17.0,"enemies":"Slavers","floor":24.0,"turns":3.0},{"damage":32.0,"enemies":"Centurion and Healer","floor":25.0,"turns":7.0},{"damage":14.0,"enemies":"Automaton","floor":33.0,"turns":8.0},{"damage":2.0,"enemies":"Orb Walker","floor":35.0,"turns":2.0},{"damage":0.0,"enemies":"3 Darklings","floor":36.0,"turns":2.0},{"damage":67.0,"enemies":"Writhing Mass","floor":42.0,"turns":5.0},{"damage":0.0,"enemies":"Jaw Worm Horde","floor":44.0,"turns":2.0},{"damage":0.0,"enemies":"2 Orb Walkers","floor":46.0,"turns":1.0},{"damage":14.0,"enemies":"Transient","floor":47.0,"turns":5.0},{"damage":8.0,"enemies":"4 Shapes","floor":48.0,"turns":1.0},{"damage":63,"enemies":"Awakened One","floor":50,"turns":7}],"seed_played":"-2955107552366523016","potions_obtained":[{"floor":1.0,"key":"Explosive Potion"},{"floor":2.0,"key":"Regen Potion"},{"floor":12.0,"key":"Energy Potion"},{"floor":13.0,"key":"Block Potion"},{"floor":21.0,"key":"Strength Potion"},{"floor":22.0,"key":"Poison Potion"},{"floor":25.0,"key":"GhostInAJar"},{"floor":33.0,"key":"Explosive Potion"},{"floor":35.0,"key":"Strength Potion"},{"floor":47.0,"key":"Dexterity Potion"}],"is_trial":false,"path_per_floor":["M","M","?","?","T","R","E","R","T","R","E","M","M","$","R","B",null,"M","?","M","?","M","R","E","M","T","$","R","R","?","?","R","B",null,"M","M","?","?","$","R","$","M","T","M","R","?","M","M","R","B"],"character_chosen":"THE_SILENT","items_purchased":["Juzu Bracelet","Shuriken","Endless Agony","Endless Agony","Lantern","Slice","Panache","Pear","GhostInAJar"],"campfire_rested":5,"item_purchase_floors":[14,27,27,39,39,41,41,41,41],"current_hp_per_floor":[65,62,51,69,69,69,54,54,54,54,48,48,48,48,48,28,66,61,61,53,30,30,53,36,4,4,4,4,27,27,27,50,61,75,73,73,85,85,85,85,95,28,28,28,58,58,44,36,66,28],"gold":340,"neow_bonus":"TEN_PERCENT_HP_BONUS","is_prod":false,"is_daily":false,"chose_seed":false,"campfire_upgraded":3,"win_rate":0,"timestamp":1558029659,"path_taken":["M","M","?","?","?","R","E","R","T","R","E","M","M","$","R","BOSS","M","?","M","?","M","R","E","M","T","$","R","R","?","?","R","BOSS","M","M","?","?","$","R","$","M","T","M","R","?","M","M","R","BOSS"],"build_version":"2019-01-23","purchased_purges":2,"victory":false,"max_hp_per_floor":[72,72,72,72,72,72,79,79,79,79,79,79,79,79,79,79,79,79,79,79,79,79,79,79,79,79,79,79,79,79,79,79,79,79,79,79,91,91,91,91,101,101,101,101,101,101,101,101,101,101],"card_choices":[{"not_picked":["Tactician","Blade Dance"],"picked":"Cloak And Dagger","floor":1.0},{"not_picked":["Concentrate","Expertise"],"picked":"Skewer","floor":2.0},{"not_picked":["Quick Slash","Deflect"],"picked":"Flying Knee","floor":7.0},{"not_picked":["Bane","Catalyst"],"picked":"All Out Attack","floor":11.0},{"not_picked":["Sucker Punch","Acrobatics"],"picked":"Cloak And Dagger","floor":12.0},{"not_picked":["Finisher","Corpse Explosion"],"picked":"Footwork","floor":13.0},{"not_picked":["Envenom","Die Die Die"],"picked":"Corpse Explosion","floor":16.0},{"not_picked":["Acrobatics","Slice"],"picked":"Predator","floor":18.0},{"not_picked":["Reflex","Flying Knee"],"picked":"Dagger Spray","floor":20.0},{"not_picked":["Well Laid Plans+1","Dodge and Roll"],"picked":"Footwork+1","floor":21.0},{"not_picked":["Deflect","PiercingWail"],"picked":"Cloak And Dagger","floor":22.0},{"not_picked":["Night Terror","Catalyst"],"picked":"Escape Plan","floor":24.0},{"not_picked":["Accuracy","Escape Plan"],"picked":"Endless Agony","floor":25.0},{"not_picked":["Die Die Die","Bullet Time"],"picked":"Burst","floor":33.0},{"not_picked":["Bane","Outmaneuver"],"picked":"Setup+1","floor":35.0},{"not_picked":["Setup","Deflect"],"picked":"Masterful Stab+1","floor":36.0},{"not_picked":["Noxious Fumes","Acrobatics"],"picked":"Dagger Spray","floor":42.0},{"not_picked":["Dodge and Roll","Dash"],"picked":"All Out Attack","floor":44.0},{"not_picked":["Expertise","Blade Dance"],"picked":"Flying Knee","floor":46.0},{"not_picked":["Finisher","Backflip"],"picked":"Deflect+1","floor":47.0},{"not_picked":["PiercingWail","Underhanded Strike"],"picked":"Dagger Spray","floor":47.0},{"not_picked":["Malaise","Dagger Throw"],"picked":"Sucker Punch","floor":48.0},{"not_picked":["Finisher","Acrobatics+1","Underhanded Strike"],"picked":"SKIP","floor":48.0}],"player_experience":1383045,"relics_obtained":[{"floor":5.0,"key":"Bag of Marbles"},{"floor":7.0,"key":"Strawberry"},{"floor":9.0,"key":"Darkstone Periapt"},{"floor":11.0,"key":"Girya"},{"floor":21.0,"key":"WingedGreaves"},{"floor":21.0,"key":"Pantograph"},{"floor":24.0,"key":"Letter Opener"},{"floor":24.0,"key":"Ancient Tea Set"},{"floor":26.0,"key":"Nunchaku"},{"floor":43.0,"key":"Tough Bandages"},{"floor":46.0,"key":"Prayer Wheel"}],"event_choices":[{"damage_healed":0.0,"max_hp_gain":0.0,"max_hp_loss":0.0,"gold_gain":75.0,"event_name":"World of Goop","player_choice":"Gather Gold","floor":3.0,"gold_loss":0.0,"damage_taken":11.0},{"damage_healed":18.0,"max_hp_gain":0.0,"max_hp_loss":0.0,"gold_gain":0.0,"event_name":"The Cleric","player_choice":"Healed","floor":4.0,"gold_loss":35.0,"damage_taken":0.0},{"damage_healed":0.0,"max_hp_gain":0.0,"max_hp_loss":0.0,"gold_gain":0.0,"event_name":"Designer","player_choice":"Upgrade","floor":19.0,"gold_loss":40.0,"damage_taken":0.0,"cards_upgraded":["Predator"]},{"damage_healed":0.0,"max_hp_gain":0.0,"max_hp_loss":0.0,"gold_gain":0.0,"event_name":"Colosseum","player_choice":"Fight","floor":21.0,"gold_loss":0.0,"damage_taken":0.0},{"damage_healed":0.0,"max_hp_gain":0.0,"max_hp_loss":0.0,"gold_gain":0.0,"event_name":"Colosseum","player_choice":"Fought Nobs","floor":21.0,"gold_loss":0.0,"damage_taken":0.0},{"damage_healed":0.0,"max_hp_gain":0.0,"max_hp_loss":0.0,"gold_gain":0.0,"event_name":"Drug Dealer","player_choice":"Inject Mutagens","floor":30.0,"gold_loss":0.0,"damage_taken":0.0,"relics_obtained":["MutagenicStrength"]},{"damage_healed":0.0,"max_hp_gain":0.0,"max_hp_loss":0.0,"gold_gain":0.0,"event_name":"Back to Basics","player_choice":"Simplicity","floor":31.0,"gold_loss":0.0,"damage_taken":0.0,"cards_upgraded":["Defend_G","Defend_G","Defend_G","Defend_G","Defend_G","Strike_G","Strike_G","Strike_G","Strike_G","Strike_G"]},{"damage_healed":0.0,"max_hp_gain":0.0,"max_hp_loss":0.0,"gold_gain":999.0,"event_name":"MindBloom","player_choice":"Gold","floor":37.0,"gold_loss":0.0,"damage_taken":0.0,"cards_obtained":["Normality","Normality"]},{"damage_healed":0.0,"max_hp_gain":0.0,"max_hp_loss":0.0,"gold_gain":0.0,"event_name":"Tomb of Lord Red Mask","player_choice":"Ignored","floor":38.0,"gold_loss":0.0,"damage_taken":0.0},{"damage_healed":0.0,"max_hp_gain":0.0,"max_hp_loss":0.0,"gold_gain":0.0,"event_name":"Mysterious Sphere","player_choice":"Fight","floor":46.0,"gold_loss":0.0,"damage_taken":0.0}],"is_beta":false,"boss_relics":[{"not_picked":["Ring of the Serpent","Runic Dome"],"picked":"Black Star"},{"not_picked":["Snecko Eye","Calling Bell"],"picked":"WristBlade"}],"items_purged_floors":[39,41],"is_endless":false,"potions_floor_spawned":[1,2,12,13,21,22,25,33,35,47],"killed_by":"Awakened One","ascension_level":14}