{"gold_per_floor":[116,133,133,133,308,308,8,24,24,24,80,93,104,136,136,238,238,256,256,355,355,59,85,95,95,95,95,10,27,27,37,37,140,140,159,159,212,231,231,231,231],"floor_reached":41,"playtime":5322,"items_purged":[],"score":417,"play_id":"336ab012-6b9e-4e9d-b4bc-17cbce96fd67","local_time":"20190227103818","is_ascension_mode":false,"campfire_choices":[{"data":"Perfected Strike","floor":6,"key":"SMITH"},{"data":"Perfected Strike","floor":15,"key":"SMITH"},{"floor":25,"key":"REST"},{"data":"Perfected Strike","floor":27,"key":"SMITH"},{"data":"Wild Strike","floor":32,"key":"SMITH"},{"floor":40,"key":"REST"}],"neow_cost":"NONE","seed_source_timestamp":1819404505235119,"circlet_count":0,"master_deck":["Strike_R","Strike_R","Strike_R","Strike_R","Strike_R","Defend_R","Defend_R+1","Defend_R","Bash+1","Flex","Perfected Strike+1","Doubt","Iron Wave","Perfected Strike+1","Twin Strike","Cleave","Cleave","Double Tap","Ghostly Armor","Wild Strike","Flame Barrier","Body Slam","Anger","Perfected Strike+1","Wild Strike+1","Twin Strike+1","Wild Strike","Shrug It Off","Twin Strike+1"],"relics":["Burning Blood","Torii","Incense Burner","Tiny Chest","Meat on the Bone","Orrery","Pantograph","Self Forming Clay","Red Skull","Bird Faced Urn","StoneCalendar","Vajra"],"potions_floor_usage":[11,11,23,24,29,37,38],"damage_taken":[{"damage":6,"enemies":"Cultist","floor":1,"turns":3},{"damage":7,"enemies":"Small Slimes","floor":2,"turns":4},{"damage":0,"enemies":"2 Louse","floor":8,"turns":2},{"damage":14,"enemies":"Lagavulin","floor":11,"turns":7},{"damage":2,"enemies":"2 Fungi Beasts","floor":12,"turns":3},{"damage":7,"enemies":"Blue Slaver","floor":13,"turns":3},{"damage":9,"enemies":"Gremlin Nob","floor":14,"turns":3},{"damage":43,"enemies":"Hexaghost","floor":16,"turns":11},{"damage":2,"enemies":"Chosen","floor":18,"turns":3},{"damage":47,"enemies":"Slavers","floor":23,"turns":4},{"damage":15,"enemies":"2 Thieves","floor":24,"turns":3},{"damage":17,"enemies":"Shelled Parasite and Fungi","floor":29,"turns":3},{"damage":2,"enemies":"Cultist and Chosen","floor":31,"turns":4},{"damage":84,"enemies":"Collector","floor":33,"turns":8},{"damage":31,"enemies":"3 Shapes","floor":35,"turns":3},{"damage":44,"enemies":"2 Orb Walkers","floor":37,"turns":5},{"damage":11,"enemies":"Orb Walker","floor":38,"turns":3},{"damage":101,"enemies":"Nemesis","floor":41,"turns":6}],"seed_played":"-651609427221210008","potions_obtained":[{"floor":1,"key":"Explosive Potion"},{"floor":2,"key":"GamblersBrew"},{"floor":8,"key":"Explosive Potion"},{"floor":14,"key":"Fire Potion"},{"floor":16,"key":"PowerPotion"},{"floor":23,"key":"Regen Potion"},{"floor":24,"key":"SteroidPotion"},{"floor":33,"key":"BloodPotion"},{"floor":37,"key":"Swift Potion"}],"is_trial":false,"path_per_floor":["M","M","?","?","?","R","$","M","T","?","E","M","M","E","R","B",null,"M","?","?","?","$","E","M","R","T","R","?","M","$","M","R","B",null,"M","?","?","M","T","R","E"],"character_chosen":"IRONCLAD","items_purchased":["Incense Burner","Wild Strike","Pantograph"],"campfire_rested":2,"item_purchase_floors":[7,22,22],"current_hp_per_floor":[88,87,84,77,77,77,77,83,83,65,57,61,60,57,57,32,88,88,71,71,71,71,42,45,72,72,72,72,61,61,65,65,24,93,68,68,42,49,49,76,0],"gold":231,"neow_bonus":"TEN_PERCENT_HP_BONUS","is_prod":false,"is_daily":false,"chose_seed":false,"campfire_upgraded":4,"win_rate":0,"timestamp":1551285498,"path_taken":["M","M","?","?","?","R","$","M","T","?","E","M","?","E","R","BOSS","M","?","?","?","$","E","M","R","T","R","?","M","?","M","R","BOSS","M","?","?","M","?","R","E"],"build_version":"2019-01-23","purchased_purges":0,"victory":false,"max_hp_per_floor":[88,88,88,88,88,88,88,88,88,88,88,88,88,88,88,88,88,88,93,93,93,93,93,93,93,93,93,93,93,93,93,93,93,93,93,93,93,93,93,93,93],"card_choices":[{"not_picked":["Power Through","Intimidate"],"picked":"Flex","floor":1},{"not_picked":["Anger","Headbutt"],"picked":"Perfected Strike","floor":2},{"not_picked":["Clothesline","Sever Soul"],"picked":"Iron Wave","floor":8},{"not_picked":["Sword Boomerang","Dropkick"],"picked":"Perfected Strike","floor":11},{"not_picked":["Sentinel","Heavy Blade"],"picked":"Twin Strike","floor":12},{"not_picked":["Sever Soul","Carnage"],"picked":"Cleave","floor":13},{"not_picked":["Searing Blow","Inflame"],"picked":"Cleave","floor":14},{"not_picked":["Immolate","Barricade"],"picked":"Double Tap","floor":16},{"not_picked":["Whirlwind","Clash"],"picked":"Ghostly Armor","floor":17},{"not_picked":["Iron Wave","Combust"],"picked":"Wild Strike","floor":17},{"not_picked":["Headbutt","Clash"],"picked":"Flame Barrier","floor":17},{"not_picked":["Dual Wield","Pummel"],"picked":"Body Slam","floor":17},{"not_picked":["Heavy Blade","Infernal Blade"],"picked":"Anger","floor":17},{"not_picked":["Warcry","Feel No Pain","Body Slam"],"picked":"SKIP","floor":18},{"not_picked":["Berserk","Dual Wield","Headbutt"],"picked":"SKIP","floor":23},{"not_picked":["Heavy Blade","Pommel Strike"],"picked":"Twin Strike+1","floor":24},{"not_picked":["Corruption","Searing Blow+1","Clash+1"],"picked":"SKIP","floor":29},{"not_picked":["Warcry","Headbutt"],"picked":"Wild Strike","floor":31},{"not_picked":["Cleave","Clothesline+1"],"picked":"Shrug It Off","floor":35},{"not_picked":["Uppercut","Headbutt"],"picked":"Twin Strike+1","floor":38}],"player_experience":1124398,"relics_obtained":[{"floor":11,"key":"Tiny Chest"},{"floor":14,"key":"Meat on the Bone"},{"floor":23,"key":"Self Forming Clay"},{"floor":26,"key":"Red Skull"},{"floor":37,"key":"StoneCalendar"},{"floor":39,"key":"Vajra"}],"event_choices":[{"damage_healed":0,"gold_gain":0,"player_choice":"Success","damage_taken":3,"relics_obtained":["Torii"],"max_hp_gain":0,"max_hp_loss":0,"event_name":"Scrap Ooze","floor":3,"gold_loss":0},{"cards_removed":["Defend_R"],"damage_healed":0,"gold_gain":0,"player_choice":"Card Removal","damage_taken":7,"max_hp_gain":0,"max_hp_loss":0,"event_name":"Golden Wing","floor":4,"gold_loss":0},{"damage_healed":0,"gold_gain":175,"player_choice":"AGREE","damage_taken":0,"max_hp_gain":0,"max_hp_loss":0,"event_name":"Liars Game","floor":5,"gold_loss":0,"cards_obtained":["Doubt"]},{"damage_healed":0,"gold_gain":0,"player_choice":"Entered Light","damage_taken":18,"max_hp_gain":0,"max_hp_loss":0,"event_name":"Shining Light","floor":10,"gold_loss":0,"cards_upgraded":["Bash","Defend_R"]},{"damage_healed":0,"gold_gain":0,"player_choice":"Shed Blood","damage_taken":22,"max_hp_gain":5,"max_hp_loss":0,"event_name":"Forgotten Altar","floor":19,"gold_loss":0},{"damage_healed":0,"gold_gain":99,"player_choice":"Stole From Cult","damage_taken":0,"max_hp_gain":0,"max_hp_loss":0,"event_name":"Nest","floor":20,"gold_loss":0},{"damage_healed":0,"gold_gain":0,"player_choice":"Read","damage_taken":0,"max_hp_gain":0,"max_hp_loss":0,"event_name":"The Library","floor":21,"gold_loss":0,"cards_obtained":["Perfected Strike"]},{"damage_healed":0,"gold_gain":0,"player_choice":"Obtained Relic","damage_taken":0,"relics_obtained":["Bird Faced Urn"],"max_hp_gain":0,"max_hp_loss":0,"event_name":"Addict","floor":28,"gold_loss":85},{"damage_healed":0,"gold_gain":0,"player_choice":"Ignored","damage_taken":0,"max_hp_gain":0,"max_hp_loss":0,"event_name":"Tomb of Lord Red Mask","floor":36,"gold_loss":0},{"damage_healed":0,"gold_gain":0,"player_choice":"Fight","damage_taken":0,"max_hp_gain":0,"max_hp_loss":0,"event_name":"Mysterious Sphere","floor":37,"gold_loss":0}],"is_beta":false,"boss_relics":[{"not_picked":["Black Star","Astrolabe"],"picked":"Orrery"},{"not_picked":["Runic Dome","Coffee Dripper","Pandora\u0027s Box"]}],"items_purged_floors":[],"is_endless":false,"potions_floor_spawned":[1,2,8,14,16,23,24,33,35,37],"killed_by":"Nemesis","ascension_level":0}