{"gold_per_floor":[118,137,147,157,177,212,224,253,317,329,341,366,378,422,434,546,558,581,607,619,645,42,72,100,100,151,169,169,169,179,22,22,120,120,134,152,197,34,34,34,34,69,69,7,7,7,27,27,27,27],"floor_reached":50,"playtime":5285,"items_purged":[],"score":652,"play_id":"b1ad50b4-e91d-4e31-95b9-0645bdec2e00","local_time":"20180820074207","is_ascension_mode":true,"campfire_choices":[{"data":"Cloak And Dagger","floor":7.0,"key":"SMITH"},{"floor":11.0,"key":"REST"},{"floor":15.0,"key":"REST"},{"data":"Tactician","floor":29.0,"key":"SMITH"},{"floor":32.0,"key":"REST"},{"data":"Phantasmal Killer","floor":40.0,"key":"SMITH"},{"data":"Tactician","floor":49.0,"key":"SMITH"}],"neow_cost":"","seed_source_timestamp":0,"circlet_count":0,"master_deck":["Defend_G","Defend_G","Defend_G","Strike_G","Strike_G","Strike_G","Survivor","Neutralize","Dagger Spray","Cloak And Dagger","Underhanded Strike","Dagger Throw","Dagger Throw+1","Cloak And Dagger+1","Tactician+1","Underhanded Strike","Cloak And Dagger+1","Tools of the Trade","Terror","Acrobatics","Quick Slash+1","Blur","Tactician+1","Flying Knee+1","Backflip","Flying Knee","Tools of the Trade+1","Phantasmal Killer+1","Poisoned Stab+1","Underhanded Strike","Sucker Punch+1","Mayhem+1","Madness","Madness","Choke","Blur","Tactician+1"],"special_seed":0,"relics":["Ring of the Snake","MawBank","Whetstone","The Courier","Sundial","Empty Cage","Ninja Scroll","Vajra","Mercury Hourglass","Frozen Egg 2","Red Mask","Boot","DollysMirror","Eternal Feather","Mango","Omamori","Blue Candle"],"potions_floor_usage":[50,50],"damage_taken":[{"damage":0.0,"enemies":"2 Louse","floor":1.0,"turns":3.0},{"damage":1.0,"enemies":"Cultist","floor":2.0,"turns":4.0},{"damage":0.0,"enemies":"Jaw Worm","floor":3.0,"turns":5.0},{"damage":6.0,"enemies":"Blue Slaver","floor":4.0,"turns":4.0},{"damage":4.0,"enemies":"Large Slime","floor":5.0,"turns":8.0},{"damage":26.0,"enemies":"Lagavulin","floor":6.0,"turns":8.0},{"damage":0.0,"enemies":"Looter","floor":8.0,"turns":3.0},{"damage":5.0,"enemies":"Blue Slaver","floor":12.0,"turns":4.0},{"damage":9.0,"enemies":"3 Sentries","floor":14.0,"turns":8.0},{"damage":30.0,"enemies":"Hexaghost","floor":16.0,"turns":11.0},{"damage":10.0,"enemies":"2 Thieves","floor":18.0,"turns":4.0},{"damage":0.0,"enemies":"Chosen","floor":19.0,"turns":5.0},{"damage":6.0,"enemies":"3 Cultists","floor":21.0,"turns":5.0},{"damage":16.0,"enemies":"Gremlin Leader","floor":23.0,"turns":4.0},{"damage":0.0,"floor":24.0,"turns":4.0},{"damage":5.0,"enemies":"Snake Plant","floor":27.0,"turns":3.0},{"damage":0.0,"enemies":"Cultist and Chosen","floor":30.0,"turns":4.0},{"damage":51.0,"enemies":"Champ","floor":33.0,"turns":9.0},{"damage":0.0,"enemies":"Orb Walker","floor":35.0,"turns":3.0},{"damage":7.0,"enemies":"3 Shapes","floor":36.0,"turns":6.0},{"damage":20.0,"floor":37.0,"turns":5.0},{"damage":54.0,"enemies":"Nemesis","floor":42.0,"turns":5.0},{"damage":0.0,"enemies":"Maw","floor":45.0,"turns":4.0},{"damage":3.0,"enemies":"Flame Bruiser 2 Orb","floor":47.0,"turns":3.0},{"damage":63,"enemies":"Time Eater","floor":50,"turns":5}],"seed_played":"-6644119572095954383","potions_obtained":[{"floor":2.0,"key":"SkillPotion"},{"floor":4.0,"key":"Fruit Juice"},{"floor":8.0,"key":"Weak Potion"},{"floor":10.0,"key":"Fire Potion"},{"floor":10.0,"key":"Strength Potion"},{"floor":14.0,"key":"PowerPotion"},{"floor":18.0,"key":"SpeedPotion"},{"floor":19.0,"key":"SteroidPotion"},{"floor":23.0,"key":"SpeedPotion"},{"floor":33.0,"key":"SmokeBomb"},{"floor":35.0,"key":"SpeedPotion"},{"floor":36.0,"key":"SteroidPotion"},{"floor":42.0,"key":"SpeedPotion"}],"is_trial":false,"path_per_floor":["M","M","M","M","M","E","R","M","T","?","R","M","T","E","R","B",null,"M","M","?","M","$","E","?","?","T","M","?","R","M","$","R","B",null,"M","M","?","$","?","R","?","E","T","$","M","?","M","$","R"],"character_chosen":"THE_SILENT","items_purchased":["Ninja Scroll","Vajra","Mercury Hourglass","Blur","DollysMirror","Mayhem+1","Blur"],"campfire_rested":3,"item_purchase_floors":[22,22,22,22,31,38,44],"current_hp_per_floor":[70,69,69,63,64,38,38,38,38,38,60,55,55,46,68,38,75,65,65,65,59,59,43,43,43,43,38,38,38,38,38,60,9,75,75,68,62,62,62,80,69,15,15,15,15,78,75,75,78,15],"gold":27,"neow_bonus":"","is_prod":false,"is_daily":false,"chose_seed":false,"campfire_upgraded":4,"win_rate":0,"timestamp":1534768927,"path_taken":["M","M","M","M","M","E","R","M","T","?","R","M","?","E","R","BOSS","M","M","?","M","$","E","?","?","T","?","?","R","M","?","R","BOSS","M","M","?","$","?","R","?","E","T","$","M","?","?","?","R","BOSS"],"build_version":"2018-08-16","purchased_purges":0,"victory":false,"max_hp_per_floor":[70,70,70,70,75,75,75,75,75,75,75,75,75,75,75,75,75,75,75,75,75,75,75,75,75,75,75,75,75,75,75,75,75,75,75,75,89,89,89,89,89,89,89,89,89,78,78,78,78,78],"card_choices":[{"not_picked":["Dash","Blade Dance"],"picked":"Dagger Spray","floor":1.0},{"not_picked":["Blade Dance","Outmaneuver"],"picked":"Cloak And Dagger","floor":2.0},{"not_picked":["Sucker Punch","Deadly Poison"],"picked":"Underhanded Strike","floor":3.0},{"not_picked":["Caltrops","Wraith Form v2"],"picked":"Dagger Throw","floor":4.0},{"not_picked":["Riddle With Holes","Catalyst"],"picked":"Dagger Throw","floor":5.0},{"not_picked":["Slice","Underhanded Strike"],"picked":"Cloak And Dagger","floor":6.0},{"not_picked":["Blur","Acrobatics"],"picked":"Tactician","floor":8.0},{"not_picked":["Bouncing Flask","Predator"],"picked":"Underhanded Strike","floor":12.0},{"not_picked":["Underhanded Strike","Flying Knee"],"picked":"Cloak And Dagger","floor":14.0},{"not_picked":["Adrenaline","Malaise"],"picked":"Tools of the Trade","floor":16.0},{"not_picked":["Deadly Poison","Choke"],"picked":"Terror","floor":18.0},{"not_picked":["Dodge and Roll","Poisoned Stab"],"picked":"Acrobatics","floor":19.0},{"not_picked":["Deadly Poison","Infinite Blades"],"picked":"Quick Slash+1","floor":21.0},{"not_picked":["Distraction","Slice"],"picked":"Tactician","floor":23.0},{"not_picked":["Terror","Backflip"],"picked":"Flying Knee+1","floor":24.0},{"not_picked":["Dagger Spray","Flying Knee"],"picked":"Backflip","floor":27.0},{"not_picked":["Bouncing Flask","Slice"],"picked":"Flying Knee","floor":30.0},{"not_picked":["Night Terror","Die Die Die"],"picked":"Phantasmal Killer","floor":33.0},{"not_picked":["Flying Knee","Outmaneuver+1"],"picked":"Poisoned Stab+1","floor":35.0},{"not_picked":["Bane","Blade Dance+1"],"picked":"Underhanded Strike","floor":36.0},{"not_picked":["Dodge and Roll+1","Outmaneuver"],"picked":"Sucker Punch+1","floor":37.0},{"not_picked":["Flying Knee+1","Prepared"],"picked":"Choke","floor":42.0},{"not_picked":["Calculated Gamble+1","Bullet Time"],"picked":"Tactician+1","floor":47.0}],"player_experience":515549,"relics_obtained":[{"floor":6.0,"key":"MawBank"},{"floor":9.0,"key":"Whetstone"},{"floor":13.0,"key":"The Courier"},{"floor":14.0,"key":"Sundial"},{"floor":23.0,"key":"Frozen Egg 2"},{"floor":24.0,"key":"Red Mask"},{"floor":26.0,"key":"Boot"},{"floor":37.0,"key":"Mango"},{"floor":42.0,"key":"Omamori"},{"floor":43.0,"key":"Blue Candle"}],"event_choices":[{"event_name":"The Lab","player_choice":"Got Potions","floor":10.0,"damage_taken":0.0},{"event_name":"Vampires","player_choice":"Ignored","floor":20.0,"damage_taken":0.0},{"event_name":"Masked Bandits","player_choice":"Fought Bandits","floor":24.0,"damage_taken":0.0},{"event_name":"Bonfire Elementals","player_choice":"BASIC","floor":25.0,"damage_taken":0.0},{"event_name":"Upgrade Shrine","player_choice":"Upgraded","floor":28.0,"damage_taken":0.0},{"event_name":"Mysterious Sphere","player_choice":"Fight","floor":37.0,"damage_taken":0.0},{"event_name":"Falling","player_choice":"Removed Skill","floor":39.0,"damage_taken":0.0},{"event_name":"Winding Halls","player_choice":"Embrace Madness","floor":41.0,"damage_taken":0.0},{"event_name":"The Moai Head","player_choice":"Heal","floor":46.0,"damage_taken":0.0}],"is_beta":false,"boss_relics":[{"not_picked":["HoveringKite","White Beast Statue"],"picked":"Empty Cage"},{"not_picked":["Runic Dome","Velvet Choker"],"picked":"Eternal Feather"}],"items_purged_floors":[],"is_endless":false,"potions_floor_spawned":[2,4,8,14,18,19,23,33,35,36,42],"killed_by":"Time Eater","ascension_level":4}