{"gold_per_floor":[119,119,44,62,78,78,106,163,163,128,163,163,192,209,209,311,311,323,323,55,69,85,118,55,67,79,91,23,56,67,86,86,182,182,201,214,88,105,105,139,139,169,194,194,208,208,219,17,17,17],"floor_reached":51,"playtime":3881,"items_purged":["Regret","Strike_B"],"score":922,"play_id":"44420939-93b9-4d94-86a4-f8f167daf02f","local_time":"20180803112718","is_ascension_mode":true,"campfire_choices":[{"data":"Capacitor","floor":6,"key":"SMITH"},{"data":"Defragment","floor":12,"key":"SMITH"},{"data":"Zap","floor":15,"key":"SMITH"},{"data":"Steam Power","floor":27,"key":"SMITH"},{"floor":32,"key":"REST"},{"floor":41,"key":"REST"},{"floor":44,"key":"REST"},{"data":"Meteor Strike","floor":49,"key":"SMITH"}],"neow_cost":"CURSE","seed_source_timestamp":3264217086012015,"circlet_count":0,"master_deck":["Strike_B","Defend_B","Defend_B","Defend_B","Defend_B","Zap+1","Dualcast","Glacier","Compile Driver","Capacitor+1","Ball Lightning","Defragment+1","Steam Power+1","Ball Lightning","Auto Shields","Electrodynamics","Fusion+1","Loop","Sunder+1","Doom and Gloom","Conserve Battery","Turbo","Cold Snap","Meteor Strike+1","Compile Driver+1","Leap","Machine Learning","Turbo+1","Madness","Madness","Amplify","Defragment+1"],"relics":["Cracked Core","Symbiotic Virus","Unceasing Top","The Courier","Bottled Lightning","Bronze Scales","Inserter","Pantograph","Cables","MawBank","Mango","Bird Faced Urn","Nuclear Battery","Anchor","Calipers","Blue Candle","Lantern","DollysMirror"],"potions_floor_usage":[11,16,21,23,23,25,25,25,25,29,40,40,42,50,50],"damage_taken":[{"damage":7,"enemies":"2 Louse","floor":1,"turns":3},{"damage":0,"enemies":"Cultist","floor":4,"turns":4},{"damage":0,"enemies":"Jaw Worm","floor":5,"turns":3},{"damage":11,"enemies":"3 Sentries","floor":7,"turns":8},{"damage":17,"enemies":"Lagavulin Event","floor":8,"turns":5},{"damage":0,"enemies":"Gremlin Nob","floor":11,"turns":2},{"damage":0,"enemies":"Lagavulin","floor":13,"turns":6},{"damage":0,"enemies":"Large Slime","floor":14,"turns":3},{"damage":35,"enemies":"Hexaghost","floor":16,"turns":6},{"damage":8,"enemies":"Spheric Guardian","floor":18,"turns":3},{"damage":0,"enemies":"3 Byrds","floor":21,"turns":2},{"damage":8,"enemies":"Snake Plant","floor":22,"turns":3},{"damage":0,"enemies":"Gremlin Leader","floor":23,"turns":4},{"damage":0,"enemies":"Slaver and Parasite","floor":25,"turns":1},{"damage":38,"enemies":"Slavers","floor":29,"turns":3},{"damage":9,"enemies":"Cultist and Chosen","floor":30,"turns":5},{"damage":20,"enemies":"Snake Plant","floor":31,"turns":3},{"damage":55,"enemies":"Champ","floor":33,"turns":10},{"damage":14,"enemies":"Orb Walker","floor":35,"turns":3},{"damage":2,"enemies":"3 Shapes","floor":36,"turns":3},{"damage":19,"enemies":"Sphere and 2 Shapes","floor":38,"turns":3},{"damage":53,"enemies":"Giant Head","floor":40,"turns":8},{"damage":31,"enemies":"Nemesis","floor":42,"turns":7},{"damage":3,"enemies":"Transient","floor":45,"turns":5},{"damage":8,"enemies":"4 Shapes","floor":47,"turns":5},{"damage":56,"enemies":"Donu and Deca","floor":50,"turns":8}],"seed_played":"-738796528403362951","potions_obtained":[{"floor":1,"key":"AttackPotion"},{"floor":8,"key":"SkillPotion"},{"floor":13,"key":"SteroidPotion"},{"floor":16,"key":"EntropicBrew"},{"floor":18,"key":"EntropicBrew"},{"floor":21,"key":"Explosive Potion"},{"floor":33,"key":"Explosive Potion"},{"floor":36,"key":"PowerPotion"},{"floor":38,"key":"Block Potion"},{"floor":40,"key":"AttackPotion"},{"floor":47,"key":"Swift Potion"}],"is_trial":false,"path_per_floor":["M","?","$","M","M","R","E","?","T","?","E","R","E","M","R","B",null,"M","?","$","M","M","E","?","M","T","R","$","E","M","M","R","B",null,"M","M","$","M","?","E","R","E","T","R","M","?","M","$","R","B"],"character_chosen":"DEFECT","items_purchased":["Cables","Loop","Anchor","DollysMirror","PowerPotion"],"campfire_rested":3,"item_purchase_floors":[20,20,37,48,48],"current_hp_per_floor":[82,75,75,75,75,75,64,47,47,69,69,69,69,69,69,34,89,81,81,81,81,73,73,73,73,87,87,87,58,57,43,73,53,103,93,97,97,84,84,55,85,64,64,94,99,86,88,88,88,51],"gold":17,"neow_bonus":"TWENTY_PERCENT_HP_BONUS","is_prod":false,"is_daily":false,"chose_seed":false,"campfire_upgraded":5,"win_rate":0,"timestamp":1533313638,"path_taken":["M","?","$","M","M","R","E","?","T","?","E","R","E","?","R","BOSS","M","?","$","?","M","E","?","?","T","R","$","E","M","M","R","BOSS","M","M","$","M","?","E","R","E","T","R","M","?","M","$","R","BOSS"],"build_version":"2018-08-02","purchased_purges":2,"victory":true,"max_hp_per_floor":[89,89,89,89,89,89,89,89,89,89,89,89,89,89,89,89,89,89,89,89,89,89,89,89,89,103,103,103,103,103,103,103,103,103,103,103,103,103,103,103,103,103,103,103,103,103,103,103,103,103],"card_choices":[{"not_picked":["Beam Cell","Steam"],"picked":"Glacier","floor":1},{"not_picked":["Double Energy","Leap"],"picked":"Compile Driver","floor":4},{"not_picked":["Rebound","Hologram"],"picked":"Capacitor","floor":5},{"not_picked":["Core Surge","Compile Driver"],"picked":"Ball Lightning","floor":7},{"not_picked":["Go for the Eyes","Redo"],"picked":"Defragment","floor":8},{"not_picked":["Force Field","Blizzard"],"picked":"Steam Power","floor":11},{"not_picked":["Steam Power","Aggregate"],"picked":"Ball Lightning","floor":13},{"not_picked":["Reprogram","Sweeping Beam"],"picked":"Auto Shields","floor":14},{"not_picked":["All For One","Reboot"],"picked":"Electrodynamics","floor":16},{"not_picked":["Rip and Tear+1","Auto Shields+1"],"picked":"Fusion+1","floor":18},{"not_picked":["Hologram","Redo"],"picked":"Sunder+1","floor":21},{"not_picked":["White Noise+1","Redo+1"],"picked":"Doom and Gloom","floor":22},{"not_picked":["Gash","Heatsinks"],"picked":"Conserve Battery","floor":23},{"not_picked":["Recycle","Stack"],"picked":"Electrodynamics","floor":29},{"not_picked":["Lockon","Streamline"],"picked":"Turbo","floor":30},{"not_picked":["Compile Driver","Beam Cell+1"],"picked":"Cold Snap","floor":31},{"not_picked":["Fission","Multi-Cast"],"picked":"Meteor Strike","floor":33},{"not_picked":["Redo","Fusion"],"picked":"Compile Driver+1","floor":35},{"not_picked":["Rebound+1","Genetic Algorithm+1","Coolheaded"],"picked":"SKIP","floor":36},{"not_picked":["Streamline","Compile Driver"],"picked":"Leap","floor":38},{"not_picked":["Ball Lightning","Recycle"],"picked":"Machine Learning","floor":40},{"not_picked":["Genetic Algorithm","Gash+1"],"picked":"Turbo+1","floor":42},{"not_picked":["Force Field","Lockon+1","Melter"],"picked":"SKIP","floor":45},{"not_picked":["Turbo+1","Beam Cell+1"],"picked":"Amplify","floor":47}],"player_experience":427290,"relics_obtained":[{"floor":7,"key":"Symbiotic Virus"},{"floor":8,"key":"Unceasing Top"},{"floor":9,"key":"The Courier"},{"floor":11,"key":"Bottled Lightning"},{"floor":13,"key":"Bronze Scales"},{"floor":23,"key":"MawBank"},{"floor":26,"key":"Mango"},{"floor":29,"key":"Bird Faced Urn"},{"floor":40,"key":"Calipers"},{"floor":42,"key":"Blue Candle"},{"floor":43,"key":"Lantern"}],"event_choices":[{"event_name":"Golden Wing","player_choice":"Card Removal","floor":2,"damage_taken":0},{"event_name":"Dead Adventurer","player_choice":"Searched \u00271\u0027 times","floor":8,"damage_taken":0},{"event_name":"The Cleric","player_choice":"Healed","floor":10,"damage_taken":0},{"event_name":"Accursed Blacksmith","player_choice":"Rummage","floor":19,"damage_taken":0},{"event_name":"Beggar","player_choice":"Gave Gold","floor":24,"damage_taken":0},{"event_name":"Falling","player_choice":"Removed Power","floor":39,"damage_taken":0},{"event_name":"Winding Halls","player_choice":"Embrace Madness","floor":46,"damage_taken":0}],"is_beta":false,"boss_relics":[{"not_picked":["Tiny House","Runic Pyramid"],"picked":"Inserter"},{"not_picked":["Orrery","Coffee Dripper"],"picked":"Nuclear Battery"}],"items_purged_floors":[3,28],"is_endless":false,"potions_floor_spawned":[1,8,13,16,18,21,25,33,36,38,40,47],"ascension_level":2}