{"gold_per_floor":[118,118,137,212,58,58,79,104,177,221,44,80,104,129,129,227,227,252,252,167,190,190,190,213,213,290,303,303,303],"floor_reached":29,"playtime":1781,"items_purged":[],"score":425,"play_id":"7e321a77-3d9a-4d27-9eb3-27a4be4bebab","local_time":"20181003102433","is_ascension_mode":true,"campfire_choices":[{"data":"Flash of Steel","floor":6.0,"key":"SMITH"},{"floor":15.0,"key":"REST"},{"data":"Perfected Strike","floor":23,"key":"SMITH"},{"data":"Thunderclap","floor":25,"key":"SMITH"},{"floor":28,"key":"REST"}],"neow_cost":"","seed_source_timestamp":0,"circlet_count":0,"master_deck":["Strike_R","Strike_R","Strike_R","Strike_R","Strike_R","Defend_R","Defend_R","Defend_R","Defend_R","Bash","AscendersBane","Headbutt","Flash of Steel+1","Shrug It Off","Immolate","Shrug It Off","Thunderclap+1","Twin Strike","Armaments","Perfected Strike+1","Pommel Strike","Reaper","Pommel Strike","Wild Strike","Power Through","Pommel Strike","Writhe","Iron Wave","Pommel Strike","Rage+1"],"special_seed":0,"relics":["Burning Blood","Golden Idol","Bottled Lightning","Pen Nib","Bag of Marbles","Dead Branch","Orrery","Mango","Shuriken","Ornamental Fan","Question Card"],"potions_floor_usage":[],"damage_taken":[{"damage":12.0,"enemies":"Small Slimes","floor":1.0,"turns":3.0},{"damage":0.0,"enemies":"2 Louse","floor":3.0,"turns":3.0},{"damage":1.0,"enemies":"Cultist","floor":7.0,"turns":3.0},{"damage":7.0,"enemies":"2 Fungi Beasts","floor":8.0,"turns":3.0},{"damage":24.0,"enemies":"Lagavulin","floor":10.0,"turns":6.0},{"damage":5.0,"enemies":"Gremlin Nob","floor":12.0,"turns":3.0},{"damage":0.0,"enemies":"3 Louse","floor":13.0,"turns":2.0},{"damage":11.0,"enemies":"Large Slime","floor":14.0,"turns":4.0},{"damage":55,"enemies":"Hexaghost","floor":16,"turns":7},{"damage":11,"enemies":"Chosen","floor":18,"turns":4},{"damage":18,"enemies":"Shell Parasite","floor":21,"turns":4},{"damage":24,"enemies":"Sentry and Sphere","floor":24,"turns":4},{"damage":26,"enemies":"3 Cultists","floor":27,"turns":5},{"damage":51,"enemies":"Book of Stabbing","floor":29,"turns":5}],"seed_played":"2148822628622733914","potions_obtained":[{"floor":1.0,"key":"FairyPotion"},{"floor":7.0,"key":"SpeedPotion"},{"floor":12.0,"key":"Regen Potion"},{"floor":18,"key":"SpeedPotion"}],"is_trial":false,"path_per_floor":["M","?","M","?","$","R","M","M","T","E","$","E","M","M","R","B",null,"M","?","?","M","?","R","M","R","T","M","R"],"character_chosen":"IRONCLAD","items_purchased":["Flash of Steel","Shrug It Off","Bag of Marbles","Twin Strike"],"campfire_rested":2,"item_purchase_floors":[5,5,11,11],"current_hp_per_floor":[62,44,50,39,39,39,44,43,43,25,25,26,32,39,61,12,59,60,74,74,62,62,62,44,44,44,24,50,7],"gold":303,"neow_bonus":"","is_prod":false,"is_daily":false,"chose_seed":false,"campfire_upgraded":3,"win_rate":0,"timestamp":1538580273,"path_taken":["M","?","M","?","?","R","M","?","T","E","$","E","M","M","R","BOSS","M","?","?","?","?","R","M","R","T","M","R","E"],"build_version":"2018-09-27","purchased_purges":0,"victory":false,"max_hp_per_floor":[75,75,75,75,75,75,75,75,75,75,75,75,75,75,75,75,75,75,89,89,89,89,89,89,89,89,89,89,89],"card_choices":[{"not_picked":["Bloodletting","Burning Pact","Havoc"],"picked":"SKIP","floor":1.0},{"not_picked":["Twin Strike","Thunderclap"],"picked":"Headbutt","floor":3.0},{"not_picked":["Pommel Strike","Sword Boomerang"],"picked":"Immolate","floor":7.0},{"not_picked":["Searing Blow","Wild Strike"],"picked":"Shrug It Off","floor":8.0},{"not_picked":["Sword Boomerang","Corruption"],"picked":"Thunderclap","floor":10.0},{"not_picked":["Dark Embrace","Reckless Charge"],"picked":"Armaments","floor":12.0},{"not_picked":["True Grit","Heavy Blade"],"picked":"Perfected Strike","floor":13.0},{"not_picked":["Warcry","Armaments"],"picked":"Pommel Strike","floor":14.0},{"not_picked":["Double Tap","Exhume"],"picked":"Reaper","floor":16},{"not_picked":["Cleave","Iron Wave"],"picked":"Pommel Strike","floor":17},{"not_picked":["Body Slam","Spot Weakness"],"picked":"Wild Strike","floor":17},{"not_picked":["Dropkick","Headbutt"],"picked":"Power Through","floor":17},{"not_picked":["Infernal Blade","Headbutt"],"picked":"Pommel Strike","floor":17},{"not_picked":["Flex","Shrug It Off"],"picked":"Headbutt","floor":17},{"not_picked":["Heavy Blade","Sword Boomerang","Disarm"],"picked":"SKIP","floor":18},{"not_picked":["Armaments","Second Wind"],"picked":"Iron Wave","floor":21},{"not_picked":["Juggernaut","Evolve"],"picked":"Pommel Strike","floor":24},{"not_picked":["Havoc","Whirlwind","Infernal Blade"],"picked":"Rage+1","floor":27}],"player_experience":686143,"relics_obtained":[{"floor":9.0,"key":"Bottled Lightning"},{"floor":10.0,"key":"Pen Nib"},{"floor":12.0,"key":"Dead Branch"},{"floor":26,"key":"Question Card"}],"event_choices":[{"event_name":"Golden Idol","player_choice":"Take Damage","floor":2.0,"damage_taken":0.0},{"event_name":"World of Goop","player_choice":"Gather Gold","floor":4.0,"damage_taken":0.0},{"event_name":"The Mausoleum","player_choice":"Yes","floor":19,"damage_taken":0},{"event_name":"Addict","player_choice":"Obtained Relic","floor":20,"damage_taken":0},{"event_name":"WeMeetAgain","player_choice":"Card","floor":22,"damage_taken":0}],"is_beta":false,"boss_relics":[{"not_picked":["Philosopher\u0027s Stone","Runic Dome"],"picked":"Orrery"}],"items_purged_floors":[],"is_endless":false,"potions_floor_spawned":[1,7,12,13,18,27],"killed_by":"Book of Stabbing","ascension_level":14}