{"gold_per_floor":[109,109,109,127,145,145,188,188,188,188,227,242,242,285,285,409,409,427,26,26,26,65,65,88,88,88,88,88,88,88,104,104,199,199,214,214,214,32,46,78,78,90,117,129,161,34,34,47,47,47],"floor_reached":51,"playtime":3184,"items_purged":[],"score":814,"play_id":"8384b92b-8510-4b80-be72-7bb23a82c9ea","local_time":"20180831111945","is_ascension_mode":true,"campfire_choices":[{"data":"Armaments","floor":6.0,"key":"SMITH"},{"data":"Bash","floor":8.0,"key":"SMITH"},{"data":"Perfected Strike","floor":10.0,"key":"SMITH"},{"data":"Perfected Strike","floor":13.0,"key":"SMITH"},{"data":"Spot Weakness","floor":15.0,"key":"SMITH"},{"data":"Limit Break","floor":23.0,"key":"SMITH"},{"data":"Pommel Strike","floor":25.0,"key":"SMITH"},{"data":"Thunderclap","floor":27.0,"key":"SMITH"},{"data":"Perfected Strike","floor":32.0,"key":"SMITH"},{"floor":41,"key":"REST"},{"data":"Flex","floor":44,"key":"SMITH"},{"data":"Shrug It Off","floor":47,"key":"SMITH"},{"data":"Panacea","floor":49,"key":"SMITH"}],"neow_cost":"NONE","seed_source_timestamp":0,"circlet_count":0,"master_deck":["Strike_R","Strike_R","Strike_R","Strike_R","Strike_R","Defend_R","Defend_R","Defend_R","Bash+1","Perfected Strike+1","Shrug It Off","Armaments+1","Armaments","Perfected Strike+1","Spot Weakness+1","Flex","Limit Break+1","Thunderclap+1","Pommel Strike+1","Flex+1","Pommel Strike","Perfected Strike+1","Demon Form+1","Flex+1","Bandage Up","Wild Strike","Inflame+1","Panacea+1","Heavy Blade+1","Metallicize+1","Ghostly Armor","Iron Wave","Wild Strike","Wild Strike","Inflame+1","Shrug It Off+1","Twin Strike+1"],"special_seed":0,"relics":["Burning Blood","Bloody Idol","Dodecahedron","Frozen Egg 2","Dream Catcher","Vajra","Mark of Pain","Kunai","Pen Nib","Red Mask","Smiling Mask","Question Card","Eternal Feather","Letter Opener","MawBank"],"potions_floor_usage":[50,50],"damage_taken":[{"damage":0.0,"enemies":"2 Louse","floor":1.0,"turns":4.0},{"damage":12.0,"enemies":"Jaw Worm","floor":4.0,"turns":3.0},{"damage":0.0,"enemies":"Cultist","floor":5.0,"turns":2.0},{"damage":19.0,"enemies":"3 Sentries","floor":7.0,"turns":10.0},{"damage":16.0,"enemies":"Lagavulin","floor":11.0,"turns":8.0},{"damage":0.0,"enemies":"Exordium Wildlife","floor":12.0,"turns":4.0},{"damage":22.0,"enemies":"3 Sentries","floor":14.0,"turns":8.0},{"damage":22.0,"enemies":"Slime Boss","floor":16.0,"turns":10.0},{"damage":8.0,"enemies":"Shell Parasite","floor":18.0,"turns":3.0},{"damage":22.0,"enemies":"Masked Bandits","floor":22.0,"turns":4.0},{"damage":0.0,"enemies":"Spheric Guardian","floor":24.0,"turns":3.0},{"damage":11.0,"enemies":"Centurion and Healer","floor":31.0,"turns":3.0},{"damage":30.0,"enemies":"Collector","floor":33.0,"turns":6.0},{"damage":12.0,"enemies":"3 Shapes","floor":35.0,"turns":4.0},{"damage":40,"enemies":"Orb Walker","floor":39,"turns":4},{"damage":60,"enemies":"Nemesis","floor":40,"turns":3},{"damage":14,"enemies":"Spire Growth","floor":42,"turns":4},{"damage":14,"enemies":"4 Shapes","floor":45,"turns":5},{"damage":21,"enemies":"Maw","floor":48,"turns":6},{"damage":92,"enemies":"Time Eater","floor":50,"turns":9}],"seed_played":"-3677890126187720522","potions_obtained":[{"floor":1.0,"key":"LiquidBronze"},{"floor":7.0,"key":"SpeedPotion"},{"floor":11.0,"key":"FearPotion"},{"floor":12.0,"key":"Ancient Potion"},{"floor":22.0,"key":"Ancient Potion"},{"floor":33.0,"key":"SpeedPotion"},{"floor":35.0,"key":"Dexterity Potion"},{"floor":45,"key":"Strength Potion"}],"is_trial":false,"path_per_floor":["M","?","?","M","M","R","E","R","T","R","E","M","R","E","R","B",null,"M","$","?","?","?","R","M","R","T","R","?","$","T","M","R","B",null,"M","?","?","$","M","E","R","M","T","R","M","$","R","M","R","B"],"character_chosen":"IRONCLAD","items_purchased":["Kunai","Pen Nib","Wild Strike","Inflame+1","Panacea","Wild Strike","Inflame+1","Shrug It Off"],"campfire_rested":1,"item_purchase_floors":[19,19,38,38,38,46,46,46],"current_hp_per_floor":[88,93,70,64,70,70,57,57,57,57,47,53,53,37,37,21,93,91,91,91,91,75,75,81,81,81,81,81,81,81,81,81,62,93,92,92,92,92,67,18,63,64,69,92,93,93,93,83,93,11],"gold":47,"neow_bonus":"TEN_PERCENT_HP_BONUS","is_prod":false,"is_daily":false,"chose_seed":false,"campfire_upgraded":12,"win_rate":0,"timestamp":1535732385,"path_taken":["M","?","?","M","M","R","E","R","T","R","E","M","R","E","R","BOSS","M","$","?","?","?","R","?","R","T","R","?","$","?","M","R","BOSS","M","?","?","$","M","E","R","M","T","R","M","$","R","M","R","BOSS"],"build_version":"2018-08-30","purchased_purges":0,"victory":true,"max_hp_per_floor":[88,93,93,93,93,93,93,93,93,93,93,93,93,93,93,93,93,93,93,93,93,93,93,93,93,93,93,93,93,93,93,93,93,93,93,93,93,93,93,93,93,93,93,93,93,93,93,93,93,93],"card_choices":[{"not_picked":["Intimidate","Cleave"],"picked":"Perfected Strike","floor":1.0},{"not_picked":["Spot Weakness","Sentinel"],"picked":"Shrug It Off","floor":4.0},{"not_picked":["Carnage","Burning Pact"],"picked":"Armaments","floor":5.0},{"not_picked":["Sentinel","Warcry"],"picked":"Armaments","floor":7.0},{"not_picked":["Barricade+1","Iron Wave"],"picked":"Perfected Strike","floor":11.0},{"not_picked":["Inflame+1","Havoc"],"picked":"Spot Weakness","floor":12.0},{"not_picked":["Anger","Cleave"],"picked":"Flex","floor":14.0},{"not_picked":["Exhume","Impervious"],"picked":"Limit Break","floor":16.0},{"not_picked":["Warcry","Combust+1"],"picked":"Thunderclap","floor":18.0},{"not_picked":["Warcry","Carnage+1"],"picked":"Flex+1","floor":22.0},{"not_picked":["Shrug It Off","Rampage"],"picked":"Pommel Strike","floor":24.0},{"not_picked":["Searing Blow","Dual Wield","Warcry+1"],"picked":"Perfected Strike","floor":31.0},{"not_picked":["Dark Embrace+1","Reaper","Barricade+1"],"picked":"Demon Form+1","floor":33.0},{"not_picked":["Pummel+1","Clash+1","Clothesline"],"picked":"Flex","floor":35.0},{"not_picked":["Purity","PanicButton","Thinking Ahead"],"picked":"Bandage Up","floor":36.0},{"not_picked":["Dual Wield+1","Evolve+1","Havoc+1"],"picked":"Heavy Blade+1","floor":39},{"not_picked":["Evolve+1","Sword Boomerang+1","Disarm"],"picked":"Metallicize+1","floor":40},{"not_picked":["Anger+1","Thunderclap","Body Slam+1"],"picked":"Ghostly Armor","floor":41},{"not_picked":["Blood for Blood+1","Cleave","Clothesline+1"],"picked":"Iron Wave","floor":42},{"not_picked":["Thunderclap+1","Entrench+1","Cleave"],"picked":"Wild Strike","floor":45},{"not_picked":["Thunderclap+1","Second Wind+1","Dark Embrace+1"],"picked":"Twin Strike+1","floor":48}],"player_experience":563706,"relics_obtained":[{"floor":7.0,"key":"Dodecahedron"},{"floor":9.0,"key":"Frozen Egg 2"},{"floor":11.0,"key":"Dream Catcher"},{"floor":14.0,"key":"Vajra"},{"floor":22.0,"key":"Red Mask"},{"floor":26.0,"key":"Smiling Mask"},{"floor":30.0,"key":"Question Card"},{"floor":40,"key":"Letter Opener"},{"floor":43,"key":"MawBank"}],"event_choices":[{"event_name":"Big Fish","player_choice":"Donut","floor":2.0,"damage_taken":0.0},{"event_name":"Golden Idol","player_choice":"Take Damage","floor":3.0,"damage_taken":0.0},{"event_name":"Ghosts","player_choice":"Ignored","floor":20.0,"damage_taken":0.0},{"event_name":"The Library","player_choice":"Read","floor":21.0,"damage_taken":0.0},{"event_name":"Masked Bandits","player_choice":"Fought Bandits","floor":22.0,"damage_taken":0.0},{"event_name":"Forgotten Altar","player_choice":"Gave Idol","floor":28.0,"damage_taken":0.0},{"event_name":"SensoryStone","player_choice":"Memory 1","floor":36.0,"damage_taken":0.0},{"event_name":"Falling","player_choice":"Removed Skill","floor":37.0,"damage_taken":0.0}],"is_beta":false,"boss_relics":[{"not_picked":["Tiny House","Runic Dome"],"picked":"Mark of Pain"},{"not_picked":["Pandora\u0027s Box","Calling Bell"],"picked":"Eternal Feather"}],"items_purged_floors":[],"is_endless":false,"potions_floor_spawned":[1,7,11,12,22,33,35,45],"ascension_level":3}