{"gold_per_floor":[109,34,54,129,143,174,188,207,207,3,3,33,33,43,43,139,139,154,169,169,250,250,250,125,125,195,223,240,265,280,280,280,380,380,400,412,183,197,145,145,161,177,177,177],"floor_reached":44,"playtime":4469,"items_purged":["Strike_B","Strike_B","Decay","Coolheaded"],"score":430,"play_id":"ccac89ca-343e-4b47-8215-22892fbf4f9f","local_time":"20180724085440","is_ascension_mode":false,"campfire_choices":[{"data":"Genetic Algorithm","floor":13,"key":"SMITH"},{"data":"Fusion","floor":15,"key":"SMITH"},{"data":"Self Repair","floor":23,"key":"SMITH"},{"floor":32,"key":"REST"},{"floor":40,"key":"DIG"}],"neow_cost":"NONE","seed_source_timestamp":2390357454730899,"circlet_count":0,"master_deck":["Strike_B","Strike_B","Defend_B","Defend_B","Defend_B","Defend_B","Zap","Dualcast","Self Repair","Cold Snap","Fusion+1","Static Discharge","Genetic Algorithm+1","Ball Lightning","Self Repair+1","Compile Driver","Reboot","Capacitor","Gash+1","Self Repair","Melter","Thunder Strike","Barrage+1","Hologram+1","Capacitor","Streamline+1","Gash","Sweeping Beam+1","Compile Driver+1"],"relics":["Cracked Core","Orichalcum","Torii","Ornamental Fan","White Beast Statue","Nilry\u0027s Codex","Tiny Chest","Bronze Scales","Darkstone Periapt","Shovel","Bag of Marbles","Nuclear Battery","Anchor","Meat on the Bone"],"potions_floor_usage":[14,16,27,30,33,36,41,42,44,44],"damage_taken":[{"damage":2,"enemies":"2 Louse","floor":1,"turns":4},{"damage":1,"enemies":"Jaw Worm","floor":3,"turns":5},{"damage":0,"enemies":"Small Slimes","floor":5,"turns":4},{"damage":24,"enemies":"Gremlin Nob","floor":6,"turns":5},{"damage":14,"enemies":"3 Louse","floor":7,"turns":5},{"damage":11,"enemies":"Lots of Slimes","floor":8,"turns":3},{"damage":10,"enemies":"Looter","floor":14,"turns":4},{"damage":57,"enemies":"Slime Boss","floor":16,"turns":12},{"damage":11,"enemies":"Spheric Guardian","floor":18,"turns":4},{"damage":21,"enemies":"2 Thieves","floor":19,"turns":5},{"damage":44,"enemies":"Slavers","floor":27,"turns":5},{"damage":16,"enemies":"Snake Plant","floor":28,"turns":4},{"damage":0,"enemies":"Centurion and Healer","floor":30,"turns":7},{"damage":78,"enemies":"Automaton","floor":33,"turns":11},{"damage":14,"enemies":"Flame Bruiser 1 Orb","floor":35,"turns":7},{"damage":20,"enemies":"3 Darklings","floor":36,"turns":6},{"damage":56,"enemies":"Transient","floor":38,"turns":5},{"damage":37,"enemies":"Flame Bruiser 2 Orb","floor":41,"turns":5},{"damage":19,"enemies":"Maw","floor":42,"turns":7},{"damage":37,"enemies":"2 Orb Walkers","floor":44,"turns":4}],"seed_played":"-4908431671624525790","potions_obtained":[{"floor":1,"key":"SkillPotion"},{"floor":3,"key":"Weak Potion"},{"floor":6,"key":"Energy Potion"},{"floor":11,"key":"FairyPotion"},{"floor":11,"key":"Regen Potion"},{"floor":18,"key":"SpeedPotion"},{"floor":19,"key":"EssenceOfSteel"},{"floor":27,"key":"GamblersBrew"},{"floor":28,"key":"EssenceOfSteel"},{"floor":30,"key":"SpeedPotion"},{"floor":33,"key":"SteroidPotion"},{"floor":35,"key":"Block Potion"},{"floor":36,"key":"EssenceOfSteel"},{"floor":38,"key":"Regen Potion"},{"floor":41,"key":"GamblersBrew"},{"floor":42,"key":"Energy Potion"}],"is_trial":false,"path_per_floor":["M","$","M","?","M","E","M","M","T","$","?","?","R","M","R","B",null,"M","M","?","T","?","R","$","T","T","E","M","T","M","?","R","B",null,"M","M","$","M","$","R","M","M","T"],"character_chosen":"DEFECT","items_purchased":["Ball Lightning","Self Repair","Capacitor","Gash"],"campfire_rested":1,"item_purchase_floors":[10,10,37,39],"current_hp_per_floor":[80,80,82,71,78,61,54,50,50,50,50,50,50,63,63,20,82,78,71,55,55,55,55,55,55,55,28,26,26,50,42,66,32,82,82,82,82,50,50,50,25,27,27,0],"gold":177,"neow_bonus":"TEN_PERCENT_HP_BONUS","is_prod":false,"is_daily":false,"chose_seed":false,"campfire_upgraded":3,"win_rate":0.0,"timestamp":1532440480,"path_taken":["M","$","M","?","M","E","M","M","T","$","?","?","R","?","R","BOSS","M","M","?","?","?","R","$","?","T","E","M","?","?","?","R","BOSS","M","M","$","M","?","R","M","M","T","E"],"build_version":"2018-07-19v2","purchased_purges":4,"victory":false,"max_hp_per_floor":[82,82,82,82,82,82,82,82,82,82,82,82,82,82,82,82,82,82,82,82,82,82,82,82,82,82,82,82,82,82,82,82,82,82,82,82,82,82,82,82,82,82,82,82],"card_choices":[{"not_picked":["Tempest","Rebound"],"picked":"Self Repair","floor":1},{"not_picked":["Tempest","Conserve Battery"],"picked":"Cold Snap","floor":3},{"not_picked":["Go for the Eyes","Hologram"],"picked":"Fusion","floor":5},{"not_picked":["Barrage","Seek"],"picked":"Static Discharge","floor":6},{"not_picked":["Cold Snap","Barrage"],"picked":"Coolheaded","floor":7},{"not_picked":["Redo","Reinforced Body"],"picked":"Genetic Algorithm","floor":8},{"not_picked":["Scrape","Beam Cell"],"picked":"Compile Driver","floor":14},{"not_picked":["Meteor Strike","All For One"],"picked":"Reboot","floor":16},{"not_picked":["Chill","Coolheaded"],"picked":"Capacitor","floor":18},{"not_picked":["Compile Driver","Beam Cell"],"picked":"Gash+1","floor":19},{"not_picked":["Buffer","Beam Cell"],"picked":"Self Repair","floor":27},{"not_picked":["Turbo","Barrage","Coolheaded"],"picked":"SKIP","floor":28},{"not_picked":["Steam+1","Coolheaded"],"picked":"Melter","floor":30},{"not_picked":["Meteor Strike","Buffer"],"picked":"Thunder Strike","floor":33},{"not_picked":["Streamline","Coolheaded"],"picked":"Barrage+1","floor":35},{"not_picked":["Stack","Scrape"],"picked":"Hologram+1","floor":36},{"not_picked":["Reprogram+1","Beam Cell"],"picked":"Streamline+1","floor":38},{"not_picked":["Skim+1","Barrage"],"picked":"Sweeping Beam+1","floor":41},{"not_picked":["Melter","Machine Learning"],"picked":"Compile Driver+1","floor":42}],"player_experience":298990,"relics_obtained":[{"floor":6,"key":"Orichalcum"},{"floor":9,"key":"Torii"},{"floor":20,"key":"Nilry\u0027s Codex"},{"floor":21,"key":"Tiny Chest"},{"floor":25,"key":"Bronze Scales"},{"floor":26,"key":"Darkstone Periapt"},{"floor":27,"key":"Shovel"},{"floor":29,"key":"Bag of Marbles"},{"floor":40,"key":"Anchor"},{"floor":43,"key":"Meat on the Bone"}],"event_choices":[{"event_name":"World of Goop","player_choice":"Gather Gold","floor":4,"damage_taken":0},{"event_name":"The Lab","player_choice":"Got Potions","floor":11,"damage_taken":0},{"event_name":"Dead Adventurer","player_choice":"Searched \u00272\u0027 times","floor":12,"damage_taken":0},{"event_name":"Cursed Tome","player_choice":"Obtained Book","floor":20,"damage_taken":0},{"event_name":"Wheel of Change","player_choice":"Curse","floor":22,"damage_taken":0},{"event_name":"Knowing Skull","player_choice":"","floor":31,"damage_taken":0}],"is_beta":false,"boss_relics":[{"not_picked":["Cursed Key","Fusion Hammer"],"picked":"White Beast Statue"},{"not_picked":["Busted Crown","Philosopher\u0027s Stone"],"picked":"Nuclear Battery"}],"items_purged_floors":[2,10,24,37],"is_endless":false,"potions_floor_spawned":[1,3,6,7,18,19,27,28,30,33,35,36,38,41,42],"killed_by":"2 Orb Walkers","ascension_level":0}