{"gold_per_floor":[109,122,122,47,66,66,83,83,83,95,119,19,84,103,103,206,206,225,225,237,162,37,37,37,37,37,48,63,80,95,105,105,201,201,212,231,250,301,151,185,31,31,77,94,114,131,148,162,162,162],"floor_reached":50,"playtime":3429,"items_purged":["Strike_R","Strike_R","Strike_R","Defend_R"],"score":497,"play_id":"4109ebde-c93b-4409-bffc-7456c47a1a53","local_time":"20180711084101","is_ascension_mode":false,"campfire_choices":[{"data":"Rampage","floor":6,"key":"SMITH"},{"data":"Pommel Strike","floor":8,"key":"SMITH"},{"floor":15,"key":"REST"},{"data":"Immolate","floor":23,"key":"SMITH"},{"data":"Whirlwind","floor":25,"key":"SMITH"},{"floor":32,"key":"REST"},{"floor":42,"key":"REST"},{"floor":49,"key":"REST"}],"neow_cost":"FIFTY_PERCENT_DAMAGE","seed_source_timestamp":1267187885417573,"circlet_count":0,"master_deck":["Defend_R","Defend_R","Defend_R","Bash","Heavy Blade","Pommel Strike+1","Rampage+1","Power Through","Whirlwind+1","Immolate+1","Inflame+1","Pommel Strike","Spot Weakness","Inflame","Cleave","Flex+1","Havoc+1","Shrug It Off+1","Iron Wave+1","Heavy Blade+1","Immolate","Heavy Blade"],"relics":["Burning Blood","Ornamental Fan","Orichalcum","Ancient Tea Set","Mark of Pain","Blue Candle","Lizard Tail","Torii","Anchor","Bronze Scales","Pen Nib"],"potions_floor_usage":[13,16,16,29,30,33,33,33,36,38,46,48,48],"damage_taken":[{"damage":1,"enemies":"Cultist","floor":1,"turns":4},{"damage":6,"enemies":"Jaw Worm","floor":2,"turns":3},{"damage":7,"enemies":"Small Slimes","floor":5,"turns":4},{"damage":2,"enemies":"Looter","floor":7,"turns":4},{"damage":14,"enemies":"Gremlin Gang","floor":10,"turns":6},{"damage":9,"enemies":"Gremlin Nob","floor":13,"turns":4},{"damage":3,"enemies":"2 Fungi Beasts","floor":14,"turns":4},{"damage":58,"enemies":"Hexaghost","floor":16,"turns":10},{"damage":9,"enemies":"Spheric Guardian","floor":18,"turns":4},{"damage":0,"enemies":"Chosen","floor":20,"turns":4},{"damage":6,"enemies":"Centurion and Healer","floor":27,"turns":3},{"damage":15,"enemies":"Cultist and Chosen","floor":28,"turns":5},{"damage":21,"enemies":"Snake Plant","floor":29,"turns":3},{"damage":0,"enemies":"3 Cultists","floor":30,"turns":2},{"damage":22,"enemies":"Slaver and Parasite","floor":31,"turns":4},{"damage":71,"enemies":"Automaton","floor":33,"turns":8},{"damage":11,"enemies":"Orb Walker","floor":35,"turns":3},{"damage":21,"enemies":"3 Shapes","floor":36,"turns":2},{"damage":32,"enemies":"Maw","floor":37,"turns":8},{"damage":15,"floor":38,"turns":2},{"damage":80,"enemies":"Nemesis","floor":40,"turns":7},{"damage":20,"enemies":"4 Shapes","floor":44,"turns":2},{"damage":1,"enemies":"Sphere and 2 Shapes","floor":45,"turns":3},{"damage":9,"enemies":"3 Darklings","floor":46,"turns":3},{"damage":22,"enemies":"4 Shapes","floor":47,"turns":2},{"damage":8,"enemies":"Maw","floor":48,"turns":6},{"damage":52,"enemies":"Time Eater","floor":50,"turns":4}],"seed_played":"-1024125167619036377","potions_obtained":[{"floor":7,"key":"Dexterity Potion"},{"floor":10,"key":"Block Potion"},{"floor":14,"key":"Strength Potion"},{"floor":16,"key":"LiquidBronze"},{"floor":18,"key":"LiquidBronze"},{"floor":20,"key":"GamblersBrew"},{"floor":30,"key":"FearPotion"},{"floor":31,"key":"Energy Potion"},{"floor":35,"key":"Fire Potion"},{"floor":36,"key":"Fire Potion"},{"floor":44,"key":"EssenceOfSteel"},{"floor":45,"key":"PowerPotion"},{"floor":46,"key":"Weak Potion"}],"is_trial":false,"path_per_floor":["M","M","$","$","M","R","M","R","T","M","T","$","?","M","R","B",null,"M","?","M","?","$","R","?","R","T","M","M","M","M","M","R","B",null,"M","M","M","?","$","E","$","R","T","M","M","M","M","M","R"],"character_chosen":"IRONCLAD","items_purchased":["Bronze Scales"],"campfire_rested":4,"item_purchase_floors":[41],"current_hp_per_floor":[53,53,53,53,52,52,56,56,56,48,48,48,45,48,76,24,96,93,93,96,96,96,96,96,96,96,96,87,72,78,62,90,25,96,91,76,50,41,41,18,18,46,46,32,37,34,18,16,44,0],"gold":162,"neow_bonus":"TWENTY_PERCENT_HP_BONUS","is_prod":false,"is_daily":false,"chose_seed":false,"campfire_upgraded":4,"win_rate":0,"timestamp":1531316461,"path_taken":["M","?","?","$","?","R","M","R","T","M","?","$","?","M","R","BOSS","M","?","M","?","$","R","?","R","T","?","M","?","M","M","R","BOSS","M","M","M","?","$","E","$","R","T","?","M","?","M","M","R","BOSS"],"build_version":"2018-07-05","purchased_purges":4,"victory":false,"max_hp_per_floor":[96,96,96,96,96,96,96,96,96,96,96,96,96,96,96,96,96,96,96,96,96,96,96,96,96,96,96,96,96,96,96,96,96,96,96,96,96,96,96,96,96,96,96,96,96,96,96,96,96,96],"card_choices":[{"not_picked":["Clothesline","Headbutt"],"picked":"Heavy Blade","floor":1},{"not_picked":["Thunderclap","Sword Boomerang"],"picked":"Pommel Strike","floor":2},{"not_picked":["Perfected Strike","Second Wind"],"picked":"Rampage","floor":5},{"not_picked":["Wild Strike","Second Wind","Pummel"],"picked":"SKIP","floor":7},{"not_picked":["Combust","Feel No Pain","Bloodletting"],"picked":"SKIP","floor":10},{"not_picked":["Armaments","Brutality"],"picked":"Power Through","floor":13},{"not_picked":["Clothesline","Sever Soul"],"picked":"Whirlwind","floor":14},{"not_picked":["Berserk","Reaper"],"picked":"Immolate","floor":16},{"not_picked":["Rage","Rupture"],"picked":"Inflame+1","floor":18},{"not_picked":["Perfected Strike","Dual Wield"],"picked":"Pommel Strike","floor":20},{"not_picked":["Anger","Rupture","Armaments"],"picked":"SKIP","floor":27},{"not_picked":["True Grit+1","Clash","Warcry"],"picked":"SKIP","floor":28},{"not_picked":["Clash","Perfected Strike","Anger"],"picked":"SKIP","floor":29},{"not_picked":["Rampage","Thunderclap"],"picked":"Inflame","floor":30},{"not_picked":["Combust","Thunderclap"],"picked":"Cleave","floor":31},{"not_picked":["Whirlwind+1","Shockwave"],"picked":"Flex+1","floor":35},{"not_picked":["Warcry+1","True Grit"],"picked":"Havoc+1","floor":36},{"not_picked":["Wild Strike","Headbutt"],"picked":"Shrug It Off+1","floor":37},{"not_picked":["Demon Form","Power Through+1"],"picked":"Iron Wave+1","floor":38},{"not_picked":["True Grit","Pummel","Wild Strike+1"],"picked":"SKIP","floor":40},{"not_picked":["Dropkick","Feel No Pain","Anger"],"picked":"SKIP","floor":44},{"not_picked":["Sword Boomerang+1","Wild Strike"],"picked":"Heavy Blade+1","floor":45},{"not_picked":["Sever Soul","Pommel Strike","Clash+1"],"picked":"SKIP","floor":46},{"not_picked":["Body Slam+1","True Grit+1"],"picked":"Immolate","floor":47},{"not_picked":["Dual Wield","Armaments"],"picked":"Heavy Blade","floor":48}],"player_experience":141161,"relics_obtained":[{"floor":9,"key":"Ornamental Fan"},{"floor":11,"key":"Orichalcum"},{"floor":13,"key":"Ancient Tea Set"},{"floor":26,"key":"Blue Candle"},{"floor":38,"key":"Torii"},{"floor":40,"key":"Anchor"},{"floor":43,"key":"Pen Nib"}],"event_choices":[{"event_name":"Dead Adventurer","player_choice":"Searched \u00271\u0027 times","floor":13,"damage_taken":0},{"event_name":"Back to Basics","player_choice":"Elegance","floor":19,"damage_taken":0},{"event_name":"Beggar","player_choice":"Gave Gold","floor":21,"damage_taken":0},{"event_name":"The Library","player_choice":"Read","floor":24,"damage_taken":0},{"event_name":"Mysterious Sphere","player_choice":"Fight","floor":38,"damage_taken":0}],"boss_relics":[{"not_picked":["Ectoplasm","Cursed Key"],"picked":"Mark of Pain"},{"not_picked":["Tiny House","Black Blood"],"picked":"Lizard Tail"}],"items_purged_floors":[4,12,22,39],"is_endless":false,"potions_floor_spawned":[7,10,14,16,18,20,30,31,35,36,44,45,46],"killed_by":"Time Eater","ascension_level":0}