{"gold_per_floor":[112,7,21,36,47,47,122,135,135,154,167,167,183,201,201,305,305,321,335,74,86,105,105,117,133,159,159,159,192,206,217,217,217],"floor_reached":33,"playtime":4249,"items_purged":["Strike_R"],"score":249,"play_id":"e5a83eff-e79c-4373-bef8-7a22e32a938d","local_time":"20180625104801","is_ascension_mode":false,"campfire_choices":[{"data":"Dramatic Entrance","floor":6,"key":"SMITH"},{"data":"Reckless Charge","floor":12,"key":"SMITH"},{"data":"Bash","floor":15,"key":"SMITH"},{"floor":23,"key":"REST"},{"floor":27,"key":"REST"},{"floor":32,"key":"REST"}],"neow_cost":"","seed_source_timestamp":2842920253170649,"circlet_count":0,"master_deck":["Strike_R","Strike_R","Strike_R","Strike_R","Defend_R","Defend_R","Defend_R","Defend_R","Bash+1","Cleave","Dramatic Entrance+1","Uppercut","Pommel Strike","Reckless Charge+1","Corruption","Shrug It Off","Armaments","Metallicize","Infernal Blade","Fiend Fire","Iron Wave","Intimidate","Uppercut","Fire Breathing","Headbutt","Clothesline","Impervious","Sword Boomerang","Infernal Blade+1","Rage+1","Reckless Charge"],"relics":["Burning Blood","Centennial Puzzle","White Beast Statue","Anchor","Red Mask"],"potions_floor_usage":[16,16,16,21,24,24,29,31,31,31,33],"damage_taken":[{"damage":6,"enemies":"Jaw Worm","floor":1,"turns":3},{"damage":7,"enemies":"2 Louse","floor":3,"turns":2},{"damage":0,"enemies":"Small Slimes","floor":4,"turns":2},{"damage":4,"enemies":"Red Slaver","floor":5,"turns":4},{"damage":0,"enemies":"Large Slime","floor":8,"turns":4},{"damage":6,"enemies":"2 Fungi Beasts","floor":10,"turns":2},{"damage":9,"enemies":"Blue Slaver","floor":11,"turns":3},{"damage":6,"enemies":"Large Slime","floor":13,"turns":5},{"damage":4,"enemies":"3 Louse","floor":14,"turns":2},{"damage":13,"enemies":"The Guardian","floor":16,"turns":11},{"damage":10,"enemies":"Spheric Guardian","floor":18,"turns":3},{"damage":17,"enemies":"2 Thieves","floor":19,"turns":4},{"damage":40,"enemies":"Sentry and Sphere","floor":21,"turns":7},{"damage":4,"enemies":"Centurion and Healer","floor":22,"turns":5},{"damage":18,"enemies":"3 Cultists","floor":24,"turns":5},{"damage":11,"enemies":"Snecko","floor":25,"turns":5},{"damage":34,"floor":29,"turns":6},{"damage":17,"enemies":"Centurion and Healer","floor":30,"turns":9},{"damage":4,"enemies":"Chosen and Byrds","floor":31,"turns":5},{"damage":57,"enemies":"Champ","floor":33,"turns":14}],"seed_played":"-2391060085274809712","potions_obtained":[{"floor":4,"key":"Strength Potion"},{"floor":5,"key":"SteroidPotion"},{"floor":8,"key":"Fire Potion"},{"floor":13,"key":"PowerPotion"},{"floor":14,"key":"Regen Potion"},{"floor":18,"key":"Explosive Potion"},{"floor":19,"key":"EssenceOfSteel"},{"floor":21,"key":"Energy Potion"},{"floor":24,"key":"Explosive Potion"},{"floor":25,"key":"BloodPotion"},{"floor":29,"key":"Poison Potion"},{"floor":30,"key":"BloodPotion"},{"floor":31,"key":"FearPotion"}],"is_trial":false,"path_per_floor":["M","$","M","M","M","R","?","M","T","M","M","R","M","M","R","B",null,"M","M","$","M","M","R","M","M","T","R","?","?","M","M","R"],"character_chosen":"IRONCLAD","items_purchased":["Dramatic Entrance","Ancient Potion","Uppercut","Fire Breathing"],"campfire_rested":3,"item_purchase_floors":[2,20,20,20],"current_hp_per_floor":[80,80,79,80,80,80,69,75,75,75,72,72,72,74,74,80,80,76,65,65,31,33,57,45,40,40,64,49,29,18,28,53,0],"gold":217,"neow_bonus":"","is_prod":false,"is_daily":false,"chose_seed":false,"campfire_upgraded":3,"win_rate":0.0,"timestamp":1529941681,"path_taken":["M","$","M","M","M","R","?","M","T","M","?","R","M","M","R","BOSS","M","M","$","M","M","R","M","M","T","R","?","?","?","M","R","BOSS"],"build_version":"2018-06-21v2","purchased_purges":1,"victory":false,"max_hp_per_floor":[80,80,80,80,80,80,80,80,80,80,80,80,80,80,80,80,80,80,80,80,80,80,80,80,80,80,80,85,85,85,85,85,85],"card_choices":[{"not_picked":["Perfected Strike","Dual Wield"],"picked":"Cleave","floor":1},{"not_picked":["Perfected Strike","Thunderclap"],"picked":"Uppercut","floor":3},{"not_picked":["Thunderclap","Warcry"],"picked":"Pommel Strike","floor":4},{"not_picked":["Perfected Strike","Armaments"],"picked":"Reckless Charge","floor":5},{"not_picked":["Dropkick","Body Slam"],"picked":"Corruption","floor":8},{"not_picked":["Warcry","Twin Strike"],"picked":"Shrug It Off","floor":10},{"not_picked":["Clash","Sword Boomerang"],"picked":"Armaments","floor":11},{"not_picked":["Twin Strike","Thunderclap"],"picked":"Metallicize","floor":13},{"not_picked":["Fire Breathing","Clash"],"picked":"Infernal Blade","floor":14},{"not_picked":["Offering","Barricade"],"picked":"Fiend Fire","floor":16},{"not_picked":["Second Wind","Thunderclap"],"picked":"Iron Wave","floor":18},{"not_picked":["Warcry","Clothesline"],"picked":"Intimidate","floor":19},{"not_picked":["Bloodletting","Rampage"],"picked":"Headbutt","floor":21},{"not_picked":["Dropkick","Perfected Strike"],"picked":"Clothesline","floor":22},{"not_picked":["Flex","Sever Soul+1"],"picked":"Impervious","floor":24},{"not_picked":["Uppercut","Flex"],"picked":"Sword Boomerang","floor":25},{"not_picked":["Pummel","Flex"],"picked":"Infernal Blade+1","floor":29},{"not_picked":["Clothesline","Inflame+1"],"picked":"Rage+1","floor":30},{"not_picked":["Armaments+1","Iron Wave"],"picked":"Reckless Charge","floor":31}],"player_experience":0,"relics_obtained":[{"floor":9,"key":"Centennial Puzzle"},{"floor":26,"key":"Anchor"},{"floor":29,"key":"Red Mask"}],"event_choices":[{"event_name":"World of Goop","player_choice":"Gather Gold","floor":7,"damage_taken":0},{"event_name":"Forgotten Altar","player_choice":"Shed Blood","floor":28,"damage_taken":0},{"event_name":"Masked Bandits","player_choice":"Fought over 159 gold","floor":29,"damage_taken":0}],"boss_relics":[{"not_picked":["Calling Bell","Cursed Key"],"picked":"White Beast Statue"}],"items_purged_floors":[20],"is_endless":false,"potions_floor_spawned":[4,5,8,13,14,18,19,21,22,24,25,29,30,31],"killed_by":"Champ","ascension_level":0}