{"gold_per_floor":[111,124,139,139,64,92,146,146,146,146,146],"floor_reached":11,"playtime":815,"items_purged":["Strike_G"],"score":89,"play_id":"1a48cbf7-7b5b-4834-9923-beb6d74ad51b","local_time":"20190627123714","is_ascension_mode":true,"campfire_choices":[{"floor":8,"key":"REST"},{"floor":10,"key":"REST"}],"neow_cost":"NONE","seed_source_timestamp":1039530459655800,"circlet_count":0,"master_deck":["Defend_G","Defend_G","Defend_G","Defend_G","Defend_G","Strike_G","Strike_G","Strike_G","Strike_G","Survivor","Neutralize","Slice","PiercingWail","Leg Sweep","Bandage Up","PiercingWail","Quick Slash"],"relics":["Fusion Hammer","Anchor","Oddly Smooth Stone","Lantern"],"potions_floor_usage":[6,11],"damage_taken":[{"damage":1,"enemies":"Jaw Worm","floor":1,"turns":6},{"damage":0,"enemies":"Cultist","floor":2,"turns":5},{"damage":0,"enemies":"Small Slimes","floor":3,"turns":3},{"damage":61,"enemies":"Gremlin Nob","floor":6,"turns":8},{"damage":64,"enemies":"Lagavulin","floor":11,"turns":18}],"seed_played":"8226946905594810251","potions_obtained":[{"floor":2,"key":"Weak Potion"},{"floor":6,"key":"Ancient Potion"}],"is_trial":false,"path_per_floor":["M","M","M","?","$","E","T","R","T","R","E"],"character_chosen":"THE_SILENT","items_purchased":[],"campfire_rested":2,"item_purchase_floors":[],"current_hp_per_floor":[69,69,69,69,69,9,9,30,30,51,0],"gold":146,"neow_bonus":"BOSS_RELIC","is_prod":false,"is_daily":false,"chose_seed":false,"campfire_upgraded":0,"win_rate":0,"timestamp":1561664234,"path_taken":["M","M","M","?","?","E","?","R","T","R","E"],"build_version":"2019-01-23","purchased_purges":1,"victory":false,"max_hp_per_floor":[70,70,70,70,70,70,70,70,70,70,70],"card_choices":[{"not_picked":["Dodge and Roll","Concentrate"],"picked":"Slice","floor":1},{"not_picked":["Blade Dance","Backflip"],"picked":"PiercingWail","floor":2},{"not_picked":["Underhanded Strike","Well Laid Plans"],"picked":"Leg Sweep","floor":3},{"not_picked":["Dagger Spray","Skewer"],"picked":"Quick Slash","floor":6}],"player_experience":568343,"relics_obtained":[{"floor":6,"key":"Anchor"},{"floor":7,"key":"Oddly Smooth Stone"},{"floor":9,"key":"Lantern"}],"event_choices":[{"damage_healed":0,"gold_gain":0,"player_choice":"2 cards matched","damage_taken":0,"max_hp_gain":0,"max_hp_loss":0,"event_name":"Match and Keep!","floor":4,"gold_loss":0,"cards_obtained":["Bandage Up","PiercingWail"]}],"is_beta":false,"boss_relics":[],"items_purged_floors":[5],"is_endless":false,"potions_floor_spawned":[2,6],"killed_by":"Lagavulin","ascension_level":5}