{"gold_per_floor":[18,36,36,36,54,54,4,16,16,36,64,40,58,78,78,175,175,188,203,217,316,316],"floor_reached":22,"playtime":1608,"items_purged":[],"score":219,"play_id":"f0182a27-477a-48a4-a9b8-74d969d21254","local_time":"20180810214257","is_ascension_mode":true,"campfire_choices":[{"data":"Cloak And Dagger","floor":6.0,"key":"SMITH"},{"data":"Blade Dance","floor":15.0,"key":"SMITH"}],"neow_cost":"NO_GOLD","seed_source_timestamp":0,"circlet_count":0,"master_deck":["Defend_G","Defend_G","Defend_G","Defend_G","Strike_G","Strike_G","Survivor","Neutralize","Cloak And Dagger+1","Slice","Slice","Infinite Blades+1","Noxious Fumes+1","Blade Dance+1","Caltrops+1","Envenom+1","Escape Plan","Endless Agony","Slice"],"special_seed":0,"relics":["Ring of the Serpent","Frozen Egg 2","Nunchaku"],"potions_floor_usage":[20],"damage_taken":[{"damage":0.0,"enemies":"2 Louse","floor":1.0,"turns":3.0},{"damage":0.0,"enemies":"Small Slimes","floor":2.0,"turns":4.0},{"damage":0.0,"enemies":"Jaw Worm","floor":5.0,"turns":4.0},{"damage":0.0,"enemies":"Blue Slaver","floor":8.0,"turns":5.0},{"damage":0.0,"enemies":"Looter","floor":10.0,"turns":3.0},{"damage":10.0,"enemies":"3 Sentries","floor":11.0,"turns":7.0},{"damage":6.0,"enemies":"Lots of Slimes","floor":13.0,"turns":5.0},{"damage":2.0,"enemies":"3 Louse","floor":14.0,"turns":3.0},{"damage":27.0,"enemies":"The Guardian","floor":16.0,"turns":9.0},{"damage":16.0,"enemies":"Spheric Guardian","floor":18.0,"turns":4.0},{"damage":10.0,"enemies":"Shell Parasite","floor":19.0,"turns":5.0},{"damage":25,"enemies":"Snecko","floor":20,"turns":6},{"damage":6,"enemies":"Chosen and Byrds","floor":22,"turns":4}],"seed_played":"-3997485605346830010","potions_obtained":[{"floor":1.0,"key":"Fire Potion"},{"floor":10.0,"key":"Dexterity Potion"},{"floor":11.0,"key":"GhostInAJar"},{"floor":16.0,"key":"Dexterity Potion"},{"floor":18.0,"key":"LiquidBronze"}],"is_trial":false,"path_per_floor":["M","M","?","?","M","R","?","M","T","M","E","$","M","M","R","B",null,"M","M","M","?"],"character_chosen":"THE_SILENT","items_purchased":["Blade Dance"],"campfire_rested":0,"item_purchase_floors":[12],"current_hp_per_floor":[70,70,63,68,68,68,68,68,68,68,58,58,52,50,50,23,75,59,49,24,24,18],"gold":316,"neow_bonus":"REMOVE_TWO","is_prod":false,"is_daily":false,"chose_seed":false,"campfire_upgraded":2,"win_rate":0,"timestamp":1533955377,"path_taken":["M","M","?","?","M","R","?","M","T","M","E","$","M","?","R","BOSS","M","M","?","?","M"],"build_version":"2018-08-09","purchased_purges":0,"victory":false,"max_hp_per_floor":[70,70,70,75,75,75,75,75,75,75,75,75,75,75,75,75,75,75,75,75,75,75],"card_choices":[{"not_picked":["Distraction","Catalyst","Endless Agony"],"picked":"SKIP","floor":1.0},{"not_picked":["Finisher","Flechettes"],"picked":"Cloak And Dagger","floor":2.0},{"not_picked":["Masterful Stab","Prepared"],"picked":"Slice","floor":5.0},{"not_picked":["Outmaneuver","Riddle With Holes"],"picked":"Slice","floor":8.0},{"not_picked":["Deflect","Slice"],"picked":"Infinite Blades+1","floor":10.0},{"not_picked":["Slice","Catalyst"],"picked":"Noxious Fumes+1","floor":11.0},{"not_picked":["Flechettes","Escape Plan"],"picked":"Caltrops+1","floor":13.0},{"not_picked":["Deflect","Prepared","Tactician"],"picked":"SKIP","floor":14.0},{"not_picked":["Glass Knife","Tools of the Trade+1"],"picked":"Envenom+1","floor":16.0},{"not_picked":["Prepared","PiercingWail"],"picked":"Escape Plan","floor":18.0},{"not_picked":["Dagger Throw","Backflip"],"picked":"Endless Agony","floor":19.0},{"not_picked":["Quick Slash","All Out Attack"],"picked":"Slice","floor":20}],"player_experience":480202,"relics_obtained":[{"floor":9.0,"key":"Frozen Egg 2"},{"floor":11.0,"key":"Nunchaku"}],"event_choices":[{"event_name":"Golden Wing","player_choice":"Card Removal","floor":3.0,"damage_taken":0.0},{"event_name":"Big Fish","player_choice":"Donut","floor":4.0,"damage_taken":0.0},{"event_name":"The Cleric","player_choice":"Card Removal","floor":7.0,"damage_taken":0.0},{"event_name":"Nest","player_choice":"Stole From Cult","floor":21,"damage_taken":0}],"is_beta":false,"boss_relics":[{"not_picked":["Sozu","Empty Cage"],"picked":"Ring of the Serpent"}],"items_purged_floors":[],"is_endless":false,"potions_floor_spawned":[1,10,11,16,18,19],"killed_by":"Chosen and Byrds","ascension_level":3}