{"gold_per_floor":[117,117,117,117,217,248,174,197,224,149,149,149,170,194,194,315,378,391,391,204,224,224,224,247,271,271,290,311,0,0,13,13,13],"floor_reached":33,"playtime":1721,"items_purged":["Strike_R"],"score":247,"play_id":"1aab7e1a-cf68-4caf-bfb3-b91a7fbee693","local_time":"20181127134606","is_ascension_mode":false,"campfire_choices":[{"data":"Searing Blow","floor":11,"key":"SMITH"},{"data":"Searing Blow+1","floor":15,"key":"SMITH"},{"data":"Searing Blow+3","floor":23,"key":"SMITH"},{"data":"Body Slam","floor":32,"key":"SMITH"}],"neow_cost":"PERCENT_DAMAGE","seed_source_timestamp":622724169776864,"circlet_count":0,"master_deck":["Strike_R","Defend_R","Defend_R","Defend_R+1","Bash","Sword Boomerang+1","Rampage","Searing Blow+4","Headbutt","Power Through","Double Tap","Twin Strike+1","Rage","Pummel+1","Inflame","Inflame","Pommel Strike+1","Writhe","Body Slam+1"],"relics":["Burning Blood","Golden Idol","StoneCalendar","Oddly Smooth Stone","Tiny House","Shuriken","Bag of Marbles","Girya","Blood Vial"],"potions_floor_usage":[33],"damage_taken":[{"damage":0,"enemies":"Jaw Worm","floor":1,"turns":7},{"damage":15,"enemies":"Gremlin Nob","floor":6,"turns":4},{"damage":7,"enemies":"Small Slimes","floor":8,"turns":4},{"damage":0,"enemies":"Cultist","floor":13,"turns":2},{"damage":0,"enemies":"2 Fungi Beasts","floor":14,"turns":4},{"damage":11,"enemies":"Slime Boss","floor":16,"turns":7},{"damage":10,"enemies":"Spheric Guardian","floor":18,"turns":4},{"damage":10,"enemies":"Shell Parasite","floor":21,"turns":4},{"damage":12,"enemies":"Shelled Parasite and Fungi","floor":24,"turns":3},{"damage":3,"enemies":"Snake Plant","floor":25,"turns":3},{"damage":10,"enemies":"Cultist and Chosen","floor":27,"turns":3},{"damage":18,"enemies":"Sentry and Sphere","floor":28,"turns":4},{"damage":8,"enemies":"Centurion and Healer","floor":31,"turns":3},{"damage":31,"enemies":"Collector","floor":33,"turns":7}],"seed_played":"1085887660498776803","potions_obtained":[{"floor":1,"key":"Weak Potion"},{"floor":6,"key":"SneckoOil"},{"floor":17,"key":"LiquidBronze"},{"floor":18,"key":"Explosive Potion"},{"floor":21,"key":"LiquidBronze"},{"floor":25,"key":"FairyPotion"}],"is_trial":false,"path_per_floor":["M","?","?","?","?","E","$","M","T","$","R","?","M","M","R","B",null,"M","T","$","M","?","R","M","M","T","M","M","$","?","M","R","B"],"character_chosen":"IRONCLAD","items_purchased":["Searing Blow","Rage","Bag of Marbles","Girya"],"campfire_rested":0,"item_purchase_floors":[7,20,20,29],"current_hp_per_floor":[62,62,55,55,55,46,46,45,45,45,45,45,51,57,57,52,79,75,75,75,71,71,71,65,68,68,64,52,52,52,52,52,23],"gold":13,"neow_bonus":"REMOVE_TWO","is_prod":false,"is_daily":false,"chose_seed":false,"campfire_upgraded":4,"win_rate":0,"timestamp":1543347966,"path_taken":["M","?","?","?","?","E","$","?","T","$","R","?","M","M","R","BOSS","M","?","$","M","?","R","M","?","T","M","M","$","?","M","R","BOSS"],"build_version":"2018-11-15","purchased_purges":1,"victory":false,"max_hp_per_floor":[80,80,80,74,74,74,74,74,74,74,74,74,74,74,74,74,79,79,79,79,79,79,79,79,79,79,79,79,79,79,79,79,79],"card_choices":[{"not_picked":["Intimidate","Blood for Blood"],"picked":"Sword Boomerang","floor":1},{"not_picked":["Entrench","True Grit"],"picked":"Rampage","floor":6},{"not_picked":["Clothesline","Shrug It Off"],"picked":"Headbutt","floor":8},{"not_picked":["True Grit","Perfected Strike"],"picked":"Power Through","floor":13},{"not_picked":["Fire Breathing","Reckless Charge","Carnage"],"picked":"SKIP","floor":14},{"not_picked":["Immolate","Offering"],"picked":"Double Tap","floor":16},{"not_picked":["Heavy Blade","Infernal Blade"],"picked":"Twin Strike+1","floor":18},{"not_picked":["Power Through+1","Wild Strike+1"],"picked":"Pummel+1","floor":21},{"not_picked":["Feel No Pain","Anger"],"picked":"Inflame","floor":24},{"not_picked":["Warcry","Disarm"],"picked":"Inflame","floor":25},{"not_picked":["Disarm+1","Dropkick","Fire Breathing+1"],"picked":"SKIP","floor":27},{"not_picked":["Corruption+1","Anger"],"picked":"Pommel Strike+1","floor":28},{"not_picked":["Havoc","Combust"],"picked":"Body Slam","floor":31}],"player_experience":1066868,"relics_obtained":[{"floor":6,"key":"StoneCalendar"},{"floor":9,"key":"Oddly Smooth Stone"},{"floor":19,"key":"Shuriken"}],"event_choices":[{"damage_healed":0,"gold_gain":0,"player_choice":"Grow","damage_taken":0,"max_hp_gain":0,"max_hp_loss":0,"event_name":"Living Wall","floor":2,"gold_loss":0,"cards_upgraded":["Sword Boomerang"]},{"cards_removed":["Strike_R"],"damage_healed":0,"gold_gain":0,"player_choice":"Card Removal","damage_taken":7,"max_hp_gain":0,"max_hp_loss":0,"event_name":"Golden Wing","floor":3,"gold_loss":0},{"damage_healed":0,"gold_gain":0,"player_choice":"Lose Max HP","damage_taken":0,"relics_obtained":["Golden Idol"],"max_hp_gain":0,"max_hp_loss":6,"event_name":"Golden Idol","floor":4,"gold_loss":0},{"damage_healed":0,"gold_gain":100,"player_choice":"Pray","damage_taken":0,"max_hp_gain":0,"max_hp_loss":0,"event_name":"Golden Shrine","floor":5,"gold_loss":0},{"cards_removed":["Strike_R"],"damage_healed":0,"gold_gain":0,"player_choice":"Purged","damage_taken":0,"max_hp_gain":0,"max_hp_loss":0,"event_name":"Purifier","floor":12,"gold_loss":0},{"damage_healed":0,"gold_gain":0,"player_choice":"Forge","damage_taken":0,"max_hp_gain":0,"max_hp_loss":0,"event_name":"Accursed Blacksmith","floor":22,"gold_loss":0,"cards_upgraded":["Searing Blow"]},{"damage_healed":0,"gold_gain":0,"player_choice":"Opened","damage_taken":0,"relics_obtained":["Blood Vial"],"max_hp_gain":0,"max_hp_loss":0,"event_name":"The Mausoleum","floor":30,"gold_loss":0,"cards_obtained":["Writhe"]}],"is_beta":false,"boss_relics":[{"not_picked":["Astrolabe","Calling Bell"],"picked":"Tiny House"}],"items_purged_floors":[10],"is_endless":false,"potions_floor_spawned":[1,6,18,21,25,31],"killed_by":"Collector","ascension_level":0}