{"gold_per_floor":[117,117,63,138,138,138,138,138,164,164,207,228,252,266,266,392,392,392,98,98,98,98,98,98,98,98,98,98,98,98,98,98,98,98,98,98,98,98,98,98,98,98,98,98,98,98,98,98,98,98],"floor_reached":51,"playtime":3996,"items_purged":[],"score":1046,"play_id":"7249cc62-5af2-4ec2-bbe3-6013a13bd297","local_time":"20181030095911","is_ascension_mode":true,"campfire_choices":[{"data":"Neutralize","floor":6.0,"key":"SMITH"},{"data":"Infinite Blades","floor":10.0,"key":"SMITH"},{"data":"Endless Agony","floor":15.0,"key":"SMITH"},{"floor":27,"key":"REST"},{"data":"Envenom","floor":29,"key":"SMITH"},{"floor":32,"key":"REST"},{"data":"Endless Agony","floor":40,"key":"SMITH"},{"floor":46,"key":"REST"},{"floor":49,"key":"REST"}],"neow_cost":"NONE","seed_source_timestamp":0,"circlet_count":0,"master_deck":["Defend_G","Defend_G","Defend_G","Defend_G","Defend_G","Strike_G","Strike_G","Strike_G","Strike_G","Strike_G","Survivor","Neutralize+1","AscendersBane","Finisher","Infinite Blades+1","Injury","Acrobatics","Backflip","Backflip","Sucker Punch","Endless Agony+1","Envenom+1","Blade Dance+1","Blade Dance","Endless Agony+1","Expertise","Prepared+1","Deflect+1","Prepared+1","Escape Plan","Deflect","Backstab+1","Storm of Steel","Deflect","Slice","Cloak And Dagger+1","Underhanded Strike","Underhanded Strike+1","Dash","Footwork+1","Writhe","Blade Dance+1","Deflect","Choke"],"special_seed":0,"relics":["Ring of the Snake","Golden Idol","Shuriken","Pen Nib","The Courier","Ectoplasm","Bottled Tornado","Red Mask","FaceOfCleric","Frozen Egg 2","Blue Candle","Orrery","Sundial","Oddly Smooth Stone","Tiny Chest"],"potions_floor_usage":[33,35,41,50,50],"damage_taken":[{"damage":0.0,"enemies":"2 Louse","floor":1.0,"turns":3.0},{"damage":17.0,"enemies":"3 Sentries","floor":11.0,"turns":7.0},{"damage":0.0,"enemies":"Jaw Worm","floor":12.0,"turns":3.0},{"damage":0.0,"enemies":"Small Slimes","floor":13.0,"turns":2.0},{"damage":3.0,"enemies":"Looter","floor":14.0,"turns":3.0},{"damage":8.0,"enemies":"Slime Boss","floor":16.0,"turns":6.0},{"damage":5.0,"enemies":"Shell Parasite","floor":18.0,"turns":4.0},{"damage":0.0,"enemies":"3 Byrds","floor":20.0,"turns":3.0},{"damage":26.0,"enemies":"Masked Bandits","floor":21.0,"turns":3.0},{"damage":15.0,"enemies":"Book of Stabbing","floor":23.0,"turns":4.0},{"damage":5,"enemies":"Cultist and Chosen","floor":24,"turns":6},{"damage":14,"enemies":"Shelled Parasite and Fungi","floor":25,"turns":3},{"damage":9,"enemies":"3 Cultists","floor":30,"turns":4},{"damage":8,"enemies":"Sentry and Sphere","floor":31,"turns":4},{"damage":45,"enemies":"Collector","floor":33,"turns":6},{"damage":0,"enemies":"3 Shapes","floor":35,"turns":1},{"damage":2,"enemies":"Orb Walker","floor":37,"turns":2},{"damage":55,"enemies":"Nemesis","floor":41,"turns":5},{"damage":2,"enemies":"Maw","floor":42,"turns":5},{"damage":30,"enemies":"Jaw Worm Horde","floor":45,"turns":4},{"damage":13,"enemies":"Writhing Mass","floor":47,"turns":5},{"damage":0,"enemies":"Sphere and 2 Shapes","floor":48,"turns":4},{"damage":57,"enemies":"Donu and Deca","floor":50,"turns":10}],"seed_played":"-8525123420666086711","potions_obtained":[{"floor":1.0,"key":"Weak Potion"},{"floor":7.0,"key":"Fire Potion"},{"floor":7.0,"key":"FairyPotion"},{"floor":11.0,"key":"Poison Potion"},{"floor":13.0,"key":"Block Potion"},{"floor":16.0,"key":"Dexterity Potion"},{"floor":20.0,"key":"LiquidBronze"},{"floor":21.0,"key":"Block Potion"},{"floor":24,"key":"Ancient Potion"},{"floor":33,"key":"SmokeBomb"},{"floor":45,"key":"Poison Potion"},{"floor":48,"key":"Dexterity Potion"}],"is_trial":false,"path_per_floor":["M","?","$","?","?","R","?","T","T","R","E","M","M","M","R","B",null,"M","$","M","?","?","E","M","M","T","R","?","R","M","M","R","B",null,"M","?","M","?","?","R","E","M","T","?","M","R","M","M","R","B"],"character_chosen":"THE_SILENT","items_purchased":["Acrobatics","Bottled Tornado","Blade Dance","Endless Agony"],"campfire_rested":4,"item_purchase_floors":[3,19,19,19],"current_hp_per_floor":[63,63,63,52,57,57,57,57,57,57,40,40,40,37,37,29,64,59,59,59,33,33,19,15,2,2,25,51,51,43,36,60,16,65,66,66,65,65,65,65,11,10,10,31,2,27,15,16,42,7],"gold":98,"neow_bonus":"THREE_CARDS","is_prod":false,"is_daily":false,"chose_seed":false,"campfire_upgraded":5,"win_rate":0,"timestamp":1540911551,"path_taken":["M","?","$","?","?","R","?","?","T","R","E","M","M","M","R","BOSS","M","$","M","?","?","E","M","?","T","R","?","R","M","M","R","BOSS","M","?","M","?","?","R","E","?","T","?","M","R","M","M","R","BOSS"],"build_version":"2018-10-25v2","purchased_purges":0,"victory":true,"max_hp_per_floor":[70,70,70,70,75,75,75,75,75,75,75,75,75,75,75,75,75,75,75,75,75,75,76,77,78,78,78,78,78,79,80,80,81,81,82,82,83,83,83,83,84,85,85,85,86,86,87,88,88,89],"card_choices":[{"not_picked":["Bane","Underhanded Strike"],"picked":"Finisher","floor":0.0},{"not_picked":["Tactician","Slice"],"picked":"Infinite Blades","floor":1.0},{"not_picked":["Deflect","Well Laid Plans"],"picked":"Backflip","floor":11.0},{"not_picked":["Expertise","Deadly Poison"],"picked":"Backflip","floor":12.0},{"not_picked":["Dash","PiercingWail"],"picked":"Sucker Punch","floor":13.0},{"not_picked":["Poisoned Stab","Dodge and Roll"],"picked":"Endless Agony","floor":14.0},{"not_picked":["Tools of the Trade","Grand Finale"],"picked":"Envenom","floor":16.0},{"not_picked":["Catalyst","Setup+1"],"picked":"Blade Dance+1","floor":18.0},{"not_picked":["Reflex","Well Laid Plans"],"picked":"Expertise","floor":20.0},{"not_picked":["Bane","Dagger Throw"],"picked":"Prepared+1","floor":21.0},{"not_picked":["After Image","Concentrate+1"],"picked":"Deflect+1","floor":23.0},{"not_picked":["Predator","Setup"],"picked":"Prepared+1","floor":24},{"not_picked":["Deadly Poison","Crippling Poison+1"],"picked":"Escape Plan","floor":25},{"not_picked":["Acrobatics","Deadly Poison+1"],"picked":"Deflect","floor":30},{"not_picked":["Blade Dance","PiercingWail"],"picked":"Backstab+1","floor":31},{"not_picked":["After Image+1","Tools of the Trade+1"],"picked":"Storm of Steel","floor":33},{"not_picked":["Quick Slash","Flying Knee"],"picked":"Deflect","floor":34},{"not_picked":["Dagger Spray","Bane"],"picked":"Acrobatics","floor":34},{"not_picked":["Flying Knee+1","Cloak And Dagger"],"picked":"Slice","floor":34},{"not_picked":["Flying Knee","Glass Knife"],"picked":"Cloak And Dagger+1","floor":34},{"not_picked":["Bane","Terror"],"picked":"Underhanded Strike","floor":34},{"not_picked":["Prepared","Poisoned Stab+1"],"picked":"Underhanded Strike+1","floor":37},{"not_picked":["Bane","Masterful Stab"],"picked":"Dash","floor":41},{"not_picked":["Tactician+1","Poisoned Stab"],"picked":"Footwork+1","floor":42},{"not_picked":["Escape Plan","PiercingWail+1"],"picked":"Blade Dance+1","floor":45},{"not_picked":["Quick Slash","PiercingWail"],"picked":"Deflect","floor":47},{"not_picked":["Accuracy+1","Bouncing Flask"],"picked":"Choke","floor":48}],"player_experience":892737,"relics_obtained":[{"floor":8.0,"key":"Shuriken"},{"floor":9.0,"key":"Pen Nib"},{"floor":11.0,"key":"The Courier"},{"floor":21.0,"key":"Red Mask"},{"floor":23.0,"key":"Frozen Egg 2"},{"floor":26,"key":"Blue Candle"},{"floor":41,"key":"Oddly Smooth Stone"},{"floor":43,"key":"Tiny Chest"}],"event_choices":[{"damage_healed":0.0,"max_hp_gain":0.0,"max_hp_loss":0.0,"gold_gain":0.0,"event_name":"Golden Idol","player_choice":"Take Wound","floor":2.0,"gold_loss":0.0,"damage_taken":0.0,"relics_obtained":["Golden Idol"],"cards_obtained":["Injury"]},{"damage_healed":0.0,"max_hp_gain":0.0,"max_hp_loss":0.0,"gold_gain":75.0,"event_name":"World of Goop","player_choice":"Gather Gold","floor":4.0,"gold_loss":0.0,"damage_taken":11.0},{"damage_healed":0.0,"max_hp_gain":5.0,"max_hp_loss":0.0,"gold_gain":0.0,"event_name":"Big Fish","player_choice":"Donut","floor":5.0,"gold_loss":0.0,"damage_taken":0.0},{"damage_healed":0.0,"max_hp_gain":0.0,"max_hp_loss":0.0,"gold_gain":0.0,"event_name":"The Lab","player_choice":"Got Potions","floor":7.0,"gold_loss":0.0,"damage_taken":0.0},{"damage_healed":0.0,"max_hp_gain":0.0,"max_hp_loss":0.0,"gold_gain":0.0,"event_name":"Masked Bandits","player_choice":"Fought Bandits","floor":21.0,"gold_loss":0.0,"damage_taken":0.0},{"damage_healed":0.0,"max_hp_gain":0.0,"max_hp_loss":0.0,"gold_gain":0.0,"event_name":"FaceTrader","player_choice":"Trade","floor":22.0,"gold_loss":0.0,"damage_taken":0.0,"relics_obtained":["FaceOfCleric"]},{"damage_healed":26,"gold_gain":0,"player_choice":"Heal","damage_taken":0,"max_hp_gain":0,"max_hp_loss":0,"event_name":"The Library","floor":28,"gold_loss":0},{"cards_removed":["Acrobatics"],"damage_healed":0,"gold_gain":0,"player_choice":"Gave Card","damage_taken":0,"relics_obtained":["Sundial"],"max_hp_gain":0,"max_hp_loss":0,"event_name":"WeMeetAgain","floor":36,"gold_loss":0},{"damage_healed":0,"gold_gain":222,"player_choice":"Wore Mask","damage_taken":0,"max_hp_gain":0,"max_hp_loss":0,"event_name":"Tomb of Lord Red Mask","floor":38,"gold_loss":0},{"damage_healed":0,"gold_gain":0,"player_choice":"Ignored","damage_taken":0,"max_hp_gain":0,"max_hp_loss":0,"event_name":"The Moai Head","floor":39,"gold_loss":0},{"damage_healed":21,"gold_gain":0,"player_choice":"Writhe","damage_taken":0,"max_hp_gain":0,"max_hp_loss":0,"event_name":"Winding Halls","floor":44,"gold_loss":0,"cards_obtained":["Writhe"]}],"is_beta":false,"boss_relics":[{"not_picked":["Philosopher\u0027s Stone","HoveringKite"],"picked":"Ectoplasm"},{"not_picked":["Runic Pyramid","Black Star"],"picked":"Orrery"}],"items_purged_floors":[],"is_endless":false,"potions_floor_spawned":[1,11,13,16,20,21,24,33,35,45,48],"ascension_level":10}