{"gold_per_floor":[109,122,138,154,111,136,136,136,136,136,156,156,167,186,186,186],"floor_reached":16,"playtime":1112,"items_purged":[],"score":104,"play_id":"2a1c00c8-3c6d-4dc1-8576-a4528df5e623","local_time":"20190623043253","is_ascension_mode":false,"campfire_choices":[{"floor":7,"key":"REST"},{"data":"A Thousand Cuts","floor":10,"key":"SMITH"},{"data":"All Out Attack","floor":15,"key":"SMITH"}],"neow_cost":"NONE","seed_source_timestamp":8446288466040,"circlet_count":0,"master_deck":["Defend_G","Defend_G","Defend_G","Defend_G","Defend_G","Strike_G","Strike_G","Strike_G","Strike_G","Strike_G","Survivor","Neutralize","A Thousand Cuts+1","Underhanded Strike","Predator","Prepared","Flying Knee","Reflex","Eviscerate","Dagger Spray","All Out Attack+1"],"relics":["Ring of the Snake","Ornamental Fan","Unceasing Top","Ginger"],"potions_floor_usage":[6],"damage_taken":[{"damage":0,"enemies":"Small Slimes","floor":1,"turns":5},{"damage":5,"enemies":"Jaw Worm","floor":2,"turns":4},{"damage":5,"enemies":"Cultist","floor":3,"turns":4},{"damage":9,"enemies":"Blue Slaver","floor":4,"turns":4},{"damage":9,"enemies":"Gremlin Nob","floor":6,"turns":4},{"damage":0,"enemies":"3 Louse","floor":11,"turns":3},{"damage":0,"enemies":"Looter","floor":13,"turns":3},{"damage":1,"enemies":"2 Fungi Beasts","floor":14,"turns":3},{"damage":62,"enemies":"Hexaghost","floor":16,"turns":9}],"seed_played":"-358348262051252616","potions_obtained":[{"floor":3,"key":"PowerPotion"},{"floor":11,"key":"Dexterity Potion"},{"floor":13,"key":"Fire Potion"},{"floor":14,"key":"Explosive Potion"}],"is_trial":false,"path_per_floor":["M","M","M","M","?","E","R","?","T","R","M","?","M","M","R","B"],"character_chosen":"THE_SILENT","items_purchased":[],"campfire_rested":1,"item_purchase_floors":[],"current_hp_per_floor":[70,65,60,51,51,42,63,63,63,63,63,63,63,62,62,0],"gold":186,"neow_bonus":"ONE_RANDOM_RARE_CARD","is_prod":false,"is_daily":false,"chose_seed":false,"campfire_upgraded":2,"win_rate":0,"timestamp":1561235573,"path_taken":["M","M","M","M","?","E","R","?","T","R","?","?","?","M","R","BOSS"],"build_version":"2019-01-23","purchased_purges":0,"victory":false,"max_hp_per_floor":[70,70,70,70,70,70,70,70,70,70,70,70,70,70,70,70],"card_choices":[{"not_picked":["Bane","Heel Hook"],"picked":"Underhanded Strike","floor":1},{"not_picked":["Riddle With Holes","Blur"],"picked":"Predator","floor":2},{"not_picked":["Dodge and Roll","Outmaneuver"],"picked":"Prepared","floor":3},{"not_picked":["Bane","Outmaneuver"],"picked":"Flying Knee","floor":4},{"not_picked":["Grand Finale","Dash"],"picked":"Reflex","floor":6},{"not_picked":["Crippling Poison","Slice"],"picked":"Eviscerate","floor":11},{"not_picked":["Slice","Quick Slash"],"picked":"Dagger Spray","floor":13},{"not_picked":["Escape Plan","Riddle With Holes"],"picked":"All Out Attack","floor":14}],"player_experience":274617,"relics_obtained":[{"floor":6,"key":"Ornamental Fan"},{"floor":9,"key":"Unceasing Top"}],"event_choices":[{"damage_healed":0,"gold_gain":0,"player_choice":"Left Gold","damage_taken":0,"max_hp_gain":0,"max_hp_loss":0,"event_name":"World of Goop","floor":5,"gold_loss":43},{"damage_healed":0,"gold_gain":0,"player_choice":"Leave","damage_taken":0,"max_hp_gain":0,"max_hp_loss":0,"event_name":"The Cleric","floor":8,"gold_loss":0},{"damage_healed":0,"gold_gain":0,"player_choice":"Gave Potion","damage_taken":0,"relics_obtained":["Ginger"],"max_hp_gain":0,"max_hp_loss":0,"event_name":"WeMeetAgain","floor":12,"gold_loss":0}],"is_beta":false,"boss_relics":[],"items_purged_floors":[],"is_endless":false,"potions_floor_spawned":[3,11,13,14],"killed_by":"Hexaghost","ascension_level":0}