{"gold_per_floor":[114,189,209,42,55,86,86,104,104,139,139,153,153,153,153,273,273,293,203,219,243,2,17,33,33,58,58,71,109,109,92,92,92],"floor_reached":33,"playtime":2833,"items_purged":[],"score":277,"play_id":"7ed8ec90-2820-4314-83f2-327a59f6b210","local_time":"20190629014938","is_ascension_mode":false,"campfire_choices":[{"data":"Chaos","floor":13,"key":"SMITH"},{"floor":15,"key":"REST"},{"data":"Redo","floor":25,"key":"SMITH"},{"floor":27,"key":"REST"},{"floor":30,"key":"REST"},{"floor":32,"key":"REST"}],"neow_cost":"NONE","seed_source_timestamp":1849889342932293,"circlet_count":0,"master_deck":["Strike_B","Strike_B","Strike_B+1","Strike_B","Defend_B+1","Defend_B","Defend_B","Defend_B","Zap+1","Dualcast","Glacier","Coolheaded+1","Self Repair","Redo+1","Fusion","Sweeping Beam","Electrodynamics","FTL+1","Chaos+1","Ball Lightning","Rainbow+1","Barrage","Sunder","Redo+1","Loop+1","Redo+1","Sweeping Beam+1","Double Energy","Thunder Strike","FTL"],"relics":["Cracked Core","Bag of Preparation","Gremlin Horn","Du-Vu Doll","Golden Idol","Frozen Egg 2","Inserter","Membership Card","War Paint","Whetstone"],"potions_floor_usage":[],"damage_taken":[{"damage":1,"enemies":"Jaw Worm","floor":1,"turns":3},{"damage":0,"enemies":"Small Slimes","floor":3,"turns":4},{"damage":2,"enemies":"Cultist","floor":5,"turns":5},{"damage":12,"enemies":"Lagavulin","floor":6,"turns":9},{"damage":7,"enemies":"2 Fungi Beasts","floor":8,"turns":2},{"damage":4,"enemies":"3 Sentries","floor":10,"turns":2},{"damage":9,"enemies":"Exordium Wildlife","floor":12,"turns":3},{"damage":30,"enemies":"The Guardian","floor":16,"turns":12},{"damage":17,"enemies":"Shell Parasite","floor":18,"turns":5},{"damage":12,"enemies":"Chosen","floor":20,"turns":5},{"damage":8,"enemies":"Snecko","floor":21,"turns":3},{"damage":13,"enemies":"Snake Plant","floor":23,"turns":3},{"damage":10,"enemies":"Chosen and Byrds","floor":24,"turns":4},{"damage":5,"enemies":"Cultist and Chosen","floor":28,"turns":3},{"damage":54,"enemies":"Book of Stabbing","floor":29,"turns":5},{"damage":58,"enemies":"Collector","floor":33,"turns":5}],"seed_played":"7050008358352179263","potions_obtained":[{"floor":5,"key":"SmokeBomb"},{"floor":6,"key":"SteroidPotion"},{"floor":16,"key":"GamblersBrew"},{"floor":18,"key":"EssenceOfSteel"},{"floor":20,"key":"PowerPotion"},{"floor":24,"key":"AttackPotion"}],"is_trial":false,"path_per_floor":["M","?","M","$","M","E","?","M","T","E","?","M","R","?","R","B",null,"M","?","M","M","$","M","M","R","T","R","M","E","R","$","R","B"],"character_chosen":"DEFECT","items_purchased":["Self Repair","Redo","Fusion","Membership Card","Loop+1","FTL"],"campfire_rested":4,"item_purchase_floors":[4,4,4,22,22,31],"current_hp_per_floor":[74,63,63,63,68,63,63,56,56,52,52,50,50,25,47,24,75,58,58,53,52,52,39,36,36,36,58,60,13,35,35,57,0],"gold":92,"neow_bonus":"UPGRADE_CARD","is_prod":false,"is_daily":false,"chose_seed":false,"campfire_upgraded":2,"win_rate":0.0,"timestamp":1561794578,"path_taken":["M","?","M","$","M","E","?","M","T","E","?","?","R","?","R","BOSS","M","?","M","M","$","M","M","R","T","R","M","E","R","?","R","BOSS"],"build_version":"2019-01-23","purchased_purges":0,"victory":false,"max_hp_per_floor":[75,75,75,75,75,75,75,75,75,75,75,75,75,75,75,75,75,75,75,75,75,75,75,75,75,75,75,75,75,75,75,75,75],"card_choices":[{"not_picked":["Go for the Eyes","White Noise"],"picked":"Glacier","floor":1},{"not_picked":["White Noise","Sweeping Beam"],"picked":"Coolheaded","floor":3},{"not_picked":["Go for the Eyes","Static Discharge"],"picked":"Sweeping Beam","floor":5},{"not_picked":["Consume","Rebound"],"picked":"Electrodynamics","floor":6},{"not_picked":["Compile Driver","Go for the Eyes"],"picked":"FTL","floor":8},{"not_picked":["Echo Form","Fusion"],"picked":"Chaos","floor":10},{"not_picked":["Streamline","Cold Snap"],"picked":"Ball Lightning","floor":12},{"not_picked":["Meteor Strike","Fission"],"picked":"Rainbow","floor":16},{"not_picked":["Gash","Glacier"],"picked":"Barrage","floor":18},{"not_picked":["Streamline","Steam Power"],"picked":"Sunder","floor":20},{"not_picked":["Melter","Go for the Eyes"],"picked":"Redo","floor":21},{"not_picked":["Stack","Conserve Battery"],"picked":"Redo+1","floor":23},{"not_picked":["Cold Snap","Capacitor+1"],"picked":"Sweeping Beam+1","floor":24},{"not_picked":["Go for the Eyes","Stack"],"picked":"Double Energy","floor":28},{"not_picked":["Rebound+1","Tempest"],"picked":"Thunder Strike","floor":29}],"player_experience":37151,"relics_obtained":[{"floor":6,"key":"Bag of Preparation"},{"floor":9,"key":"Gremlin Horn"},{"floor":10,"key":"Du-Vu Doll"},{"floor":26,"key":"War Paint"},{"floor":29,"key":"Whetstone"}],"event_choices":[{"damage_healed":0,"gold_gain":75,"player_choice":"Gather Gold","damage_taken":11,"max_hp_gain":0,"max_hp_loss":0,"event_name":"World of Goop","floor":2,"gold_loss":0},{"damage_healed":0,"gold_gain":0,"player_choice":"Grow","damage_taken":0,"max_hp_gain":0,"max_hp_loss":0,"event_name":"Living Wall","floor":7,"gold_loss":0,"cards_upgraded":["Redo"]},{"damage_healed":0,"gold_gain":0,"player_choice":"Take Wound","damage_taken":0,"relics_obtained":["Golden Idol"],"max_hp_gain":0,"max_hp_loss":0,"event_name":"Golden Idol","floor":11,"gold_loss":0,"cards_obtained":["Injury"]},{"damage_healed":0,"gold_gain":0,"player_choice":"Success","damage_taken":25,"relics_obtained":["Frozen Egg 2"],"max_hp_gain":0,"max_hp_loss":0,"event_name":"Scrap Ooze","floor":14,"gold_loss":0},{"cards_removed":["Injury"],"damage_healed":0,"gold_gain":0,"player_choice":"Upgrade and Remove","damage_taken":0,"max_hp_gain":0,"max_hp_loss":0,"event_name":"Designer","floor":19,"gold_loss":90,"cards_upgraded":["Coolheaded"]}],"is_beta":false,"boss_relics":[{"not_picked":["Calling Bell","Runic Pyramid"],"picked":"Inserter"}],"items_purged_floors":[],"is_endless":false,"potions_floor_spawned":[5,6,16,18,20,24,28],"killed_by":"Collector","ascension_level":0}