{"gold_per_floor":[113,188,198,198,211,237,250,250,250,525,551,564,564,574,574,671,671,687,687,127,137,137,171,190,190,190,190,205,234,234],"floor_reached":30,"playtime":2168,"items_purged":["Regret"],"score":389,"play_id":"d0497b7e-c54b-46cb-9c1a-d4459ae636f6","local_time":"20190626195354","is_ascension_mode":true,"campfire_choices":[{"floor":8,"key":"REST"},{"floor":15,"key":"REST"},{"floor":25,"key":"REST"},{"floor":27,"key":"RECALL"}],"neow_cost":"NONE","seed_source_timestamp":977972602103500,"circlet_count":0,"master_deck":["Strike_R","Strike_R","Strike_R","Strike_R","Strike_R","Defend_R","Defend_R","Defend_R","Defend_R","Bash+1","Anger","Pommel Strike","Anger","Dropkick","Shockwave","Combust","Feed","Rage","Immolate","Pommel Strike","J.A.X.","Warcry","Bandage Up","Feel No Pain","Bloodletting+1","Demon Form","Flex","Heavy Blade+1","Impervious"],"relics":["Black Blood","NeowsBlessing","Art of War","Bottled Lightning","Charon\u0027s Ashes","Dream Catcher","Singing Bowl","Strawberry"],"potions_floor_usage":[6,11,11,21,24,28],"damage_taken":[{"damage":0,"enemies":"2 Louse","floor":1,"turns":1},{"damage":0,"enemies":"Cultist","floor":3,"turns":1},{"damage":0,"enemies":"Small Slimes","floor":5,"turns":1},{"damage":30,"enemies":"Lagavulin","floor":6,"turns":4},{"damage":7,"enemies":"Exordium Wildlife","floor":7,"turns":3},{"damage":22,"enemies":"3 Sentries","floor":11,"turns":8},{"damage":5,"enemies":"2 Fungi Beasts","floor":12,"turns":2},{"damage":11,"enemies":"Gremlin Gang","floor":14,"turns":3},{"damage":45,"enemies":"Hexaghost","floor":16,"turns":8},{"damage":10,"enemies":"3 Byrds","floor":18,"turns":4},{"damage":7,"enemies":"2 Thieves","floor":21,"turns":3},{"damage":47,"enemies":"Slavers","floor":23,"turns":5},{"damage":6,"enemies":"Centurion and Healer","floor":24,"turns":3},{"damage":25,"enemies":"Cultist and Chosen","floor":28,"turns":6},{"damage":80,"enemies":"Gremlin Leader","floor":29,"turns":6},{"damage":35,"enemies":"3 Cultists","floor":30,"turns":4}],"seed_played":"9122323960140850756","potions_obtained":[{"floor":1,"key":"Swift Potion"},{"floor":5,"key":"Poison Potion"},{"floor":6,"key":"PowerPotion"},{"floor":16,"key":"Block Potion"},{"floor":23,"key":"Swift Potion"},{"floor":24,"key":"EssenceOfSteel"},{"floor":29,"key":"Weak Potion"}],"is_trial":false,"path_per_floor":["M","?","M","?","M","E","M","R","T","?","E","M","?","M","R","B",null,"M","?","$","M","?","E","M","R","T","R","M","E","M"],"character_chosen":"IRONCLAD","items_purchased":["Charon\u0027s Ashes","Warcry","Bandage Up","Feel No Pain"],"campfire_rested":3,"item_purchase_floors":[20,20,20,20],"current_hp_per_floor":[78,67,73,73,79,55,54,78,78,78,62,63,63,61,83,44,73,76,76,76,83,83,53,64,91,91,91,80,23,0],"gold":234,"neow_bonus":"THREE_ENEMY_KILL","is_prod":false,"is_daily":false,"chose_seed":false,"campfire_upgraded":0,"win_rate":0,"timestamp":1561604034,"path_taken":["M","?","M","?","?","E","M","R","T","?","E","?","?","M","R","BOSS","M","?","$","M","?","E","M","R","T","R","?","E","M"],"build_version":"2019-01-23","purchased_purges":1,"victory":false,"max_hp_per_floor":[80,80,80,80,80,80,80,80,80,80,80,80,80,83,83,83,83,86,86,86,86,86,89,92,92,92,92,92,101,104],"card_choices":[{"not_picked":["Whirlwind","Cleave"],"picked":"Anger","floor":1},{"not_picked":["Headbutt","True Grit"],"picked":"Pommel Strike","floor":3},{"not_picked":["Pommel Strike","Clothesline"],"picked":"Anger","floor":5},{"not_picked":["Berserk","Second Wind"],"picked":"Dropkick","floor":6},{"not_picked":["Heavy Blade","Perfected Strike"],"picked":"Shockwave","floor":7},{"not_picked":["Armaments","Shrug It Off"],"picked":"Combust","floor":11},{"not_picked":["Wild Strike","Sentinel"],"picked":"Feed","floor":12},{"not_picked":["Feel No Pain","Body Slam"],"picked":"Rage","floor":14},{"not_picked":["Fiend Fire","Exhume"],"picked":"Immolate","floor":16},{"not_picked":["Sentinel","Clothesline"],"picked":"Pommel Strike","floor":18},{"not_picked":["Headbutt","True Grit"],"picked":"Bloodletting+1","floor":21},{"not_picked":["Armaments+1","Fire Breathing"],"picked":"Demon Form","floor":23},{"not_picked":["Second Wind","Clash"],"picked":"Flex","floor":24},{"not_picked":["Warcry","True Grit"],"picked":"Heavy Blade+1","floor":25},{"not_picked":["Armaments","Heavy Blade"],"picked":"Impervious","floor":28},{"not_picked":["Anger","Iron Wave","Twin Strike"],"picked":"Singing Bowl","floor":29}],"player_experience":566175,"relics_obtained":[{"floor":6,"key":"Art of War"},{"floor":11,"key":"Bottled Lightning"},{"floor":23,"key":"Dream Catcher"},{"floor":26,"key":"Singing Bowl"},{"floor":29,"key":"Strawberry"}],"event_choices":[{"damage_healed":0,"gold_gain":75,"player_choice":"Gather Gold","damage_taken":11,"max_hp_gain":0,"max_hp_loss":0,"event_name":"World of Goop","floor":2,"gold_loss":0},{"damage_healed":0,"gold_gain":0,"player_choice":"Upgraded","damage_taken":0,"max_hp_gain":0,"max_hp_loss":0,"event_name":"Upgrade Shrine","floor":4,"gold_loss":0,"cards_upgraded":["Bash"]},{"damage_healed":0,"gold_gain":275,"player_choice":"Desecrate","damage_taken":0,"max_hp_gain":0,"max_hp_loss":0,"event_name":"Golden Shrine","floor":10,"gold_loss":0,"cards_obtained":["Regret"]},{"damage_healed":0,"gold_gain":0,"player_choice":"Ignored","damage_taken":0,"max_hp_gain":0,"max_hp_loss":0,"event_name":"Shining Light","floor":13,"gold_loss":0},{"damage_healed":0,"gold_gain":0,"player_choice":"Obtain J.A.X.","damage_taken":0,"max_hp_gain":0,"max_hp_loss":0,"event_name":"Drug Dealer","floor":19,"gold_loss":0,"cards_obtained":["J.A.X."]},{"damage_healed":0,"gold_gain":0,"player_choice":"Ignored","damage_taken":0,"max_hp_gain":0,"max_hp_loss":0,"event_name":"N\u0027loth","floor":22,"gold_loss":0}],"is_beta":false,"boss_relics":[{"not_picked":["Calling Bell","Eternal Feather"],"picked":"Black Blood"}],"items_purged_floors":[20],"is_endless":false,"potions_floor_spawned":[1,5,6,16,23,24,29],"killed_by":"3 Cultists","ascension_level":6}