{"gold_per_floor":[213,163,163,177,190,222,222,232,312,342,355,380,380,59,59,164,164,174,190,34,49,69,99,198,198,198,209,209,17,17,17,17,118,118,128,77,77,77,93,93,122,133,133,149,160,160],"floor_reached":46,"playtime":3803,"items_purged":["Strike_G"],"score":760,"play_id":"029cdad5-ddbf-40ac-8df1-d9a173a5321e","local_time":"20181028204225","is_ascension_mode":true,"campfire_choices":[{"floor":7.0,"key":"REST"},{"floor":13.0,"key":"REST"},{"floor":15.0,"key":"REST"},{"floor":25.0,"key":"REST"},{"floor":28.0,"key":"REST"},{"data":"Crippling Poison","floor":30.0,"key":"SMITH"},{"floor":32.0,"key":"REST"},{"floor":40,"key":"REST"}],"neow_cost":"NONE","seed_source_timestamp":0,"circlet_count":0,"master_deck":["Defend_G","Defend_G","Defend_G","Defend_G","Defend_G","Strike_G+1","Strike_G","Strike_G","Survivor","Neutralize","AscendersBane","Noxious Fumes","Poisoned Stab","Crippling Poison","Backstab+1","Bouncing Flask","Crippling Poison+1","Bane","Dash","Bane","A Thousand Cuts","Noxious Fumes","Backflip","Skewer+1","Cloak And Dagger+1","Deadly Poison","Blade Dance+1","Adrenaline","Bane+1","Sucker Punch","Dash+1","Quick Slash","Backflip+1","Burst","Catalyst"],"special_seed":0,"relics":["Ring of the Snake","Pocketwatch","Bottled Flame","Whetstone","Happy Flower","ClockworkSouvenir","Snecko Eye","PreservedInsect","Bag of Marbles","Matryoshka","Strange Spoon","WristBlade","Pantograph","Anchor","Question Card"],"potions_floor_usage":[42,45],"damage_taken":[{"damage":1.0,"enemies":"Jaw Worm","floor":1.0,"turns":7.0},{"damage":0.0,"enemies":"2 Louse","floor":4.0,"turns":3.0},{"damage":3.0,"enemies":"Cultist","floor":5.0,"turns":4.0},{"damage":28.0,"enemies":"Lagavulin","floor":6.0,"turns":8.0},{"damage":10.0,"enemies":"Large Slime","floor":8.0,"turns":5.0},{"damage":15.0,"enemies":"3 Sentries","floor":10.0,"turns":7.0},{"damage":5.0,"enemies":"Red Slaver","floor":11.0,"turns":3.0},{"damage":12.0,"enemies":"Gremlin Nob","floor":12.0,"turns":3.0},{"damage":3.0,"enemies":"The Guardian","floor":16.0,"turns":8.0},{"damage":0.0,"enemies":"Chosen","floor":18.0,"turns":3.0},{"damage":3.0,"enemies":"2 Thieves","floor":19.0,"turns":3.0},{"damage":21.0,"enemies":"Snake Plant","floor":21.0,"turns":4.0},{"damage":14.0,"enemies":"Sentry and Sphere","floor":22.0,"turns":6.0},{"damage":3.0,"enemies":"Book of Stabbing","floor":23.0,"turns":3.0},{"damage":13.0,"enemies":"Snecko","floor":27.0,"turns":4.0},{"damage":4.0,"enemies":"Collector","floor":33.0,"turns":6.0},{"damage":3.0,"enemies":"Orb Walker","floor":35.0,"turns":2.0},{"damage":26,"enemies":"3 Darklings","floor":39,"turns":5},{"damage":5,"enemies":"Nemesis","floor":41,"turns":3},{"damage":3,"enemies":"Spire Growth","floor":42,"turns":3},{"damage":10,"enemies":"Jaw Worm Horde","floor":44,"turns":2},{"damage":35,"enemies":"Maw","floor":45,"turns":8},{"damage":2,"enemies":"Writhing Mass","floor":46,"turns":3}],"seed_played":"3531291686921145785","potions_obtained":[{"floor":3.0,"key":"PowerPotion"},{"floor":3.0,"key":"Ancient Potion"},{"floor":3.0,"key":"Strength Potion"},{"floor":5.0,"key":"GhostInAJar"},{"floor":11.0,"key":"GamblersBrew"},{"floor":12.0,"key":"Energy Potion"},{"floor":16.0,"key":"Energy Potion"},{"floor":18.0,"key":"GhostInAJar"},{"floor":19.0,"key":"Swift Potion"},{"floor":27.0,"key":"GhostInAJar"},{"floor":41,"key":"Swift Potion"},{"floor":44,"key":"Fruit Juice"}],"is_trial":false,"path_per_floor":["M","?","?","M","M","E","R","M","T","E","M","E","R","$","R","B",null,"M","M","$","M","M","E","?","R","T","M","R","$","R","$","R","B",null,"M","$","?","?","M","R","E","M","T","M","M"],"character_chosen":"THE_SILENT","items_purchased":["Bane","ClockworkSouvenir","PreservedInsect","Strange Spoon","Sucker Punch"],"campfire_rested":7,"item_purchase_floors":[14,14,20,29,36],"current_hp_per_floor":[62,62,62,62,59,31,52,42,42,27,22,10,31,31,52,49,65,65,62,62,41,27,24,24,45,45,32,53,53,53,53,70,66,69,66,66,66,66,40,61,56,53,53,43,13,11],"gold":160,"neow_bonus":"HUNDRED_GOLD","is_prod":false,"is_daily":false,"chose_seed":false,"campfire_upgraded":1,"win_rate":0,"timestamp":1540777345,"path_taken":["M","?","?","M","M","E","R","M","T","E","M","E","R","$","R","BOSS","M","M","$","M","M","E","?","R","T","M","R","$","R","?","R","BOSS","M","$","?","?","?","R","E","?","T","M","M","M"],"build_version":"2018-10-25v2","purchased_purges":1,"victory":false,"max_hp_per_floor":[70,70,70,70,70,70,70,70,70,70,70,70,70,70,70,70,70,70,70,70,70,70,70,70,70,70,70,70,70,70,70,70,70,70,70,70,70,70,70,70,70,70,70,70,75,75],"card_choices":[{"not_picked":["Dodge and Roll","Sucker Punch"],"picked":"Noxious Fumes","floor":1.0},{"not_picked":["Bane","PiercingWail"],"picked":"Poisoned Stab","floor":4.0},{"not_picked":["Dash","Poisoned Stab"],"picked":"Crippling Poison","floor":5.0},{"not_picked":["Unload","Terror"],"picked":"Backstab","floor":6.0},{"not_picked":["Flechettes","Underhanded Strike"],"picked":"Bouncing Flask","floor":8.0},{"not_picked":["Bane","PiercingWail"],"picked":"Crippling Poison","floor":10.0},{"not_picked":["Acrobatics","Flying Knee"],"picked":"Bane","floor":11.0},{"not_picked":["Tactician","Backflip"],"picked":"Dash","floor":12.0},{"not_picked":["Wraith Form v2","Phantasmal Killer"],"picked":"A Thousand Cuts","floor":16.0},{"not_picked":["Tactician","Cloak And Dagger"],"picked":"Noxious Fumes","floor":18.0},{"not_picked":["Dagger Spray","Endless Agony"],"picked":"Backflip","floor":19.0},{"not_picked":["PiercingWail+1","Setup"],"picked":"Skewer+1","floor":21.0},{"not_picked":["Outmaneuver","Well Laid Plans"],"picked":"Cloak And Dagger+1","floor":22.0},{"not_picked":["Backflip","Acrobatics+1"],"picked":"Deadly Poison","floor":23.0},{"not_picked":["Underhanded Strike+1","Wraith Form v2"],"picked":"Blade Dance+1","floor":27.0},{"not_picked":["Envenom","Doppelganger"],"picked":"Adrenaline","floor":33.0},{"not_picked":["Flying Knee+1","Setup"],"picked":"Bane+1","floor":35.0},{"not_picked":["Outmaneuver+1","Prepared"],"picked":"Dash+1","floor":39},{"not_picked":["Acrobatics","Dagger Throw"],"picked":"Quick Slash","floor":41},{"not_picked":["PiercingWail+1","Dagger Throw+1"],"picked":"Backflip+1","floor":42},{"not_picked":["Cloak And Dagger","Underhanded Strike","Poisoned Stab+1"],"picked":"Burst","floor":44},{"not_picked":["Outmaneuver+1","Distraction+1","Flechettes"],"picked":"Catalyst","floor":45}],"player_experience":884937,"relics_obtained":[{"floor":6.0,"key":"Pocketwatch"},{"floor":9.0,"key":"Bottled Flame"},{"floor":10.0,"key":"Whetstone"},{"floor":12.0,"key":"Happy Flower"},{"floor":23.0,"key":"Bag of Marbles"},{"floor":26.0,"key":"Matryoshka"},{"floor":41,"key":"Pantograph"},{"floor":43,"key":"Anchor"},{"floor":43,"key":"Question Card"}],"event_choices":[{"cards_removed":["Strike_G"],"damage_healed":0.0,"max_hp_gain":0.0,"max_hp_loss":0.0,"gold_gain":0.0,"event_name":"The Cleric","player_choice":"Card Removal","floor":2.0,"gold_loss":50.0,"damage_taken":0.0},{"damage_healed":0.0,"max_hp_gain":0.0,"max_hp_loss":0.0,"gold_gain":0.0,"event_name":"The Lab","player_choice":"Got Potions","floor":3.0,"gold_loss":0.0,"damage_taken":0.0},{"damage_healed":0.0,"max_hp_gain":0.0,"max_hp_loss":0.0,"gold_gain":99.0,"event_name":"Nest","player_choice":"Stole From Cult","floor":24.0,"gold_loss":0.0,"damage_taken":0.0},{"damage_healed":0,"gold_gain":0,"player_choice":"Ignored","damage_taken":0,"max_hp_gain":0,"max_hp_loss":0,"event_name":"Mysterious Sphere","floor":37,"gold_loss":0},{"damage_healed":0,"gold_gain":0,"player_choice":"Memory 1","damage_taken":0,"max_hp_gain":0,"max_hp_loss":0,"event_name":"SensoryStone","floor":38,"gold_loss":0}],"is_beta":false,"boss_relics":[{"not_picked":["Philosopher\u0027s Stone","Empty Cage"],"picked":"Snecko Eye"},{"not_picked":["White Beast Statue","Velvet Choker"],"picked":"WristBlade"}],"items_purged_floors":[14],"is_endless":false,"potions_floor_spawned":[4,5,11,12,16,18,19,27,41,44],"killed_by":"Writhing Mass","ascension_level":10}