{"gold_per_floor":[117,128,146,163,177,204,204,235,235,255,255,255,255,44,44,142,192,206,219,219,219,239,239,256,285,341,341,354,373,387,139,139,237,237,248,267,281,381,399,399,415,415,493,513,524,544,544,544,544,544],"floor_reached":50,"playtime":5361,"items_purged":[],"score":532,"play_id":"31b897b1-484c-4ec5-aadd-a356abf59f00","local_time":"20190626230708","is_ascension_mode":false,"campfire_choices":[{"floor":7.0,"key":"REST"},{"floor":12.0,"key":"RECALL"},{"data":"Seeing Red","floor":15.0,"key":"SMITH"},{"data":"Barricade","floor":23.0,"key":"SMITH"},{"data":"Seeing Red","floor":27.0,"key":"SMITH"},{"data":"Rage","floor":32.0,"key":"SMITH"},{"data":"Pommel Strike","floor":40.0,"key":"SMITH"},{"data":"Bite","floor":42.0,"key":"SMITH"},{"floor":49,"key":"REST"}],"neow_cost":"NONE","seed_source_timestamp":0,"circlet_count":0,"master_deck":["Defend_R","Defend_R+1","Defend_R","Defend_R","Bash","Pommel Strike+1","Shrug It Off","Seeing Red+1","Shrug It Off","Seeing Red+1","Rage+1","Reaper","Clothesline","Iron Wave","Uppercut","Barricade+1","Inflame","Wild Strike+1","Seeing Red+1","Bite+1","Bite","Bite","Bite","Bite","Inflame+1","Whirlwind+1","Blood for Blood+1","Shrug It Off","Flex","Whirlwind+1","Immolate","Entrench+1","Metallicize+1","Wild Strike+1","True Grit+1","Parasite","Spot Weakness","Intimidate+1","Heavy Blade+1","Flex+1","Impatience","Demon Form","Bash","Hemokinesis"],"special_seed":0,"relics":["Burning Blood","Mercury Hourglass","Nunchaku","Bag of Marbles","Tiny House","Question Card","Tiny Chest","Shuriken","Mark of Pain","Blue Candle","Du-Vu Doll"],"potions_floor_usage":[50,50],"damage_taken":[{"damage":0.0,"enemies":"Cultist","floor":1.0,"turns":4.0},{"damage":1.0,"enemies":"2 Louse","floor":2.0,"turns":3.0},{"damage":2.0,"enemies":"Jaw Worm","floor":3.0,"turns":4.0},{"damage":2.0,"enemies":"Blue Slaver","floor":4.0,"turns":6.0},{"damage":0.0,"enemies":"Red Slaver","floor":5.0,"turns":5.0},{"damage":75.0,"enemies":"Gremlin Nob","floor":6.0,"turns":7.0},{"damage":9.0,"enemies":"3 Sentries","floor":8.0,"turns":10.0},{"damage":0.0,"enemies":"Large Slime","floor":10.0,"turns":5.0},{"damage":52.0,"enemies":"Slime Boss","floor":16.0,"turns":13.0},{"damage":26.0,"enemies":"Spheric Guardian","floor":18.0,"turns":8.0},{"damage":23.0,"enemies":"Shell Parasite","floor":19.0,"turns":6.0},{"damage":29.0,"enemies":"Chosen and Byrds","floor":22.0,"turns":5.0},{"damage":6.0,"enemies":"Cultist and Chosen","floor":24.0,"turns":6.0},{"damage":36.0,"enemies":"Gremlin Leader","floor":25.0,"turns":8.0},{"damage":15.0,"enemies":"Snake Plant","floor":28.0,"turns":3.0},{"damage":0.0,"enemies":"3 Cultists","floor":29.0,"turns":3.0},{"damage":6.0,"enemies":"Snecko","floor":30.0,"turns":3.0},{"damage":67.0,"enemies":"Collector","floor":33.0,"turns":7.0},{"damage":12.0,"enemies":"3 Shapes","floor":35.0,"turns":2.0},{"damage":9.0,"enemies":"Orb Walker","floor":36.0,"turns":3.0},{"damage":0.0,"enemies":"Spire Growth","floor":37.0,"turns":3.0},{"damage":0.0,"enemies":"Jaw Worm Horde","floor":39.0,"turns":1.0},{"damage":11.0,"enemies":"Writhing Mass","floor":41.0,"turns":7.0},{"damage":28.0,"enemies":"Spire Growth","floor":44.0,"turns":4.0},{"damage":54.0,"enemies":"Maw","floor":45.0,"turns":9.0},{"damage":0.0,"enemies":"Sphere and 2 Shapes","floor":46.0,"turns":1.0},{"damage":61,"enemies":"Time Eater","floor":50,"turns":6}],"seed_played":"3028247345293584037","potions_obtained":[{"floor":3.0,"key":"AttackPotion"},{"floor":6.0,"key":"Explosive Potion"},{"floor":8.0,"key":"Weak Potion"},{"floor":10.0,"key":"SpeedPotion"},{"floor":17.0,"key":"FairyPotion"},{"floor":22.0,"key":"Fire Potion"},{"floor":33.0,"key":"Ancient Potion"},{"floor":39.0,"key":"Ancient Potion"}],"is_trial":false,"path_per_floor":["M","M","M","M","M","E","R","E","T","M","?","R","?","$","R","B",null,"M","M","?","?","M","R","M","E","T","R","M","M","M","$","R","B",null,"M","M","M","?","M","R","M","R","T","M","M","M","T","?","R","B"],"character_chosen":"IRONCLAD","items_purchased":["Bag of Marbles","Uppercut","Shuriken"],"campfire_rested":2,"item_purchase_floors":[14,14,31],"current_hp_per_floor":[80,80,80,80,80,11,35,44,44,58,58,58,58,58,58,20,85,65,48,48,48,35,35,55,35,35,35,28,40,48,48,48,22,59,55,54,59,59,59,59,58,58,58,41,14,20,20,20,37,0],"gold":544,"neow_bonus":"THREE_CARDS","is_prod":false,"is_daily":false,"chose_seed":false,"campfire_upgraded":6,"win_rate":0,"timestamp":1561583228,"path_taken":["M","?","M","M","M","E","R","E","T","M","?","R","?","$","R","BOSS","M","M","?","?","M","R","M","E","T","R","M","M","?","$","R","BOSS","M","M","M","?","M","R","M","R","T","?","M","M","?","?","R","BOSS"],"build_version":"2019-01-23","purchased_purges":0,"victory":false,"max_hp_per_floor":[80,80,80,80,80,80,80,80,80,80,80,80,80,80,80,80,85,85,85,59,59,59,59,59,59,59,59,59,59,59,59,59,59,59,59,59,59,59,59,59,59,59,59,59,59,59,59,59,59,59],"card_choices":[{"not_picked":["Fire Breathing","Reckless Charge"],"picked":"Pommel Strike","floor":0.0},{"not_picked":["Anger","Wild Strike"],"picked":"Shrug It Off","floor":1.0},{"not_picked":["Blood for Blood","Thunderclap"],"picked":"Seeing Red","floor":2.0},{"not_picked":["Cleave","Burning Pact"],"picked":"Shrug It Off","floor":3.0},{"not_picked":["Blood for Blood","Fire Breathing"],"picked":"Seeing Red","floor":4.0},{"not_picked":["Sword Boomerang","Entrench"],"picked":"Rage","floor":5.0},{"not_picked":["Shrug It Off","Power Through"],"picked":"Reaper","floor":6.0},{"not_picked":["Sever Soul","Cleave"],"picked":"Clothesline","floor":8.0},{"not_picked":["Bloodletting","Anger"],"picked":"Iron Wave","floor":10.0},{"not_picked":["Fiend Fire","Brutality"],"picked":"Barricade","floor":16.0},{"not_picked":["Headbutt","Armaments"],"picked":"Inflame","floor":17.0},{"not_picked":["Entrench","Sword Boomerang+1"],"picked":"Wild Strike+1","floor":18.0},{"not_picked":["Infernal Blade","Reckless Charge"],"picked":"Seeing Red","floor":19.0},{"not_picked":["Thunderclap","Warcry"],"picked":"Inflame+1","floor":22.0},{"not_picked":["Flex","Iron Wave"],"picked":"Whirlwind+1","floor":24.0},{"not_picked":["Anger","Demon Form"],"picked":"Blood for Blood+1","floor":25.0},{"not_picked":["Ghostly Armor+1","Rage","Burning Pact"],"picked":"Shrug It Off","floor":28.0},{"not_picked":["Wild Strike","Rupture","Headbutt"],"picked":"Flex","floor":29.0},{"not_picked":["Pommel Strike","Dropkick","Body Slam+1"],"picked":"Whirlwind+1","floor":30.0},{"not_picked":["Brutality","Fiend Fire","Demon Form"],"picked":"Immolate","floor":33.0},{"not_picked":["Wild Strike","True Grit","Clash"],"picked":"Entrench+1","floor":35.0},{"not_picked":["Headbutt+1","Cleave+1","Perfected Strike+1"],"picked":"Metallicize+1","floor":36.0},{"not_picked":["Cleave","Feel No Pain","Heavy Blade"],"picked":"Wild Strike+1","floor":37.0},{"not_picked":["Second Wind+1","Anger","Warcry+1"],"picked":"True Grit+1","floor":39.0},{"not_picked":["Rampage","Clash","Thunderclap"],"picked":"Spot Weakness","floor":41.0},{"not_picked":["Wild Strike","Power Through+1","Spot Weakness"],"picked":"Intimidate+1","floor":44.0},{"not_picked":["Seeing Red","Fiend Fire","Twin Strike"],"picked":"Heavy Blade+1","floor":45.0},{"not_picked":["Searing Blow+1","Clothesline","Wild Strike+1"],"picked":"Flex+1","floor":46}],"player_experience":107302,"relics_obtained":[{"floor":6.0,"key":"Mercury Hourglass"},{"floor":8.0,"key":"Nunchaku"},{"floor":25.0,"key":"Question Card"},{"floor":26.0,"key":"Tiny Chest"},{"floor":43.0,"key":"Blue Candle"},{"floor":47,"key":"Du-Vu Doll"}],"event_choices":[{"damage_healed":0.0,"max_hp_gain":0.0,"max_hp_loss":0.0,"gold_gain":0.0,"event_name":"Living Wall","player_choice":"Grow","floor":11.0,"gold_loss":0.0,"damage_taken":0.0,"cards_upgraded":["Seeing Red"]},{"damage_healed":0.0,"max_hp_gain":0.0,"max_hp_loss":0.0,"gold_gain":0.0,"event_name":"Liars Game","player_choice":"Ignored","floor":13.0,"gold_loss":0.0,"damage_taken":0.0},{"damage_healed":0.0,"max_hp_gain":0.0,"max_hp_loss":26.0,"gold_gain":0.0,"event_name":"Vampires","player_choice":"Became a vampire","floor":20.0,"gold_loss":0.0,"damage_taken":0.0,"cards_obtained":["Bite","Bite","Bite","Bite","Bite"]},{"damage_healed":0.0,"max_hp_gain":0.0,"max_hp_loss":0.0,"gold_gain":0.0,"event_name":"NoteForYourself","player_choice":"Ignored","floor":21.0,"gold_loss":0.0,"damage_taken":0.0},{"damage_healed":0.0,"max_hp_gain":0.0,"max_hp_loss":0.0,"gold_gain":100.0,"event_name":"Golden Shrine","player_choice":"Pray","floor":38.0,"gold_loss":0.0,"damage_taken":0.0},{"damage_healed":0,"gold_gain":0,"player_choice":"4 cards matched","damage_taken":0,"max_hp_gain":0,"max_hp_loss":0,"event_name":"Match and Keep!","floor":48,"gold_loss":0,"cards_obtained":["Impatience","Demon Form","Bash","Hemokinesis"]}],"is_beta":false,"boss_relics":[{"not_picked":["Velvet Choker","Fusion Hammer"],"picked":"Tiny House"},{"not_picked":["White Beast Statue","Snecko Eye"],"picked":"Mark of Pain"}],"items_purged_floors":[],"is_endless":false,"potions_floor_spawned":[3,6,8,10,22,30,33,39,41,44,46],"killed_by":"Time Eater","ascension_level":0}