{"gold_per_floor":[117,129,129,144,144,178,178,197,197,213,213,228,243,278,290,373,385,340,340,303,303,303,303,303,303,303,76,76,26,26,26,26,26,26,26,26,26,26,26,26,26,0,0,0,0,0,0,0,0,0],"floor_reached":50,"playtime":5268,"items_purged":[],"score":928,"play_id":"1574eca0-7480-4626-be9f-90d3179d2681","local_time":"20190524122601","is_ascension_mode":true,"campfire_choices":[{"data":"Cloak And Dagger","floor":7.0,"key":"SMITH"},{"floor":11.0,"key":"REST"},{"data":"Cloak And Dagger","floor":15.0,"key":"SMITH"},{"data":"Choke","floor":28.0,"key":"SMITH"},{"floor":32.0,"key":"REST"},{"data":"Blade Dance","floor":40.0,"key":"SMITH"},{"data":"Quick Slash","floor":44.0,"key":"SMITH"},{"data":"Prepared","floor":49.0,"key":"SMITH"}],"neow_cost":"NONE","seed_source_timestamp":0,"circlet_count":0,"master_deck":["AscendersBane","Defend_G","Defend_G","Defend_G","Defend_G","Defend_G","Survivor","Neutralize","Cloak And Dagger+1","Cloak And Dagger+1","Endless Agony","Doppelganger","Slice","Flying Knee","Blade Dance+1","Acrobatics","Cloak And Dagger+1","Envenom","Slice","Backflip","Endless Agony","Bite","Bite","Bite","Bite","Escape Plan","Choke+1","Footwork","Quick Slash+1","Slice","Doppelganger","Slice+1","Dash+1","Infinite Blades+1","Prepared+1","Prepared"],"special_seed":0,"relics":["Ring of the Snake","Mercury Hourglass","Pantograph","Paper Crane","MawBank","Ectoplasm","Shuriken","Potion Belt","Lantern","Orichalcum","Eternal Feather","Thread and Needle","Juzu Bracelet","Red Mask","Bag of Marbles","Blood Vial"],"potions_floor_usage":[50],"damage_taken":[{"damage":1.0,"enemies":"2 Louse","floor":1.0,"turns":4.0},{"damage":1.0,"enemies":"Small Slimes","floor":2.0,"turns":5.0},{"damage":0.0,"enemies":"Cultist","floor":4.0,"turns":4.0},{"damage":22.0,"enemies":"Lagavulin","floor":6.0,"turns":6.0},{"damage":3.0,"enemies":"Looter","floor":8.0,"turns":3.0},{"damage":2.0,"enemies":"Blue Slaver","floor":10.0,"turns":3.0},{"damage":0.0,"enemies":"Gremlin Gang","floor":12.0,"turns":4.0},{"damage":0.0,"enemies":"Large Slime","floor":13.0,"turns":4.0},{"damage":5.0,"enemies":"3 Sentries","floor":14.0,"turns":6.0},{"damage":14.0,"enemies":"Slime Boss","floor":16.0,"turns":9.0},{"damage":6.0,"enemies":"2 Thieves","floor":18.0,"turns":4.0},{"damage":6.0,"enemies":"Spheric Guardian","floor":19.0,"turns":3.0},{"damage":19.0,"enemies":"Shelled Parasite and Fungi","floor":22.0,"turns":5.0},{"damage":19.0,"enemies":"Slavers","floor":23.0,"turns":6.0},{"damage":4.0,"enemies":"Snecko","floor":30.0,"turns":4.0},{"damage":21.0,"enemies":"Snake Plant","floor":31.0,"turns":4.0},{"damage":57.0,"enemies":"Champ","floor":33.0,"turns":9.0},{"damage":3.0,"enemies":"Orb Walker","floor":35.0,"turns":2.0},{"damage":5.0,"enemies":"3 Darklings","floor":36.0,"turns":5.0},{"damage":15.0,"enemies":"Spire Growth","floor":37.0,"turns":4.0},{"damage":8.0,"enemies":"Mind Bloom Boss Battle","floor":38.0,"turns":6.0},{"damage":14.0,"enemies":"Giant Head","floor":41.0,"turns":7.0},{"damage":1.0,"enemies":"Maw","floor":47.0,"turns":5.0},{"damage":59,"enemies":"Awakened One","floor":50,"turns":10}],"seed_played":"1607912972020846999","potions_obtained":[{"floor":2.0,"key":"FearPotion"},{"floor":8.0,"key":"Weak Potion"},{"floor":10.0,"key":"Swift Potion"},{"floor":12.0,"key":"SkillPotion"},{"floor":14.0,"key":"FearPotion"},{"floor":18.0,"key":"SteroidPotion"},{"floor":19.0,"key":"SpeedPotion"},{"floor":31.0,"key":"PowerPotion"},{"floor":36.0,"key":"Weak Potion"},{"floor":47.0,"key":"Dexterity Potion"}],"is_trial":false,"path_per_floor":["M","M","?","M","?","E","R","M","T","M","R","M","M","E","R","B",null,"M","M","$","?","M","E","?","?","T","$","R","?","M","M","R","B",null,"M","M","M","?","?","R","E","?","T","R","?","$","M","T","R","B"],"character_chosen":"THE_SILENT","items_purchased":["Endless Agony","Orichalcum","Footwork"],"campfire_rested":2,"item_purchase_floors":[20,27,27],"current_hp_per_floor":[64,63,56,56,56,34,34,31,31,29,50,50,50,45,45,56,68,62,56,56,50,39,32,32,32,32,32,32,32,34,23,38,7,39,42,46,39,48,48,50,42,42,42,50,50,50,49,49,50,0],"gold":0,"neow_bonus":"TEN_PERCENT_HP_BONUS","is_prod":false,"is_daily":false,"chose_seed":false,"campfire_upgraded":6,"win_rate":0,"timestamp":1558718761,"path_taken":["M","M","?","M","?","E","R","M","T","M","R","M","M","E","R","BOSS","M","M","$","?","M","E","?","?","T","$","R","?","M","M","R","BOSS","M","M","?","?","?","R","E","?","T","R","?","?","M","?","R","BOSS"],"build_version":"2019-01-23","purchased_purges":0,"victory":false,"max_hp_per_floor":[72,72,72,72,72,72,72,72,72,72,72,72,72,72,72,72,72,72,72,72,50,50,50,50,50,50,50,50,50,50,50,50,50,50,50,50,50,50,50,50,50,50,50,50,50,50,50,50,50,50],"card_choices":[{"not_picked":["All Out Attack","Quick Slash"],"picked":"Cloak And Dagger","floor":1.0},{"not_picked":["Blur","Prepared"],"picked":"Cloak And Dagger","floor":2.0},{"not_picked":["Sucker Punch","Crippling Poison"],"picked":"Endless Agony","floor":4.0},{"not_picked":["Grand Finale","Deadly Poison"],"picked":"Doppelganger","floor":6.0},{"not_picked":["Dash","Poisoned Stab"],"picked":"Slice","floor":8.0},{"not_picked":["Poisoned Stab","PiercingWail"],"picked":"Flying Knee","floor":10.0},{"not_picked":["Expertise","Outmaneuver"],"picked":"Blade Dance","floor":12.0},{"not_picked":["Heel Hook","Deadly Poison"],"picked":"Acrobatics","floor":13.0},{"not_picked":["Grand Finale","Blade Dance"],"picked":"Cloak And Dagger","floor":14.0},{"not_picked":["Storm of Steel","Venomology"],"picked":"Envenom","floor":16.0},{"not_picked":["Escape Plan","Predator"],"picked":"Slice","floor":18.0},{"not_picked":["Dagger Throw","Outmaneuver"],"picked":"Backflip","floor":19.0},{"not_picked":["Poisoned Stab","Distraction"],"picked":"Escape Plan","floor":22.0},{"not_picked":["Crippling Poison","Predator"],"picked":"Choke","floor":23.0},{"not_picked":["Eviscerate","Poisoned Stab"],"picked":"Quick Slash","floor":30.0},{"not_picked":["Bane","Heel Hook+1"],"picked":"Slice","floor":31.0},{"not_picked":["Glass Knife","Burst"],"picked":"Doppelganger","floor":33.0},{"not_picked":["Choke","Acrobatics"],"picked":"Slice+1","floor":35.0},{"not_picked":["Deflect","PiercingWail"],"picked":"Dash+1","floor":36.0},{"not_picked":["Poisoned Stab","Skewer+1"],"picked":"Infinite Blades+1","floor":37.0},{"not_picked":["Reflex","Bouncing Flask+1"],"picked":"Prepared","floor":38.0},{"not_picked":["Deadly Poison","Underhanded Strike","Dodge and Roll"],"picked":"SKIP","floor":41.0},{"not_picked":["PiercingWail","Concentrate"],"picked":"Prepared","floor":47.0}],"player_experience":1389960,"relics_obtained":[{"floor":6.0,"key":"Pantograph"},{"floor":9.0,"key":"Paper Crane"},{"floor":14.0,"key":"MawBank"},{"floor":23.0,"key":"Shuriken"},{"floor":26.0,"key":"Lantern"},{"floor":38.0,"key":"Thread and Needle"},{"floor":41.0,"key":"Juzu Bracelet"},{"floor":43.0,"key":"Bag of Marbles"},{"floor":48.0,"key":"Blood Vial"}],"event_choices":[{"damage_healed":0.0,"max_hp_gain":0.0,"max_hp_loss":0.0,"gold_gain":0.0,"event_name":"Scrap Ooze","player_choice":"Success","floor":3.0,"gold_loss":0.0,"damage_taken":7.0,"relics_obtained":["Mercury Hourglass"]},{"damage_healed":0.0,"max_hp_gain":0.0,"max_hp_loss":0.0,"gold_gain":0.0,"event_name":"Living Wall","player_choice":"Grow","floor":5.0,"gold_loss":0.0,"damage_taken":0.0,"cards_upgraded":["Cloak And Dagger"]},{"damage_healed":0.0,"max_hp_gain":0.0,"max_hp_loss":22.0,"gold_gain":0.0,"event_name":"Vampires","player_choice":"Became a vampire","floor":21.0,"gold_loss":0.0,"damage_taken":0.0,"cards_obtained":["Bite","Bite","Bite","Bite","Bite"]},{"damage_healed":0.0,"max_hp_gain":0.0,"max_hp_loss":0.0,"gold_gain":0.0,"event_name":"The Mausoleum","player_choice":"Opened","floor":24.0,"gold_loss":0.0,"damage_taken":0.0,"relics_obtained":["Potion Belt"]},{"damage_healed":0.0,"max_hp_gain":0.0,"max_hp_loss":0.0,"gold_gain":0.0,"event_name":"Cursed Tome","player_choice":"Ignored","floor":25.0,"gold_loss":0.0,"damage_taken":0.0},{"damage_healed":0.0,"max_hp_gain":0.0,"max_hp_loss":0.0,"gold_gain":100.0,"event_name":"The Joust","player_choice":"Bet on Murderer","floor":29.0,"gold_loss":50.0,"damage_taken":0.0},{"damage_healed":0.0,"max_hp_gain":0.0,"max_hp_loss":0.0,"gold_gain":0.0,"event_name":"MindBloom","player_choice":"Fight","floor":38.0,"gold_loss":0.0,"damage_taken":0.0},{"damage_healed":0.0,"max_hp_gain":0.0,"max_hp_loss":0.0,"gold_gain":0.0,"event_name":"SecretPortal","player_choice":"Ignored","floor":39.0,"gold_loss":0.0,"damage_taken":0.0},{"damage_healed":0.0,"max_hp_gain":0.0,"max_hp_loss":0.0,"gold_gain":0.0,"event_name":"Tomb of Lord Red Mask","player_choice":"Paid","floor":42.0,"gold_loss":26.0,"damage_taken":0.0,"relics_obtained":["Red Mask"]},{"cards_removed":["Bite"],"damage_healed":0.0,"max_hp_gain":0.0,"max_hp_loss":0.0,"gold_gain":0.0,"event_name":"Falling","player_choice":"Removed Attack","floor":45.0,"gold_loss":0.0,"damage_taken":0.0}],"is_beta":false,"boss_relics":[{"not_picked":["Fusion Hammer","Coffee Dripper"],"picked":"Ectoplasm"},{"not_picked":["Sozu","Cursed Key"],"picked":"Eternal Feather"}],"items_purged_floors":[],"is_endless":false,"potions_floor_spawned":[2,8,10,12,14,18,19,31,36,47],"killed_by":"Awakened One","ascension_level":14}