{"gold_per_floor":[110,60,60,78,78,104,51,51,105,30,30,56,56,69,69,165,165,180,180,191,91,111,111,128,128,128,128,147,165,12,12,12,12],"floor_reached":33,"playtime":1983,"items_purged":["Strike_G","Defend_G"],"score":417,"play_id":"d50726fc-19f4-4ee4-b1c1-073c9cf02f9e","local_time":"20181025123630","is_ascension_mode":true,"campfire_choices":[{"data":"Dagger Spray","floor":8.0,"key":"SMITH"},{"data":"Flying Knee","floor":11.0,"key":"SMITH"},{"data":"Quick Slash","floor":13.0,"key":"SMITH"},{"floor":15.0,"key":"REST"},{"floor":23,"key":"REST"},{"floor":25,"key":"REST"},{"floor":32,"key":"REST"}],"neow_cost":"NONE","seed_source_timestamp":0,"circlet_count":0,"master_deck":["Defend_G","Defend_G","Defend_G","Defend_G","Survivor","Neutralize","AscendersBane","Poisoned Stab","Flying Knee+1","Caltrops","Dagger Spray+1","Quick Slash+1","Quick Slash","Flying Knee","A Thousand Cuts","Sucker Punch","Tools of the Trade","Cloak And Dagger+1","Dagger Spray","Poisoned Stab+1","Riddle With Holes+1","Deflect","Cloak And Dagger"],"special_seed":0,"relics":["Ring of the Snake","Oddly Smooth Stone","Dream Catcher","Ice Cream","Empty Cage","Strawberry","Nloth\u0027s Gift","Vajra"],"potions_floor_usage":[22,22,24,28],"damage_taken":[{"damage":0.0,"enemies":"Jaw Worm","floor":1.0,"turns":1.0},{"damage":0.0,"enemies":"Small Slimes","floor":4.0,"turns":1.0},{"damage":0.0,"enemies":"Lagavulin","floor":6.0,"turns":1.0},{"damage":19.0,"enemies":"3 Sentries","floor":12.0,"turns":8.0},{"damage":0.0,"enemies":"2 Louse","floor":14.0,"turns":2.0},{"damage":54.0,"enemies":"Hexaghost","floor":16.0,"turns":11.0},{"damage":15.0,"enemies":"Spheric Guardian","floor":18.0,"turns":4.0},{"damage":3.0,"enemies":"Chosen","floor":20.0,"turns":5.0},{"damage":35,"enemies":"Centurion and Healer","floor":22,"turns":5},{"damage":20,"enemies":"Sentry and Sphere","floor":24,"turns":4},{"damage":21,"enemies":"Shelled Parasite and Fungi","floor":28,"turns":4},{"damage":14,"enemies":"Snecko","floor":29,"turns":6},{"damage":21,"enemies":"Champ","floor":33,"turns":3}],"seed_played":"-7066390791207565285","potions_obtained":[{"floor":1.0,"key":"FearPotion"},{"floor":12.0,"key":"Fire Potion"},{"floor":18.0,"key":"Fruit Juice"},{"floor":22,"key":"AttackPotion"},{"floor":24,"key":"Energy Potion"}],"is_trial":false,"path_per_floor":["M","?","?","M","?","E","$","R","T","$","R","E","R","M","R","B",null,"M","?","M","$","M","R","M","R","T","?","M","M","$","?","R"],"character_chosen":"THE_SILENT","items_purchased":["Dagger Spray","Vajra"],"campfire_rested":4,"item_purchase_floors":[7,30],"current_hp_per_floor":[63,63,63,63,63,63,63,63,63,63,63,44,44,44,65,11,55,40,40,37,37,7,29,9,31,38,38,17,3,3,3,27,6],"gold":12,"neow_bonus":"THREE_ENEMY_KILL","is_prod":false,"is_daily":false,"chose_seed":false,"campfire_upgraded":3,"win_rate":0,"timestamp":1540488990,"path_taken":["M","?","?","?","?","E","$","R","T","?","R","E","R","M","R","BOSS","M","?","M","$","?","R","M","R","T","?","?","M","?","?","R","BOSS"],"build_version":"2018-10-18","purchased_purges":2,"victory":false,"max_hp_per_floor":[70,70,70,70,70,70,70,70,70,70,70,70,70,70,70,70,70,70,70,70,70,75,75,75,75,82,82,82,82,82,82,82,82],"card_choices":[{"not_picked":["Setup","Catalyst"],"picked":"Poisoned Stab","floor":1.0},{"not_picked":["Dagger Throw","Terror"],"picked":"Flying Knee","floor":4.0},{"not_picked":["Well Laid Plans","Storm of Steel"],"picked":"Caltrops","floor":6.0},{"not_picked":["Bouncing Flask","Concentrate"],"picked":"Quick Slash","floor":12.0},{"not_picked":["Blade Dance","Setup"],"picked":"Quick Slash","floor":14.0},{"not_picked":["Infinite Blades","Deflect"],"picked":"Flying Knee","floor":15.0},{"not_picked":["Wraith Form v2","Bullet Time"],"picked":"A Thousand Cuts","floor":16.0},{"not_picked":["Flying Knee","Cloak And Dagger"],"picked":"Sucker Punch","floor":18.0},{"not_picked":["Quick Slash","Sucker Punch"],"picked":"Cloak And Dagger+1","floor":20.0},{"not_picked":["Flying Knee","Bane"],"picked":"Dagger Spray","floor":22},{"not_picked":["Slice","Acrobatics"],"picked":"Poisoned Stab+1","floor":23},{"not_picked":["Outmaneuver","Tactician","Bouncing Flask"],"picked":"SKIP","floor":24},{"not_picked":["Cloak And Dagger","Malaise"],"picked":"Riddle With Holes+1","floor":25},{"not_picked":["Underhanded Strike","Malaise"],"picked":"Deflect","floor":28},{"not_picked":["Accuracy","PiercingWail","Malaise"],"picked":"SKIP","floor":29},{"not_picked":["Noxious Fumes","Terror"],"picked":"Cloak And Dagger","floor":32}],"player_experience":862408,"relics_obtained":[{"floor":6.0,"key":"Oddly Smooth Stone"},{"floor":9.0,"key":"Dream Catcher"},{"floor":12.0,"key":"Ice Cream"},{"floor":26,"key":"Strawberry"}],"event_choices":[{"cards_removed":["Strike_G"],"damage_healed":0.0,"max_hp_gain":0.0,"max_hp_loss":0.0,"gold_gain":0.0,"event_name":"The Cleric","player_choice":"Card Removal","floor":2.0,"gold_loss":50.0,"damage_taken":0.0},{"cards_removed":["Strike_G"],"damage_healed":0.0,"max_hp_gain":0.0,"max_hp_loss":0.0,"gold_gain":0.0,"event_name":"Living Wall","player_choice":"Forget","floor":3.0,"gold_loss":0.0,"damage_taken":0.0},{"damage_healed":0.0,"max_hp_gain":0.0,"max_hp_loss":0.0,"gold_gain":0.0,"event_name":"Wheel of Change","player_choice":"Cursed","floor":5.0,"gold_loss":0.0,"damage_taken":0.0,"cards_obtained":["Decay"]},{"damage_healed":0.0,"max_hp_gain":0.0,"max_hp_loss":0.0,"gold_gain":0.0,"cards_transformed":["Strike_G"],"event_name":"Transmorgrifier","player_choice":"Transformed","floor":19.0,"gold_loss":0.0,"damage_taken":0.0,"cards_obtained":["Tools of the Trade"]},{"damage_healed":0,"gold_gain":0,"player_choice":"Traded Relic","damage_taken":0,"relics_obtained":["Nloth\u0027s Gift"],"max_hp_gain":0,"max_hp_loss":0,"event_name":"N\u0027loth","floor":27,"relics_lost":["NeowsBlessing"],"gold_loss":0},{"damage_healed":0,"gold_gain":0,"player_choice":"Ignored","damage_taken":0,"max_hp_gain":0,"max_hp_loss":0,"event_name":"Vampires","floor":31,"gold_loss":0}],"is_beta":false,"boss_relics":[{"not_picked":["Lizard Tail","Philosopher\u0027s Stone"],"picked":"Empty Cage"}],"items_purged_floors":[10,21],"is_endless":false,"potions_floor_spawned":[1,12,18,22,24],"killed_by":"Champ","ascension_level":10}