{"gold_per_floor":[111,123,30,30,30,30,50,67,67,83,8,33,45,73,85,194,206,201,233,145,145,70,70],"floor_reached":23,"playtime":1497,"items_purged":["Defend_R","Defend_R"],"score":191,"play_id":"d6c41451-9048-4ca7-a81a-39dfe4e0af4f","local_time":"20190326191916","is_ascension_mode":false,"campfire_choices":[{"data":"Bash","floor":6,"key":"SMITH"},{"data":"Defend_R","floor":15,"key":"SMITH"}],"neow_cost":"NONE","seed_source_timestamp":888293201561424,"circlet_count":0,"master_deck":["Strike_R","Strike_R","Strike_R","Strike_R","Defend_R","Defend_R+1","Bash+1"],"relics":["Black Blood","Pocketwatch","Torii","MawBank"],"potions_floor_usage":[16,19],"damage_taken":[{"damage":11,"enemies":"Jaw Worm","floor":1,"turns":5},{"damage":1,"enemies":"Cultist","floor":2,"turns":3},{"damage":2,"enemies":"2 Louse","floor":7,"turns":4},{"damage":22,"enemies":"Lots of Slimes","floor":8,"turns":6},{"damage":10,"enemies":"Looter","floor":10,"turns":2},{"damage":28,"enemies":"Gremlin Nob","floor":12,"turns":4},{"damage":9,"enemies":"Blue Slaver","floor":14,"turns":4},{"damage":39,"enemies":"The Guardian","floor":16,"turns":16},{"damage":31,"enemies":"2 Thieves","floor":18,"turns":4},{"damage":17,"enemies":"3 Byrds","floor":19,"turns":5},{"damage":20,"enemies":"Gremlin Leader","floor":23,"turns":3}],"seed_played":"7836503622270811034","potions_obtained":[{"floor":7,"key":"Weak Potion"},{"floor":14,"key":"FearPotion"},{"floor":16,"key":"BloodPotion"},{"floor":18,"key":"LiquidBronze"}],"is_trial":false,"path_per_floor":["M","M","?","$","?","R","M","M","T","M","$","E","?","M","R","B",null,"M","M","$","?","?","E"],"character_chosen":"IRONCLAD","items_purchased":[],"campfire_rested":0,"item_purchase_floors":[],"current_hp_per_floor":[83,88,88,88,88,88,88,72,72,68,68,46,46,43,43,10,88,67,60,60,60,60,40],"gold":70,"neow_bonus":"TEN_PERCENT_HP_BONUS","is_prod":false,"is_daily":false,"chose_seed":false,"campfire_upgraded":2,"win_rate":0,"timestamp":1553624356,"path_taken":["M","M","?","?","?","R","M","M","T","?","$","E","?","M","R","BOSS","M","M","$","?","?","E"],"build_version":"2019-01-23","purchased_purges":2,"victory":false,"max_hp_per_floor":[88,88,88,88,88,88,88,88,88,88,88,88,88,88,88,88,88,88,88,88,88,88,88],"card_choices":[{"not_picked":["Cleave","Headbutt","Clash"],"picked":"SKIP","floor":1},{"not_picked":["Armaments","Headbutt","Shrug It Off"],"picked":"SKIP","floor":2},{"not_picked":["Pommel Strike","Cleave","Perfected Strike"],"picked":"SKIP","floor":7},{"not_picked":["True Grit","Cleave","Fire Breathing"],"picked":"SKIP","floor":8},{"not_picked":["Seeing Red","Reckless Charge","Armaments"],"picked":"SKIP","floor":10},{"not_picked":["Battle Trance","Pummel","Perfected Strike"],"picked":"SKIP","floor":12},{"not_picked":["Pommel Strike","Headbutt","Heavy Blade"],"picked":"SKIP","floor":14},{"not_picked":["Fire Breathing","Power Through","Heavy Blade+1"],"picked":"SKIP","floor":18},{"not_picked":["Evolve","Sever Soul","Thunderclap"],"picked":"SKIP","floor":19}],"player_experience":238575,"relics_obtained":[{"floor":9,"key":"Torii"},{"floor":12,"key":"MawBank"}],"event_choices":[{"damage_healed":0,"gold_gain":0,"player_choice":"Paid Gold","damage_taken":0,"relics_obtained":["Pocketwatch"],"max_hp_gain":0,"max_hp_loss":0,"event_name":"WeMeetAgain","floor":3,"gold_loss":93},{"damage_healed":0,"gold_gain":0,"player_choice":"0 cards matched","damage_taken":0,"max_hp_gain":0,"max_hp_loss":0,"event_name":"Match and Keep!","floor":5,"gold_loss":0,"cards_obtained":[]},{"damage_healed":0,"gold_gain":0,"player_choice":"Ignored","damage_taken":0,"max_hp_gain":0,"max_hp_loss":0,"event_name":"Liars Game","floor":13,"gold_loss":0},{"damage_healed":0,"gold_gain":0,"player_choice":"Ignored","damage_taken":0,"max_hp_gain":0,"max_hp_loss":0,"event_name":"Ghosts","floor":21,"gold_loss":0},{"cards_removed":["Strike_R"],"damage_healed":0,"gold_gain":0,"player_choice":"Gave Gold","damage_taken":0,"max_hp_gain":0,"max_hp_loss":0,"event_name":"Beggar","floor":22,"gold_loss":75}],"is_beta":false,"boss_relics":[{"not_picked":["Runic Pyramid","Snecko Eye"],"picked":"Black Blood"}],"items_purged_floors":[11,20],"is_endless":false,"potions_floor_spawned":[7,14,16,18],"killed_by":"Gremlin Leader","ascension_level":0}