{"gold_per_floor":[116,133,4,14,14,49,49,60,60,60,72,25,51,68,68,166,166,185,185,14,14,33,33,61,61,135,152,26,26,26,43,43,43],"floor_reached":33,"playtime":1705,"items_purged":["Strike_B","Strike_B"],"score":384,"play_id":"f0f2a946-ce1f-4cff-b549-2f2e5747a1b6","local_time":"20190621233244","is_ascension_mode":true,"campfire_choices":[{"data":"Hologram","floor":7.0,"key":"SMITH"},{"data":"Dualcast","floor":10.0,"key":"SMITH"},{"data":"Sunder","floor":15.0,"key":"SMITH"},{"floor":23,"key":"REST"},{"data":"Reboot","floor":32,"key":"SMITH"}],"neow_cost":"NONE","seed_source_timestamp":207768986724900,"circlet_count":0,"master_deck":["Strike_B+1","Strike_B+1","Defend_B+1","Defend_B+1","Defend_B+1","Defend_B+1","Zap+1","Dualcast+1","Leap","White Noise","Hologram+1","Reinforced Body","Darkness","Go for the Eyes","Sunder+1","Go for the Eyes","All For One","Self Repair","Gash","Sweeping Beam","Heatsinks","Beam Cell","Hologram","Turbo","Reboot+1","Defragment","Tempest+1","Stack","Fusion+1","Steam+1","Conserve Battery+1"],"special_seed":0,"relics":["Cracked Core","War Paint","Blood Vial","Matryoshka","Dream Catcher","Orrery","Meat on the Bone","Juzu Bracelet","Toxic Egg 2","Molten Egg 2"],"potions_floor_usage":[24,24,29,31,31],"damage_taken":[{"damage":0.0,"enemies":"Cultist","floor":1.0,"turns":3.0},{"damage":2.0,"enemies":"Jaw Worm","floor":2.0,"turns":3.0},{"damage":0.0,"enemies":"Small Slimes","floor":4.0,"turns":2.0},{"damage":27.0,"enemies":"3 Sentries","floor":6.0,"turns":4.0},{"damage":0.0,"enemies":"2 Fungi Beasts","floor":8.0,"turns":2.0},{"damage":0.0,"enemies":"Large Slime","floor":11.0,"turns":8.0},{"damage":0.0,"enemies":"Gremlin Nob","floor":13.0,"turns":3.0},{"damage":3.0,"enemies":"Looter","floor":14.0,"turns":3.0},{"damage":42.0,"enemies":"Slime Boss","floor":16.0,"turns":10.0},{"damage":25.0,"enemies":"Chosen","floor":18.0,"turns":6.0},{"damage":39,"enemies":"2 Thieves","floor":22,"turns":4},{"damage":21,"enemies":"Book of Stabbing","floor":24,"turns":5},{"damage":24,"enemies":"Chosen and Byrds","floor":27,"turns":5},{"damage":0,"enemies":"Slavers","floor":29,"turns":1},{"damage":26,"enemies":"Cultist and Chosen","floor":31,"turns":6},{"damage":64,"enemies":"Collector","floor":33,"turns":11}],"seed_played":"1083358359729296972","potions_obtained":[{"floor":1.0,"key":"Poison Potion"},{"floor":8.0,"key":"FearPotion"},{"floor":11.0,"key":"Poison Potion"},{"floor":13.0,"key":"AttackPotion"},{"floor":14.0,"key":"Weak Potion"},{"floor":16.0,"key":"SteroidPotion"},{"floor":22,"key":"SteroidPotion"},{"floor":24,"key":"SmokeBomb"},{"floor":27,"key":"Ancient Potion"}],"is_trial":false,"path_per_floor":["M","M","$","M","T","E","R","M","T","R","M","$","E","M","R","B",null,"M","?","$","?","M","R","E","?","T","M","$","E","?","M","R","B"],"character_chosen":"DEFECT","items_purchased":["Hologram","Go for the Eyes","Reboot","Steam+1","Regen Potion"],"campfire_rested":1,"item_purchase_floors":[3,12,20,28,28],"current_hp_per_floor":[75,73,73,73,73,46,46,48,48,48,50,50,52,51,51,11,75,57,57,57,57,27,49,37,37,37,27,27,41,41,45,45,0],"gold":43,"neow_bonus":"UPGRADE_CARD","is_prod":false,"is_daily":false,"chose_seed":false,"campfire_upgraded":4,"win_rate":0,"timestamp":1561152764,"path_taken":["M","?","$","M","?","E","R","M","T","R","M","?","E","M","R","BOSS","M","?","$","?","M","R","E","?","T","M","$","E","?","M","R","BOSS"],"build_version":"2019-06-21","purchased_purges":2,"victory":false,"max_hp_per_floor":[75,75,75,75,75,75,75,75,75,75,75,75,75,75,75,75,75,75,75,75,75,75,75,75,75,75,75,75,75,75,75,75,75],"card_choices":[{"not_picked":["FTL","Consume"],"picked":"Leap","floor":1.0},{"not_picked":["Consume","Leap"],"picked":"White Noise","floor":2.0},{"not_picked":["Compile Driver","Genetic Algorithm","Consume"],"picked":"SKIP","floor":4.0},{"not_picked":["Blizzard","Melter"],"picked":"Reinforced Body","floor":6.0},{"not_picked":["Hello World","Stack","Steam Power"],"picked":"SKIP","floor":8.0},{"not_picked":["Gash","Rip and Tear"],"picked":"Darkness","floor":11.0},{"not_picked":["Rip and Tear","Melter"],"picked":"Sunder","floor":13.0},{"not_picked":["Beam Cell","Sunder"],"picked":"Go for the Eyes","floor":14.0},{"not_picked":["Seek","Reboot"],"picked":"All For One","floor":16.0},{"not_picked":["Undo","Coolheaded"],"picked":"Self Repair","floor":17.0},{"not_picked":["Steam","Consume"],"picked":"Gash","floor":17.0},{"not_picked":["Coolheaded","Steam"],"picked":"Sweeping Beam","floor":17.0},{"not_picked":["Darkness","Melter"],"picked":"Heatsinks","floor":17.0},{"not_picked":["Go for the Eyes","Steam"],"picked":"Beam Cell","floor":17.0},{"not_picked":["Cold Snap","Beam Cell+1"],"picked":"Hologram","floor":18.0},{"not_picked":["Storm","Streamline"],"picked":"Defragment","floor":22},{"not_picked":["Barrage","Coolheaded+1"],"picked":"Tempest+1","floor":23},{"not_picked":["Chaos","Self Repair"],"picked":"Stack","floor":24},{"not_picked":["Beam Cell+1","Capacitor"],"picked":"Fusion+1","floor":27},{"not_picked":["Stack+1","Heatsinks"],"picked":"Conserve Battery+1","floor":31}],"player_experience":388964,"relics_obtained":[{"floor":5.0,"key":"War Paint"},{"floor":6.0,"key":"Blood Vial"},{"floor":9.0,"key":"Matryoshka"},{"floor":13.0,"key":"Dream Catcher"},{"floor":24,"key":"Meat on the Bone"},{"floor":26,"key":"Toxic Egg 2"},{"floor":26,"key":"Molten Egg 2"}],"event_choices":[{"damage_healed":0.0,"max_hp_gain":0.0,"max_hp_loss":0.0,"gold_gain":0.0,"event_name":"The Library","player_choice":"Read","floor":19.0,"gold_loss":0.0,"damage_taken":0.0,"cards_obtained":["Turbo"]},{"damage_healed":0,"gold_gain":0,"player_choice":"Simplicity","damage_taken":0,"max_hp_gain":0,"max_hp_loss":0,"event_name":"Back to Basics","floor":21,"gold_loss":0,"cards_upgraded":["Strike_B","Strike_B","Defend_B","Defend_B"]},{"damage_healed":0,"gold_gain":0,"player_choice":"Opened","damage_taken":0,"relics_obtained":["Juzu Bracelet"],"max_hp_gain":0,"max_hp_loss":0,"event_name":"The Mausoleum","floor":25,"gold_loss":0},{"damage_healed":0,"gold_gain":0,"player_choice":"Ignored","damage_taken":0,"max_hp_gain":0,"max_hp_loss":0,"event_name":"Cursed Tome","floor":30,"gold_loss":0}],"is_beta":true,"boss_relics":[{"not_picked":["Runic Dome","Ectoplasm"],"picked":"Orrery"}],"items_purged_floors":[3,20],"is_endless":false,"potions_floor_spawned":[1,8,11,13,14,16,22,24,27],"killed_by":"Collector","ascension_level":4}