{"gold_per_floor":[118,118,193,47,70,111,136,136,160,160,184,197,215,180,180,180],"floor_reached":16,"playtime":475,"items_purged":[],"score":102,"play_id":"ab67eb24-c86a-445a-be4c-ab5307cf24a7","local_time":"20190609114701","is_ascension_mode":false,"campfire_choices":[{"data":"Buffer","floor":8,"key":"SMITH"},{"data":"Zap","floor":10,"key":"SMITH"},{"data":"Strike_B","floor":15,"key":"SMITH"}],"neow_cost":"NONE","seed_source_timestamp":2036404638070800,"circlet_count":0,"master_deck":["Strike_B","Strike_B","Strike_B+1","Strike_B","Defend_B","Defend_B","Defend_B","Defend_B","Zap+1","Dualcast","Madness","Scrape","Streamline","Buffer+1","Tempest","Ball Lightning","Coolheaded","Consume"],"relics":["Cracked Core","Golden Idol","Bronze Scales","Regal Pillow","Happy Flower"],"potions_floor_usage":[6,11],"damage_taken":[{"damage":0,"enemies":"2 Louse","floor":1,"turns":3},{"damage":0,"enemies":"Small Slimes","floor":5,"turns":2},{"damage":26,"enemies":"Gremlin Nob","floor":6,"turns":4},{"damage":0,"enemies":"Jaw Worm","floor":7,"turns":3},{"damage":4,"enemies":"Exordium Wildlife","floor":11,"turns":4},{"damage":0,"enemies":"2 Fungi Beasts","floor":12,"turns":2},{"damage":9,"enemies":"3 Louse","floor":13,"turns":2},{"damage":0,"enemies":"Slime Boss","floor":16,"turns":1}],"seed_played":"-1511842092671619442","potions_obtained":[{"floor":1,"key":"Weak Potion"},{"floor":5,"key":"Regen Potion"},{"floor":11,"key":"Swift Potion"}],"is_trial":false,"path_per_floor":["M","?","?","$","M","E","M","R","T","R","M","M","M","?","R","B"],"character_chosen":"DEFECT","items_purchased":["Bronze Scales"],"campfire_rested":0,"item_purchase_floors":[4],"current_hp_per_floor":[75,57,46,46,46,20,20,20,20,20,28,28,19,37,37,37],"gold":180,"neow_bonus":"RANDOM_COLORLESS","is_prod":false,"is_daily":false,"chose_seed":false,"campfire_upgraded":3,"win_rate":0,"timestamp":1560098821,"path_taken":["M","?","?","?","M","E","M","R","T","R","?","M","M","?","R","BOSS"],"build_version":"2019-01-23","purchased_purges":0,"victory":false,"max_hp_per_floor":[75,75,75,75,75,75,75,75,75,75,75,75,75,75,75,75],"card_choices":[{"not_picked":["Force Field","Turbo"],"picked":"Scrape","floor":1},{"not_picked":["Steam","Go for the Eyes"],"picked":"Streamline","floor":5},{"not_picked":["BootSequence","Coolheaded"],"picked":"Buffer","floor":6},{"not_picked":["Barrage","White Noise"],"picked":"Tempest","floor":7},{"not_picked":["Recycle","Darkness"],"picked":"Ball Lightning","floor":11},{"not_picked":["Stack","Beam Cell"],"picked":"Coolheaded","floor":12},{"not_picked":["Sweeping Beam","Turbo"],"picked":"Consume","floor":13}],"player_experience":1431403,"relics_obtained":[{"floor":6,"key":"Regal Pillow"},{"floor":9,"key":"Happy Flower"}],"event_choices":[{"damage_healed":0,"gold_gain":0,"player_choice":"Take Damage","damage_taken":18,"relics_obtained":["Golden Idol"],"max_hp_gain":0,"max_hp_loss":0,"event_name":"Golden Idol","floor":2,"gold_loss":0},{"damage_healed":0,"gold_gain":75,"player_choice":"Gather Gold","damage_taken":11,"max_hp_gain":0,"max_hp_loss":0,"event_name":"World of Goop","floor":3,"gold_loss":0},{"damage_healed":18,"gold_gain":0,"player_choice":"Healed","damage_taken":0,"max_hp_gain":0,"max_hp_loss":0,"event_name":"The Cleric","floor":14,"gold_loss":35}],"is_beta":false,"boss_relics":[],"items_purged_floors":[],"is_endless":false,"potions_floor_spawned":[1,5,11],"killed_by":"Slime Boss","ascension_level":0}