{"gold_per_floor":[119,139,155,155,155,174,174,186,186,206,206],"floor_reached":11,"playtime":1137,"items_purged":[],"score":67,"play_id":"dc123372-f434-47ed-aa97-ed3f2bf69162","local_time":"20190325123625","is_ascension_mode":false,"campfire_choices":[],"neow_cost":"NONE","seed_source_timestamp":778077963119673,"circlet_count":0,"master_deck":["Strike_B","Strike_B","Strike_B","Strike_B","Defend_B","Defend_B","Defend_B","Zap+1","Dualcast","Coolheaded+1","Reprogram"],"relics":["Busted Crown"],"potions_floor_usage":[8],"damage_taken":[{"damage":1,"enemies":"Cultist","floor":1,"turns":3},{"damage":0,"enemies":"2 Louse","floor":2,"turns":3},{"damage":1,"enemies":"Small Slimes","floor":3,"turns":4},{"damage":4,"enemies":"Exordium Wildlife","floor":6,"turns":4},{"damage":18,"enemies":"Exordium Thugs","floor":8,"turns":7},{"damage":14,"enemies":"Large Slime","floor":10,"turns":5},{"damage":25,"enemies":"Lagavulin","floor":11,"turns":5}],"seed_played":"-3651936626770472018","potions_obtained":[{"floor":2,"key":"Block Potion"}],"is_trial":false,"path_per_floor":["M","M","M","?","?","M","$","M","T","M","E"],"character_chosen":"DEFECT","items_purchased":[],"campfire_rested":0,"item_purchase_floors":[],"current_hp_per_floor":[74,74,73,58,51,47,47,29,29,15,0],"gold":206,"neow_bonus":"BOSS_RELIC","is_prod":false,"is_daily":false,"chose_seed":false,"campfire_upgraded":0,"win_rate":0,"timestamp":1553513785,"path_taken":["M","M","?","?","?","M","?","M","T","M","E"],"build_version":"2019-01-23","purchased_purges":0,"victory":false,"max_hp_per_floor":[75,75,75,75,75,75,75,75,75,75,75],"card_choices":[{"not_picked":[],"picked":"Coolheaded","floor":1},{"not_picked":[],"picked":"Reprogram","floor":2},{"not_picked":["Leap"],"picked":"SKIP","floor":3},{"not_picked":["Beam Cell"],"picked":"SKIP","floor":6},{"not_picked":["Beam Cell"],"picked":"SKIP","floor":8},{"not_picked":["Streamline"],"picked":"SKIP","floor":10}],"player_experience":210508,"relics_obtained":[],"event_choices":[{"damage_healed":0,"gold_gain":0,"player_choice":"Entered Light","damage_taken":15,"max_hp_gain":0,"max_hp_loss":0,"event_name":"Shining Light","floor":4,"gold_loss":0,"cards_upgraded":["Coolheaded","Zap"]},{"cards_removed":["Defend_B"],"damage_healed":0,"gold_gain":0,"player_choice":"Card Removal","damage_taken":7,"max_hp_gain":0,"max_hp_loss":0,"event_name":"Golden Wing","floor":5,"gold_loss":0}],"is_beta":false,"boss_relics":[],"items_purged_floors":[],"is_endless":false,"potions_floor_spawned":[2],"killed_by":"Lagavulin","ascension_level":0}