{"gold_per_floor":[115,115,128,128,146,146,171,171,171,171,171,171,200,218,218,218],"floor_reached":16,"playtime":1117,"items_purged":[],"score":135,"play_id":"ae1d5733-bcf7-4b57-8b93-d086e425e368","local_time":"20190626103428","is_ascension_mode":true,"campfire_choices":[{"floor":6,"key":"REST"},{"floor":8,"key":"REST"},{"floor":10,"key":"REST"},{"floor":12,"key":"RECALL"},{"floor":15,"key":"REST"}],"neow_cost":"NONE","seed_source_timestamp":945459562008200,"circlet_count":0,"master_deck":["Defend_G","Defend_G","Defend_G","Defend_G","Defend_G","Strike_G+1","Strike_G","Strike_G","Strike_G","Survivor+1","Neutralize","Blade Dance","Blade Dance","Adrenaline","Cloak And Dagger","Footwork","Tools of the Trade"],"relics":["Lizard Tail","Thread and Needle","Unceasing Top","Centennial Puzzle"],"potions_floor_usage":[],"damage_taken":[{"damage":5,"enemies":"Jaw Worm","floor":1,"turns":6},{"damage":4,"enemies":"2 Louse","floor":3,"turns":2},{"damage":1,"enemies":"Cultist","floor":5,"turns":4},{"damage":49,"enemies":"Gremlin Nob","floor":7,"turns":5},{"damage":9,"enemies":"3 Sentries","floor":13,"turns":13},{"damage":0,"enemies":"Blue Slaver","floor":14,"turns":5},{"damage":38,"enemies":"Slime Boss","floor":16,"turns":14}],"seed_played":"-7436326451454360291","potions_obtained":[],"is_trial":false,"path_per_floor":["M","?","M","?","M","R","E","R","T","R","?","R","E","M","R","B"],"character_chosen":"THE_SILENT","items_purchased":[],"campfire_rested":4,"item_purchase_floors":[],"current_hp_per_floor":[65,51,47,47,46,67,18,39,39,60,65,65,56,56,75,37],"gold":218,"neow_bonus":"BOSS_RELIC","is_prod":false,"is_daily":false,"chose_seed":false,"campfire_upgraded":0,"win_rate":0,"timestamp":1561570468,"path_taken":["M","?","M","?","?","R","E","R","T","R","?","R","E","M","R","BOSS"],"build_version":"2019-01-23","purchased_purges":0,"victory":false,"max_hp_per_floor":[70,70,70,70,70,70,70,70,70,70,75,75,75,75,75,75],"card_choices":[{"not_picked":["Outmaneuver","Dodge and Roll"],"picked":"Blade Dance","floor":1},{"not_picked":["Deflect","Quick Slash"],"picked":"Blade Dance","floor":3},{"not_picked":["Prepared","Well Laid Plans"],"picked":"Cloak And Dagger","floor":5},{"not_picked":["Bullet Time","Terror"],"picked":"Footwork","floor":7},{"not_picked":["Reflex","Bullet Time","Sucker Punch"],"picked":"SKIP","floor":13},{"not_picked":["Slice","Cloak And Dagger"],"picked":"Tools of the Trade","floor":14}],"player_experience":561515,"relics_obtained":[{"floor":7,"key":"Thread and Needle"},{"floor":9,"key":"Unceasing Top"},{"floor":13,"key":"Centennial Puzzle"}],"event_choices":[{"damage_healed":0,"gold_gain":0,"player_choice":"Entered Light","damage_taken":14,"max_hp_gain":0,"max_hp_loss":0,"event_name":"Shining Light","floor":2,"gold_loss":0,"cards_upgraded":["Survivor","Strike_G"]},{"damage_healed":0,"gold_gain":0,"cards_transformed":["Strike_G"],"player_choice":"Transformed","damage_taken":0,"max_hp_gain":0,"max_hp_loss":0,"event_name":"Transmorgrifier","floor":4,"gold_loss":0,"cards_obtained":["Adrenaline"]},{"damage_healed":0,"gold_gain":0,"player_choice":"Donut","damage_taken":0,"max_hp_gain":5,"max_hp_loss":0,"event_name":"Big Fish","floor":11,"gold_loss":0}],"is_beta":false,"boss_relics":[],"items_purged_floors":[],"is_endless":false,"potions_floor_spawned":[],"killed_by":"Slime Boss","ascension_level":5}