{"gold_per_floor":[109,109,121,131,150,150,150,150,150,170,202,202,217,232,232,330,330,347,5,24,42,52,52,85,85,111,145,163,183,183,201,201,298,298,317,330,330,348,360,385,385,418,418,159,159,159,159,78,78,78,78,78,33,68,68],"floor_reached":55,"playtime":4158,"items_purged":["Strike_B"],"score":771,"play_id":"b6e6454a-e5d2-41c7-99c7-cb1621c3a9f6","local_time":"20190316214314","is_ascension_mode":false,"campfire_choices":[{"data":"Darkness","floor":6.0,"key":"SMITH"},{"data":"Sweeping Beam","floor":8.0,"key":"SMITH"},{"data":"Dualcast","floor":15.0,"key":"SMITH"},{"data":"Doom and Gloom","floor":23.0,"key":"SMITH"},{"data":"Creative AI","floor":25.0,"key":"SMITH"},{"floor":30.0,"key":"REST"},{"data":"Conserve Battery","floor":32.0,"key":"SMITH"},{"data":"Cold Snap","floor":41.0,"key":"SMITH"},{"floor":45.0,"key":"REST"},{"floor":49.0,"key":"RECALL"},{"data":"Loop","floor":52.0,"key":"SMITH"}],"neow_cost":"NONE","seed_source_timestamp":0,"circlet_count":0,"master_deck":["Strike_B","Strike_B","Defend_B","Defend_B","Defend_B","Defend_B","Zap+1","Dualcast+1","Sweeping Beam+1","Creative AI+1","Darkness+1","Go for the Eyes+1","Cold Snap+1","Conserve Battery+1","Genetic Algorithm+1","Tempest+1","Multi-Cast+1","Hologram+1","Doom and Gloom+1","Conserve Battery+1","Glacier+1","Chill+1","White Noise+1","Double Energy+1","Ball Lightning+1","Turbo+1","Hologram+1","Electrodynamics","White Noise+1","FTL+1","Stack+1","Ball Lightning+1","Darkness+1","Loop+1","Leap+1","Ball Lightning"],"special_seed":0,"relics":["Cracked Core","Bottled Lightning","Juzu Bracelet","Toxic Egg 2","Nuclear Battery","Chemical X","Dodecahedron","Regal Pillow","Bag of Preparation","Busted Crown","Orichalcum","Pantograph","Pear","Bronze Scales","Pocketwatch"],"potions_floor_usage":[],"damage_taken":[{"damage":0.0,"enemies":"Small Slimes","floor":1.0,"turns":3.0},{"damage":0.0,"enemies":"Cultist","floor":3.0,"turns":3.0},{"damage":10.0,"enemies":"Jaw Worm","floor":4.0,"turns":4.0},{"damage":1.0,"enemies":"Exordium Wildlife","floor":5.0,"turns":3.0},{"damage":5.0,"enemies":"Looter","floor":10.0,"turns":3.0},{"damage":12.0,"enemies":"Gremlin Nob","floor":11.0,"turns":5.0},{"damage":0.0,"enemies":"Blue Slaver","floor":13.0,"turns":3.0},{"damage":0.0,"enemies":"Exordium Thugs","floor":14.0,"turns":4.0},{"damage":19.0,"enemies":"Slime Boss","floor":16.0,"turns":7.0},{"damage":0.0,"enemies":"Spheric Guardian","floor":18.0,"turns":3.0},{"damage":3.0,"enemies":"Shell Parasite","floor":20.0,"turns":3.0},{"damage":0.0,"enemies":"Sentry and Sphere","floor":21.0,"turns":3.0},{"damage":9.0,"enemies":"3 Cultists","floor":22.0,"turns":4.0},{"damage":12.0,"enemies":"Gremlin Leader","floor":24.0,"turns":6.0},{"damage":19.0,"enemies":"Book of Stabbing","floor":27.0,"turns":5.0},{"damage":5.0,"enemies":"Centurion and Healer","floor":28.0,"turns":8.0},{"damage":14.0,"enemies":"Snake Plant","floor":29.0,"turns":3.0},{"damage":0.0,"enemies":"3 Cultists","floor":31.0,"turns":3.0},{"damage":38.0,"enemies":"Automaton","floor":33.0,"turns":10.0},{"damage":0.0,"enemies":"3 Shapes","floor":35.0,"turns":1.0},{"damage":0.0,"enemies":"Orb Walker","floor":36.0,"turns":3.0},{"damage":0.0,"enemies":"Jaw Worm Horde","floor":38.0,"turns":3.0},{"damage":1.0,"enemies":"4 Shapes","floor":39.0,"turns":3.0},{"damage":23.0,"enemies":"Giant Head","floor":40.0,"turns":7.0},{"damage":19.0,"enemies":"Nemesis","floor":42.0,"turns":7.0},{"damage":34.0,"enemies":"Time Eater","floor":50.0,"turns":6.0},{"damage":64,"enemies":"Shield and Spear","floor":54,"turns":7},{"damage":2,"enemies":"The Heart","floor":55,"turns":2}],"seed_played":"2797726936350081793","potions_obtained":[{"floor":4.0,"key":"PowerPotion"},{"floor":5.0,"key":"PowerPotion"},{"floor":10.0,"key":"Weak Potion"},{"floor":14.0,"key":"Explosive Potion"},{"floor":18.0,"key":"SteroidPotion"},{"floor":21.0,"key":"EssenceOfSteel"},{"floor":28.0,"key":"AttackPotion"},{"floor":40.0,"key":"SpeedPotion"},{"floor":42.0,"key":"FocusPotion"}],"is_trial":false,"path_per_floor":["M","?","M","M","M","R","?","R","T","M","E","T","M","M","R","B",null,"M","$","M","M","M","R","E","R","T","E","M","M","R","M","R","B",null,"M","M","?","M","M","E","R","E","T","$","R","?","?","$","R","B",null,"R","$","E","B"],"character_chosen":"DEFECT","items_purchased":["Chemical X","Doom and Gloom","Pear","Loop","Leap+1"],"campfire_rested":2,"item_purchase_floors":[19,19,44,48,53],"current_hp_per_floor":[82,82,82,72,71,71,64,64,64,59,47,47,47,47,47,28,82,82,82,79,79,70,70,58,58,58,39,34,20,59,59,59,21,82,82,82,82,82,81,58,58,39,39,49,91,91,91,91,91,58,92,92,92,28,51],"gold":68,"neow_bonus":"TEN_PERCENT_HP_BONUS","is_prod":false,"is_daily":false,"chose_seed":false,"campfire_upgraded":8,"win_rate":0,"timestamp":1552790594,"path_taken":["M","?","M","?","?","R","?","R","T","M","E","?","M","M","R","BOSS","M","$","M","M","M","R","E","R","T","E","M","M","R","M","R","BOSS","M","M","?","M","M","E","R","E","T","$","R","?","?","$","R","BOSS","R","$","E","BOSS"],"build_version":"2019-01-23","purchased_purges":1,"victory":false,"max_hp_per_floor":[82,82,82,82,82,82,82,82,82,82,82,82,82,82,82,82,82,82,82,82,82,82,82,82,82,82,82,82,82,82,82,82,82,82,82,82,82,82,82,82,82,82,82,92,92,92,92,92,92,92,92,92,92,92,92],"card_choices":[{"not_picked":["Undo","Beam Cell"],"picked":"Sweeping Beam","floor":1.0},{"not_picked":["Barrage","Leap"],"picked":"Creative AI","floor":3.0},{"not_picked":["White Noise","Defragment"],"picked":"Darkness","floor":4.0},{"not_picked":["Turbo","Barrage"],"picked":"Go for the Eyes","floor":5.0},{"not_picked":["Hologram","Turbo"],"picked":"Cold Snap","floor":10.0},{"not_picked":["Hologram","Hello World"],"picked":"Conserve Battery","floor":11.0},{"not_picked":["Sweeping Beam","Rebound"],"picked":"Genetic Algorithm+1","floor":13.0},{"not_picked":["Compile Driver","Go for the Eyes"],"picked":"Tempest+1","floor":14.0},{"not_picked":["Machine Learning","Meteor Strike"],"picked":"Multi-Cast+1","floor":16.0},{"not_picked":["Stack+1","Streamline"],"picked":"Hologram+1","floor":18.0},{"not_picked":["Coolheaded+1","Heatsinks"],"picked":"Conserve Battery+1","floor":20.0},{"not_picked":["Heatsinks","Hello World+1"],"picked":"Glacier+1","floor":21.0},{"not_picked":["BootSequence+1","Turbo+1"],"picked":"Chill+1","floor":22.0},{"not_picked":["Beam Cell","Steam+1"],"picked":"White Noise+1","floor":24.0},{"not_picked":["Heatsinks","Cold Snap+1"],"picked":"Double Energy+1","floor":27.0},{"not_picked":["Heatsinks","Go for the Eyes+1"],"picked":"Ball Lightning+1","floor":28.0},{"not_picked":["Steam+1","Barrage"],"picked":"Turbo+1","floor":29.0},{"not_picked":["Steam+1","Go for the Eyes"],"picked":"Hologram+1","floor":31.0},{"not_picked":["Creative AI","Hyperbeam"],"picked":"Electrodynamics","floor":33.0},{"not_picked":[],"picked":"White Noise+1","floor":35.0},{"not_picked":[],"picked":"FTL+1","floor":36.0},{"not_picked":["Streamline"],"picked":"SKIP","floor":38.0},{"not_picked":[],"picked":"Stack+1","floor":39.0},{"not_picked":[],"picked":"Ball Lightning+1","floor":40.0},{"not_picked":[],"picked":"Darkness+1","floor":42.0},{"not_picked":[],"picked":"Ball Lightning","floor":54}],"player_experience":1193603,"relics_obtained":[{"floor":9.0,"key":"Bottled Lightning"},{"floor":11.0,"key":"Juzu Bracelet"},{"floor":12.0,"key":"Toxic Egg 2"},{"floor":24.0,"key":"Dodecahedron"},{"floor":26.0,"key":"Regal Pillow"},{"floor":27.0,"key":"Bag of Preparation"},{"floor":40.0,"key":"Orichalcum"},{"floor":42.0,"key":"Pantograph"},{"floor":54,"key":"Pocketwatch"}],"event_choices":[{"damage_healed":0.0,"max_hp_gain":0.0,"max_hp_loss":0.0,"gold_gain":0.0,"event_name":"Accursed Blacksmith","player_choice":"Forge","floor":2.0,"gold_loss":0.0,"damage_taken":0.0,"cards_upgraded":["Zap"]},{"cards_removed":["Strike_B"],"damage_healed":0.0,"max_hp_gain":0.0,"max_hp_loss":0.0,"gold_gain":0.0,"event_name":"Golden Wing","player_choice":"Card Removal","floor":7.0,"gold_loss":0.0,"damage_taken":7.0},{"damage_healed":0.0,"max_hp_gain":0.0,"max_hp_loss":0.0,"gold_gain":0.0,"event_name":"Tomb of Lord Red Mask","player_choice":"Ignored","floor":37.0,"gold_loss":0.0,"damage_taken":0.0},{"damage_healed":0.0,"max_hp_gain":0.0,"max_hp_loss":0.0,"gold_gain":0.0,"event_name":"WeMeetAgain","player_choice":"Gave Potion","floor":46.0,"gold_loss":0.0,"damage_taken":0.0,"relics_obtained":["Bronze Scales"]},{"damage_healed":0.0,"max_hp_gain":0.0,"max_hp_loss":0.0,"gold_gain":0.0,"event_name":"Upgrade Shrine","player_choice":"Upgraded","floor":47.0,"gold_loss":0.0,"damage_taken":0.0,"cards_upgraded":["Go for the Eyes"]}],"is_beta":false,"boss_relics":[{"not_picked":["Tiny House","Runic Dome"],"picked":"Nuclear Battery"},{"not_picked":["Calling Bell","Fusion Hammer"],"picked":"Busted Crown"}],"items_purged_floors":[19],"is_endless":false,"potions_floor_spawned":[4,5,10,14,18,21,28,29,40,42],"killed_by":"The Heart","ascension_level":0}