{"gold_per_floor":[14,14,14,14,14,45,45,61,61,61,95,113,113,89,89,182,182,196,196,321,345,64,64,103,103,129,172,197,48,69,87,87,87],"floor_reached":33,"playtime":3625,"items_purged":["Shame"],"score":509,"play_id":"f8e4e6a3-afe1-497b-951c-7fad3e2ad1c2","local_time":"20181005210322","is_ascension_mode":true,"campfire_choices":[{"floor":7,"key":"REST"},{"data":"Whirlwind","floor":10,"key":"SMITH"},{"data":"Uppercut","floor":15,"key":"SMITH"},{"floor":23,"key":"REST"},{"floor":25,"key":"REST"},{"floor":32,"key":"REST"}],"neow_cost":"NO_GOLD","seed_source_timestamp":1384975752607567,"circlet_count":0,"master_deck":["Strike_R","Strike_R+1","Strike_R","Strike_R","Strike_R","Defend_R+1","Defend_R","Defend_R","Defend_R","Bash","AscendersBane","Iron Wave+1","Uppercut+1","Whirlwind+1","Iron Wave","Spot Weakness","Cleave","Demon Form","Iron Wave+1","Headbutt","Flame Barrier","Shrug It Off","Pommel Strike+1","Flame Barrier"],"relics":["Burning Blood","Golden Idol","Question Card","Pear","Bag of Marbles","Busted Crown","Pen Nib","Calipers","Dodecahedron","ClockworkSouvenir","Sundial","Bronze Scales","Bottled Lightning","Vajra"],"potions_floor_usage":[6,11,20,20,33,33],"damage_taken":[{"damage":5,"enemies":"2 Louse","floor":1,"turns":4},{"damage":52,"enemies":"Lagavulin","floor":6,"turns":9},{"damage":0,"enemies":"Small Slimes","floor":8,"turns":3},{"damage":24,"enemies":"3 Sentries","floor":11,"turns":5},{"damage":0,"enemies":"Cultist","floor":12,"turns":2},{"damage":64,"enemies":"Hexaghost","floor":16,"turns":10},{"damage":0,"enemies":"3 Byrds","floor":18,"turns":3},{"damage":27,"enemies":"Colosseum Slavers","floor":20,"turns":4},{"damage":37,"enemies":"Colosseum Nobs","floor":20,"turns":6},{"damage":11,"enemies":"2 Thieves","floor":21,"turns":3},{"damage":34,"enemies":"Book of Stabbing","floor":24,"turns":5},{"damage":41,"enemies":"Gremlin Leader","floor":27,"turns":5},{"damage":16,"enemies":"Shelled Parasite and Fungi","floor":28,"turns":4},{"damage":2,"enemies":"Snake Plant","floor":30,"turns":2},{"damage":11,"enemies":"Centurion and Healer","floor":31,"turns":2},{"damage":20,"enemies":"Champ","floor":33,"turns":8}],"seed_played":"-4264981738244467762","potions_obtained":[{"floor":1,"key":"Poison Potion"},{"floor":8,"key":"PowerPotion"},{"floor":12,"key":"BloodPotion"},{"floor":18,"key":"SpeedPotion"},{"floor":20,"key":"Poison Potion"},{"floor":27,"key":"Poison Potion"}],"is_trial":false,"path_per_floor":["M","?","?","$","?","E","R","M","T","R","E","M","?","$","R","B",null,"M","?","?","M","$","R","E","R","T","E","M","$","M","M","R"],"character_chosen":"IRONCLAD","items_purchased":["Cleave","ClockworkSouvenir","Vajra"],"campfire_rested":4,"item_purchase_floors":[14,22,29],"current_hp_per_floor":[83,81,81,81,57,11,35,41,51,51,33,39,69,69,69,11,71,77,77,34,29,29,56,28,55,55,20,10,10,14,9,36,16],"gold":87,"neow_bonus":"TWENTY_PERCENT_HP_BONUS","is_prod":false,"is_daily":false,"chose_seed":false,"campfire_upgraded":2,"win_rate":0,"timestamp":1538791402,"path_taken":["M","?","?","$","?","E","R","?","T","R","E","M","?","?","R","BOSS","M","?","?","M","$","R","E","R","T","E","M","$","M","M","R","BOSS"],"build_version":"2018-10-04","purchased_purges":1,"victory":false,"max_hp_per_floor":[89,81,81,81,81,81,81,81,91,91,91,91,91,91,91,91,91,91,91,91,91,91,91,91,91,91,91,91,91,91,91,91,91],"card_choices":[{"not_picked":["Evolve","Cleave"],"picked":"Iron Wave","floor":1},{"not_picked":["Anger","Power Through"],"picked":"Uppercut","floor":6},{"not_picked":["Evolve","Dual Wield","Clash"],"picked":"Whirlwind","floor":8},{"not_picked":["Corruption","Havoc","Shockwave"],"picked":"Iron Wave","floor":11},{"not_picked":["Rage","Iron Wave","Havoc"],"picked":"Spot Weakness","floor":12},{"not_picked":["Fiend Fire","Exhume","Berserk"],"picked":"Demon Form","floor":16},{"not_picked":["Combust"],"picked":"Iron Wave+1","floor":18},{"not_picked":["Clash"],"picked":"Headbutt","floor":21},{"not_picked":["Burning Pact","True Grit+1"],"picked":"SKIP","floor":24},{"not_picked":["Heavy Blade"],"picked":"Flame Barrier","floor":27},{"not_picked":["Clothesline"],"picked":"Shrug It Off","floor":28},{"not_picked":["Rampage"],"picked":"Pommel Strike+1","floor":30},{"not_picked":["Sentinel+1"],"picked":"Flame Barrier","floor":31}],"player_experience":701619,"relics_obtained":[{"floor":6,"key":"Question Card"},{"floor":9,"key":"Pear"},{"floor":11,"key":"Bag of Marbles"},{"floor":20,"key":"Calipers"},{"floor":20,"key":"Dodecahedron"},{"floor":24,"key":"Sundial"},{"floor":26,"key":"Bronze Scales"},{"floor":27,"key":"Bottled Lightning"}],"event_choices":[{"event_name":"Golden Idol","player_choice":"Lose Max HP","floor":2,"damage_taken":0},{"event_name":"Living Wall","player_choice":"Grow","floor":3,"damage_taken":0},{"event_name":"Shining Light","player_choice":"Entered Light","floor":5,"damage_taken":0},{"event_name":"Big Fish","player_choice":"Banana","floor":13,"damage_taken":0},{"event_name":"Addict","player_choice":"Stole Relic","floor":19,"damage_taken":0},{"event_name":"Colosseum","player_choice":"Fight","floor":20,"damage_taken":0},{"event_name":"Colosseum","player_choice":"Fought Nobs","floor":20,"damage_taken":0}],"is_beta":false,"boss_relics":[{"not_picked":["Black Star","Orrery"],"picked":"Busted Crown"}],"items_purged_floors":[22],"is_endless":false,"potions_floor_spawned":[1,8,12,18,20,27,28,31],"killed_by":"Champ","ascension_level":15}