{"gold_per_floor":[115,115,115,134,148,148,175,189,216,251,251,266,266,301,301,401,401,416,416,416,430,285,285,297,297,297,314,314,340,265,291,291,386,386,397,408,358,358,20,20,54,54,54,54,69,0,0,0,0,0,0,0,0,26,26],"floor_reached":55,"playtime":2525,"items_purged":["Bash"],"score":754,"play_id":"bad8635c-a627-4dd0-8d4b-f35fc26b1902","local_time":"20181206085128","is_ascension_mode":false,"campfire_choices":[{"data":"Armaments","floor":6.0,"key":"SMITH"},{"data":"Thunderclap","floor":11.0,"key":"SMITH"},{"floor":15,"key":"REST"},{"data":"Immolate","floor":23,"key":"SMITH"},{"data":"Power Through","floor":25,"key":"SMITH"},{"floor":32,"key":"RECALL"},{"data":"Uppercut","floor":40,"key":"SMITH"},{"data":"Thunderclap","floor":44,"key":"SMITH"},{"data":"Iron Wave","floor":49,"key":"SMITH"},{"data":"Thunderclap","floor":52,"key":"SMITH"}],"neow_cost":"NONE","seed_source_timestamp":0,"circlet_count":0,"master_deck":["Defend_R+1","Defend_R","Spot Weakness+1","Anger","Armaments+1","Flex","Thunderclap+1","Pommel Strike","Thunderclap+1","Power Through+1","Immolate+1","Cleave","Bite","Bite+1","Bite","Bite+1","Bite","Thunderclap+1","Ghostly Armor+1","Iron Wave+1","Uppercut+1","Twin Strike","Pummel+1","Immolate+1","Flame Barrier+1"],"special_seed":0,"relics":["Burning Blood","NeowsBlessing","Red Skull","Bag of Preparation","Pear","Sozu","Juzu Bracelet","Mercury Hourglass","Boot","Smiling Mask","Ornamental Fan","Busted Crown","War Paint","Medical Kit","Vajra","Red Mask","Whetstone"],"potions_floor_usage":[14,50],"damage_taken":[{"damage":0.0,"enemies":"Cultist","floor":1.0,"turns":1.0},{"damage":0.0,"enemies":"Jaw Worm","floor":4.0,"turns":1.0},{"damage":0.0,"enemies":"Small Slimes","floor":5.0,"turns":1.0},{"damage":24.0,"enemies":"Gremlin Nob","floor":7.0,"turns":4.0},{"damage":20.0,"enemies":"Exordium Thugs","floor":8.0,"turns":4.0},{"damage":8.0,"enemies":"3 Sentries","floor":10.0,"turns":5.0},{"damage":1.0,"enemies":"Large Slime","floor":12.0,"turns":6.0},{"damage":13,"enemies":"Lagavulin","floor":14,"turns":3},{"damage":17,"enemies":"The Guardian","floor":16,"turns":9},{"damage":5,"enemies":"2 Thieves","floor":18,"turns":2},{"damage":19,"enemies":"3 Byrds","floor":21,"turns":4},{"damage":13,"enemies":"Shelled Parasite and Fungi","floor":24,"turns":3},{"damage":10,"enemies":"Centurion and Healer","floor":27,"turns":2},{"damage":21,"enemies":"Slavers","floor":29,"turns":3},{"damage":24,"enemies":"Book of Stabbing","floor":31,"turns":5},{"damage":72,"enemies":"Automaton","floor":33,"turns":9},{"damage":0,"enemies":"3 Darklings","floor":35,"turns":1},{"damage":0,"enemies":"Orb Walker","floor":36,"turns":2},{"damage":73,"enemies":"Giant Head","floor":41,"turns":9},{"damage":0,"enemies":"Jaw Worm Horde","floor":45,"turns":2},{"damage":48,"enemies":"Donu and Deca","floor":50,"turns":5},{"damage":60,"enemies":"Shield and Spear","floor":54,"turns":4},{"damage":54,"enemies":"The Heart","floor":55,"turns":3}],"seed_played":"-5929685439720217388","potions_obtained":[{"floor":1.0,"key":"Weak Potion"},{"floor":4.0,"key":"SpeedPotion"},{"floor":8.0,"key":"Poison Potion"},{"floor":16,"key":"Strength Potion"}],"is_trial":false,"path_per_floor":["M","?","?","M","M","R","E","M","T","E","R","M","?","E","R","B",null,"M","?","?","M","$","R","M","R","T","M","?","E","?","E","R","B",null,"M","M","$","?","$","R","E","?","T","R","M","?","?","?","R","B",null,"R","$","E","B"],"character_chosen":"IRONCLAD","items_purchased":["Juzu Bracelet","War Paint","Medical Kit"],"campfire_rested":1,"item_purchase_floors":[22,39,39],"current_hp_per_floor":[80,85,85,85,85,85,67,53,53,51,51,58,41,46,74,65,95,95,95,95,84,84,84,85,85,85,83,83,72,72,62,62,16,95,95,95,95,95,95,95,42,83,83,83,83,83,83,83,83,51,83,83,83,35,0],"gold":26,"neow_bonus":"THREE_ENEMY_KILL","is_prod":false,"is_daily":false,"chose_seed":false,"campfire_upgraded":8,"win_rate":0,"timestamp":1544107888,"path_taken":["M","?","?","?","M","R","E","M","T","E","R","M","?","E","R","BOSS","M","?","?","M","$","R","M","R","T","M","?","E","?","E","R","BOSS","M","M","$","?","$","R","E","?","T","R","M","?","?","?","R","BOSS","R","$","E","BOSS"],"build_version":"2018-11-15","purchased_purges":1,"victory":false,"max_hp_per_floor":[80,85,85,85,85,85,85,85,85,85,85,85,85,95,95,95,95,95,95,95,95,95,95,95,95,95,95,95,95,95,95,95,95,95,95,95,95,95,95,95,95,83,83,83,83,83,83,83,83,83,83,83,83,83,83],"card_choices":[{"not_picked":["Twin Strike","Sword Boomerang"],"picked":"Spot Weakness","floor":1.0},{"not_picked":["Blood for Blood","Clash"],"picked":"Anger","floor":4.0},{"not_picked":["Havoc","Warcry"],"picked":"Armaments","floor":5.0},{"not_picked":["Hemokinesis","Sever Soul"],"picked":"Flex","floor":7.0},{"not_picked":["Battle Trance","Bludgeon"],"picked":"Thunderclap","floor":8.0},{"not_picked":["Clash","Perfected Strike"],"picked":"Pommel Strike","floor":10.0},{"not_picked":["Shockwave","True Grit"],"picked":"Thunderclap","floor":12.0},{"not_picked":["Shockwave","Second Wind"],"picked":"Power Through","floor":14},{"not_picked":["Reaper","Bludgeon"],"picked":"Immolate","floor":16},{"not_picked":["Anger","Sword Boomerang"],"picked":"Cleave","floor":18},{"not_picked":["Blood for Blood+1","Clash+1"],"picked":"Thunderclap","floor":21},{"not_picked":["Evolve","Clash"],"picked":"Ghostly Armor","floor":24},{"not_picked":["Sever Soul","Dual Wield"],"picked":"Iron Wave","floor":27},{"not_picked":["Pommel Strike+1","Reckless Charge"],"picked":"Uppercut","floor":29},{"not_picked":["Infernal Blade+1","Clash"],"picked":"Twin Strike","floor":31},{"not_picked":["Perfected Strike"],"picked":"SKIP","floor":35},{"not_picked":["Armaments"],"picked":"SKIP","floor":36},{"not_picked":[],"picked":"Pummel+1","floor":41},{"not_picked":["Sentinel"],"picked":"SKIP","floor":45},{"not_picked":[],"picked":"Flame Barrier+1","floor":54}],"player_experience":1086511,"relics_obtained":[{"floor":7.0,"key":"Red Skull"},{"floor":9.0,"key":"Bag of Preparation"},{"floor":10.0,"key":"Blood Vial"},{"floor":14,"key":"Pear"},{"floor":26,"key":"Mercury Hourglass"},{"floor":29,"key":"Smiling Mask"},{"floor":31,"key":"Ornamental Fan"},{"floor":41,"key":"Vajra"},{"floor":54,"key":"Whetstone"}],"event_choices":[{"damage_healed":0.0,"max_hp_gain":5.0,"max_hp_loss":0.0,"gold_gain":0.0,"event_name":"Big Fish","player_choice":"Donut","floor":2.0,"gold_loss":0.0,"damage_taken":0.0},{"damage_healed":0.0,"max_hp_gain":0.0,"max_hp_loss":0.0,"gold_gain":0.0,"event_name":"Upgrade Shrine","player_choice":"Upgraded","floor":3.0,"gold_loss":0.0,"damage_taken":0.0,"cards_upgraded":["Spot Weakness"]},{"damage_healed":0.0,"max_hp_gain":0.0,"max_hp_loss":0.0,"gold_gain":0.0,"event_name":"Shining Light","player_choice":"Entered Light","floor":13.0,"gold_loss":0.0,"damage_taken":17.0,"cards_upgraded":["Strike_R","Strike_R"]},{"damage_healed":0,"gold_gain":0,"player_choice":"Became a vampire (Vial)","damage_taken":0,"max_hp_gain":0,"max_hp_loss":0,"event_name":"Vampires","floor":19,"relics_lost":["Blood Vial"],"gold_loss":0,"cards_obtained":["Bite","Bite","Bite","Bite","Bite"]},{"cards_removed":["Defend_R"],"damage_healed":0,"gold_gain":0,"player_choice":"Elegance","damage_taken":0,"max_hp_gain":0,"max_hp_loss":0,"event_name":"Back to Basics","floor":20,"gold_loss":0},{"damage_healed":0,"gold_gain":0,"player_choice":"Opened","damage_taken":0,"relics_obtained":["Boot"],"max_hp_gain":0,"max_hp_loss":0,"event_name":"The Mausoleum","floor":28,"gold_loss":0,"cards_obtained":["Writhe"]},{"cards_removed":["Writhe"],"damage_healed":0,"gold_gain":0,"player_choice":"Gave Gold","damage_taken":0,"max_hp_gain":0,"max_hp_loss":0,"event_name":"Beggar","floor":30,"gold_loss":75},{"damage_healed":0,"gold_gain":0,"player_choice":"Ignored","damage_taken":0,"max_hp_gain":0,"max_hp_loss":0,"event_name":"SecretPortal","floor":38,"gold_loss":0},{"damage_healed":83,"gold_gain":0,"player_choice":"Heal","damage_taken":0,"max_hp_gain":0,"max_hp_loss":12,"event_name":"The Moai Head","floor":42,"gold_loss":0},{"damage_healed":0,"gold_gain":0,"player_choice":"Paid","damage_taken":0,"relics_obtained":["Red Mask"],"max_hp_gain":0,"max_hp_loss":0,"event_name":"Tomb of Lord Red Mask","floor":46,"gold_loss":69},{"damage_healed":0,"gold_gain":0,"player_choice":"Copied","damage_taken":0,"max_hp_gain":0,"max_hp_loss":0,"event_name":"Duplicator","floor":47,"gold_loss":0,"cards_obtained":["Immolate"]},{"cards_removed":["Defend_R"],"damage_healed":0,"gold_gain":0,"player_choice":"Removed Skill","damage_taken":0,"max_hp_gain":0,"max_hp_loss":0,"event_name":"Falling","floor":48,"gold_loss":0}],"is_beta":false,"boss_relics":[{"not_picked":["Eternal Feather","Ectoplasm"],"picked":"Sozu"},{"not_picked":["Lizard Tail","Runic Cube"],"picked":"Busted Crown"}],"items_purged_floors":[37],"is_endless":false,"potions_floor_spawned":[1,4,8,16,24,27,29,33,35,54],"killed_by":"The Heart","ascension_level":0}