{"gold_per_floor":[17,17,32,82,93,93,118,131,179,189,189,208,221,252,252,353,353,368,368,368,384,28,28,40,59,59,89,121,121,154,154,154,253,253,253],"floor_reached":35,"playtime":1869,"items_purged":[],"score":636,"play_id":"b985ceaa-9112-4cde-b670-c0f4c3e84c6d","local_time":"20180918095023","is_ascension_mode":true,"campfire_choices":[{"data":"Perfected Strike","floor":6.0,"key":"SMITH"},{"data":"Body Slam","floor":11.0,"key":"SMITH"},{"data":"Twin Strike","floor":15.0,"key":"SMITH"},{"floor":23.0,"key":"REST"},{"floor":29.0,"key":"REST"},{"floor":32.0,"key":"REST"}],"neow_cost":"NO_GOLD","seed_source_timestamp":0,"circlet_count":0,"master_deck":["Strike_R","Strike_R","Strike_R","Strike_R","Strike_R","Defend_R","Defend_R","Defend_R","Defend_R","Bash+1","AscendersBane","Twin Strike","Pommel Strike","Perfected Strike+1","Cleave","Body Slam+1","Spot Weakness","Twin Strike+1","Metallicize","Fiend Fire","Headbutt","Pommel Strike","Immolate","Cleave+1","Cleave","Twin Strike+1","Pommel Strike","Demon Form"],"special_seed":0,"relics":["Burning Blood","Bottled Flame","Ancient Tea Set","Red Skull","Mark of Pain","Letter Opener","Sling","Self Forming Clay","Mummified Hand","Red Mask","Torii","Nilry\u0027s Codex","Snecko Eye"],"potions_floor_usage":[33],"damage_taken":[{"damage":12.0,"enemies":"Small Slimes","floor":1.0,"turns":5.0},{"damage":5.0,"enemies":"2 Louse","floor":3.0,"turns":3.0},{"damage":7.0,"enemies":"Jaw Worm","floor":5.0,"turns":2.0},{"damage":16.0,"enemies":"Gremlin Nob","floor":7.0,"turns":3.0},{"damage":0.0,"enemies":"2 Fungi Beasts","floor":8.0,"turns":2.0},{"damage":8.0,"enemies":"Blue Slaver","floor":10.0,"turns":2.0},{"damage":2.0,"enemies":"3 Louse","floor":12.0,"turns":3.0},{"damage":7.0,"enemies":"Exordium Wildlife","floor":13.0,"turns":2.0},{"damage":25.0,"enemies":"Lagavulin","floor":14.0,"turns":4.0},{"damage":40.0,"enemies":"Hexaghost","floor":16.0,"turns":6.0},{"damage":14.0,"enemies":"Shell Parasite","floor":18.0,"turns":2.0},{"damage":37.0,"enemies":"2 Thieves","floor":21.0,"turns":4.0},{"damage":20.0,"enemies":"Shelled Parasite and Fungi","floor":24.0,"turns":2.0},{"damage":15.0,"enemies":"Snecko","floor":25.0,"turns":3.0},{"damage":20.0,"enemies":"Slavers","floor":27.0,"turns":3.0},{"damage":0.0,"enemies":"Masked Bandits","floor":28.0,"turns":2.0},{"damage":20.0,"enemies":"Book of Stabbing","floor":30.0,"turns":3.0},{"damage":59,"enemies":"Champ","floor":33,"turns":7},{"damage":0,"enemies":"3 Darklings","floor":35,"turns":1}],"seed_played":"5123632950249048877","potions_obtained":[{"floor":1.0,"key":"Energy Potion"},{"floor":8.0,"key":"AttackPotion"},{"floor":14.0,"key":"Dexterity Potion"},{"floor":16.0,"key":"Swift Potion"},{"floor":24.0,"key":"FearPotion"},{"floor":25.0,"key":"Explosive Potion"},{"floor":27.0,"key":"SkillPotion"},{"floor":28.0,"key":"Ancient Potion"},{"floor":33,"key":"FearPotion"}],"is_trial":false,"path_per_floor":["M","?","M","?","M","R","E","M","T","M","R","M","M","E","R","B",null,"M","?","?","M","$","R","M","M","T","E","?","R","E","?","R","B",null],"character_chosen":"IRONCLAD","items_purchased":["Sling","Immolate"],"campfire_rested":3,"item_purchase_floors":[22,22],"current_hp_per_floor":[82,82,83,83,82,82,72,78,78,76,76,80,79,60,60,26,79,71,71,71,40,40,68,54,45,45,31,37,65,51,35,63,10,75,75],"gold":253,"neow_bonus":"TWENTY_PERCENT_HP_BONUS","is_prod":false,"is_daily":false,"chose_seed":false,"campfire_upgraded":3,"win_rate":0,"timestamp":1537282223,"path_taken":["M","?","M","?","M","R","E","?","T","M","R","M","?","E","R","BOSS","M","?","?","?","$","R","M","M","T","E","?","R","E","?","R","BOSS","M"],"build_version":"2018-09-06","purchased_purges":0,"victory":false,"max_hp_per_floor":[96,96,96,96,96,96,96,96,96,96,96,96,96,96,96,96,96,96,96,96,96,96,96,96,96,96,96,96,96,96,96,96,96,96,96],"card_choices":[{"not_picked":["Pummel","Sword Boomerang"],"picked":"Twin Strike","floor":1.0},{"not_picked":["Clash","Seeing Red"],"picked":"Pommel Strike","floor":3.0},{"not_picked":["Armaments","Havoc"],"picked":"Perfected Strike","floor":5.0},{"not_picked":["Feel No Pain","Whirlwind"],"picked":"Cleave","floor":7.0},{"not_picked":["Anger","Sword Boomerang"],"picked":"Body Slam","floor":8.0},{"not_picked":["Evolve","Heavy Blade","Uppercut"],"picked":"SKIP","floor":10.0},{"not_picked":["Sever Soul","True Grit"],"picked":"Spot Weakness","floor":12.0},{"not_picked":["Havoc","Warcry"],"picked":"Twin Strike","floor":13.0},{"not_picked":["Bloodletting","Brutality"],"picked":"Metallicize","floor":14.0},{"not_picked":["Brutality","Barricade"],"picked":"Fiend Fire","floor":16.0},{"not_picked":["Seeing Red","Clothesline"],"picked":"Headbutt","floor":18.0},{"not_picked":["Shockwave","True Grit"],"picked":"Pommel Strike","floor":21.0},{"not_picked":["Clothesline","True Grit"],"picked":"Cleave+1","floor":24.0},{"not_picked":["Sword Boomerang","Whirlwind","True Grit+1"],"picked":"SKIP","floor":25.0},{"not_picked":["True Grit+1","Brutality"],"picked":"Cleave","floor":27.0},{"not_picked":["Cleave+1","Shockwave"],"picked":"Twin Strike+1","floor":28.0},{"not_picked":["Disarm+1","Immolate"],"picked":"Pommel Strike","floor":30.0},{"not_picked":["Berserk","Impervious"],"picked":"Demon Form","floor":33}],"player_experience":614864,"relics_obtained":[{"floor":7.0,"key":"Bottled Flame"},{"floor":9.0,"key":"Ancient Tea Set"},{"floor":14.0,"key":"Red Skull"},{"floor":26.0,"key":"Self Forming Clay"},{"floor":27.0,"key":"Mummified Hand"},{"floor":28.0,"key":"Red Mask"},{"floor":30.0,"key":"Torii"},{"floor":31.0,"key":"Nilry\u0027s Codex"}],"event_choices":[{"event_name":"Living Wall","player_choice":"Grow","floor":2.0,"damage_taken":0.0},{"event_name":"Golden Wing","player_choice":"Gained Gold","floor":4.0,"damage_taken":0.0},{"event_name":"The Mausoleum","player_choice":"Yes","floor":19.0,"damage_taken":0.0},{"event_name":"Vampires","player_choice":"Ignored","floor":20.0,"damage_taken":0.0},{"event_name":"Masked Bandits","player_choice":"Fought Bandits","floor":28.0,"damage_taken":0.0},{"event_name":"Cursed Tome","player_choice":"Obtained Book","floor":31.0,"damage_taken":0.0}],"is_beta":false,"boss_relics":[{"not_picked":["Lizard Tail","Fusion Hammer"],"picked":"Mark of Pain"},{"not_picked":["Velvet Choker","Runic Cube"],"picked":"Snecko Eye"}],"items_purged_floors":[],"is_endless":false,"potions_floor_spawned":[1,8,14,16,24,25,27,28,33],"killed_by":"3 Darklings","ascension_level":10}