{"gold_per_floor":[118,293,307,307,178,212,212,229,254,254,101,115,115,77,77,174,174,194,208,123,123],"floor_reached":21,"playtime":1868,"items_purged":["Doubt"],"score":274,"play_id":"617880ff-78e0-4318-a0b4-da3b6e154c57","local_time":"20190422135823","is_ascension_mode":true,"campfire_choices":[{"data":"Noxious Fumes","floor":7.0,"key":"SMITH"},{"data":"Poisoned Stab","floor":10.0,"key":"SMITH"},{"floor":15.0,"key":"REST"}],"neow_cost":"NONE","seed_source_timestamp":0,"circlet_count":0,"master_deck":["AscendersBane","Defend_G","Defend_G","Defend_G","Defend_G","Defend_G","Strike_G","Strike_G","Strike_G","Strike_G","Survivor","Neutralize","Noxious Fumes+1","Dagger Spray","Poisoned Stab+1","Catalyst","Dagger Spray","Caltrops","Envenom","Deadly Poison","Sucker Punch"],"special_seed":0,"relics":["Ring of the Snake","FaceOfCleric","Smiling Mask","Bag of Preparation","Bronze Scales","Sozu","Shovel"],"potions_floor_usage":[],"damage_taken":[{"damage":0.0,"enemies":"2 Louse","floor":1.0,"turns":4.0},{"damage":5.0,"enemies":"Small Slimes","floor":3.0,"turns":5.0},{"damage":33.0,"enemies":"Lagavulin","floor":6.0,"turns":8.0},{"damage":1.0,"enemies":"Cultist","floor":8.0,"turns":3.0},{"damage":0.0,"enemies":"2 Fungi Beasts","floor":12.0,"turns":3.0},{"damage":48.0,"enemies":"Slime Boss","floor":16.0,"turns":9.0},{"damage":24.0,"enemies":"Spheric Guardian","floor":18.0,"turns":5.0},{"damage":14.0,"enemies":"Chosen","floor":19.0,"turns":4.0},{"damage":0,"enemies":"Snecko","floor":21,"turns":1}],"seed_played":"-8913459819869615577","potions_obtained":[{"floor":8.0,"key":"FearPotion"},{"floor":12.0,"key":"Block Potion"},{"floor":16.0,"key":"GamblersBrew"}],"is_trial":false,"path_per_floor":["M","?","M","?","$","E","R","M","T","R","$","M","?","$","R","B",null,"M","M","?","M"],"character_chosen":"THE_SILENT","items_purchased":["Poisoned Stab","Bronze Scales","Caltrops"],"campfire_rested":1,"item_purchase_floors":[5,11,14],"current_hp_per_floor":[70,70,65,65,65,33,33,33,33,33,33,34,34,34,58,11,64,41,28,28,28],"gold":123,"neow_bonus":"TEN_PERCENT_HP_BONUS","is_prod":false,"is_daily":false,"chose_seed":false,"campfire_upgraded":2,"win_rate":0,"timestamp":1555959503,"path_taken":["M","?","M","?","$","E","R","?","T","R","$","M","?","?","R","BOSS","M","?","?","M"],"build_version":"2019-01-23","purchased_purges":1,"victory":false,"max_hp_per_floor":[77,77,77,77,77,78,78,79,79,79,79,80,80,80,80,81,81,82,83,83,83],"card_choices":[{"not_picked":["Slice","Blur"],"picked":"Noxious Fumes","floor":1.0},{"not_picked":["Deadly Poison","Dodge and Roll"],"picked":"Dagger Spray","floor":3.0},{"not_picked":["Heel Hook","Prepared"],"picked":"Catalyst","floor":6.0},{"not_picked":["Tactician","PiercingWail","Prepared"],"picked":"SKIP","floor":8.0},{"not_picked":["Acrobatics","All Out Attack"],"picked":"Dagger Spray","floor":12.0},{"not_picked":["Unload","Die Die Die"],"picked":"Envenom","floor":16.0},{"not_picked":["Dagger Throw","Predator+1"],"picked":"Deadly Poison","floor":18.0},{"not_picked":["Quick Slash","Bane"],"picked":"Sucker Punch","floor":19.0}],"player_experience":1335355,"relics_obtained":[{"floor":6.0,"key":"Smiling Mask"},{"floor":9.0,"key":"Bag of Preparation"}],"event_choices":[{"damage_healed":0.0,"max_hp_gain":0.0,"max_hp_loss":0.0,"gold_gain":175.0,"event_name":"Liars Game","player_choice":"AGREE","floor":2.0,"gold_loss":0.0,"damage_taken":0.0,"cards_obtained":["Doubt"]},{"damage_healed":0.0,"max_hp_gain":0.0,"max_hp_loss":0.0,"gold_gain":0.0,"event_name":"FaceTrader","player_choice":"Trade","floor":4.0,"gold_loss":0.0,"damage_taken":0.0,"relics_obtained":["FaceOfCleric"]},{"cards_removed":["Strike_G"],"damage_healed":0.0,"max_hp_gain":0.0,"max_hp_loss":0.0,"gold_gain":0.0,"event_name":"Bonfire Elementals","player_choice":"Offered Basic","floor":13.0,"gold_loss":0.0,"damage_taken":0.0},{"damage_healed":0.0,"max_hp_gain":0.0,"max_hp_loss":0.0,"gold_gain":0.0,"event_name":"Addict","player_choice":"Obtained Relic","floor":20.0,"gold_loss":85.0,"damage_taken":0.0,"relics_obtained":["Shovel"]}],"is_beta":false,"boss_relics":[{"not_picked":["Calling Bell","Busted Crown"],"picked":"Sozu"}],"items_purged_floors":[5],"is_endless":false,"potions_floor_spawned":[8,12,16,18],"killed_by":"Snecko","ascension_level":11}