{"gold_per_floor":[115,125,200,200,216,244,244,254,304,304,314,343,357,369,369,369],"floor_reached":16,"playtime":1452,"items_purged":[],"score":114,"play_id":"0abbe001-3138-4827-968f-f9ba147de73a","local_time":"20190627123206","is_ascension_mode":false,"campfire_choices":[{"data":"Body Slam","floor":7,"key":"SMITH"},{"floor":10,"key":"RECALL"},{"data":"Rage","floor":15,"key":"SMITH"}],"neow_cost":"NONE","seed_source_timestamp":781789264506,"circlet_count":0,"master_deck":["Strike_R","Strike_R","Strike_R","Strike_R","Strike_R","Defend_R","Defend_R","Defend_R","Defend_R","Bash","Cleave","Body Slam+1","Whirlwind","Uppercut","Immolate","Twin Strike","Rage+1","Cleave","Body Slam"],"relics":["Burning Blood","Dream Catcher","Blue Candle","Bronze Scales"],"potions_floor_usage":[6,12,16],"damage_taken":[{"damage":5,"enemies":"Cultist","floor":1,"turns":4},{"damage":2,"enemies":"2 Louse","floor":2,"turns":2},{"damage":9,"enemies":"Jaw Worm","floor":5,"turns":4},{"damage":6,"enemies":"Gremlin Nob","floor":6,"turns":3},{"damage":5,"enemies":"Lots of Slimes","floor":8,"turns":3},{"damage":16,"enemies":"Exordium Thugs","floor":11,"turns":4},{"damage":9,"enemies":"3 Sentries","floor":12,"turns":5},{"damage":5,"enemies":"Looter","floor":13,"turns":3},{"damage":8,"enemies":"Blue Slaver","floor":14,"turns":3},{"damage":58,"enemies":"The Guardian","floor":16,"turns":8}],"seed_played":"-449854486411558323","potions_obtained":[{"floor":2,"key":"Fire Potion"},{"floor":11,"key":"Fire Potion"},{"floor":12,"key":"AttackPotion"}],"is_trial":false,"path_per_floor":["M","M","?","?","M","E","R","M","T","R","M","E","M","M","R","B"],"character_chosen":"IRONCLAD","items_purchased":[],"campfire_rested":0,"item_purchase_floors":[],"current_hp_per_floor":[80,80,69,74,71,71,71,72,72,72,62,59,60,58,58,0],"gold":369,"neow_bonus":"RANDOM_COMMON_RELIC","is_prod":false,"is_daily":false,"chose_seed":false,"campfire_upgraded":2,"win_rate":0,"timestamp":1561631526,"path_taken":["M","M","?","?","M","E","R","M","T","R","M","E","M","M","R","BOSS"],"build_version":"2019-01-23","purchased_purges":0,"victory":false,"max_hp_per_floor":[80,80,80,85,85,85,85,85,85,85,85,85,85,85,85,85],"card_choices":[{"not_picked":["Infernal Blade","Second Wind"],"picked":"Cleave","floor":1},{"not_picked":["Fire Breathing","True Grit"],"picked":"Body Slam","floor":2},{"not_picked":["Body Slam","Perfected Strike"],"picked":"Whirlwind","floor":5},{"not_picked":["Dual Wield","Anger"],"picked":"Uppercut","floor":6},{"not_picked":["Dropkick","Dual Wield"],"picked":"Immolate","floor":8},{"not_picked":["Sever Soul","Armaments"],"picked":"Twin Strike","floor":11},{"not_picked":["Clash","Whirlwind"],"picked":"Rage","floor":12},{"not_picked":["Anger","Warcry"],"picked":"Cleave","floor":13},{"not_picked":["Anger","Perfected Strike"],"picked":"Body Slam","floor":14}],"player_experience":112663,"relics_obtained":[{"floor":6,"key":"Blue Candle"},{"floor":12,"key":"Bronze Scales"}],"event_choices":[{"damage_healed":0,"gold_gain":75,"player_choice":"Gather Gold","damage_taken":11,"max_hp_gain":0,"max_hp_loss":0,"event_name":"World of Goop","floor":3,"gold_loss":0},{"damage_healed":0,"gold_gain":0,"player_choice":"Donut","damage_taken":0,"max_hp_gain":5,"max_hp_loss":0,"event_name":"Big Fish","floor":4,"gold_loss":0}],"is_beta":false,"boss_relics":[],"items_purged_floors":[],"is_endless":false,"potions_floor_spawned":[2,11,12],"killed_by":"The Guardian","ascension_level":0}