{"gold_per_floor":[109,109,184,201,108,108,119,147,147,147,3,3,3,16,16,16],"floor_reached":16,"playtime":789,"items_purged":[],"score":127,"play_id":"7389d423-47af-4e3a-8991-04376a64985c","local_time":"20181106162641","is_ascension_mode":true,"campfire_choices":[{"data":"Turbo","floor":6,"key":"SMITH"},{"data":"Melter","floor":13,"key":"SMITH"},{"data":"Swift Strike","floor":15,"key":"SMITH"}],"neow_cost":"NONE","seed_source_timestamp":33303232545010,"circlet_count":0,"master_deck":["Strike_B","Strike_B","Strike_B","Strike_B","Defend_B","Defend_B","Defend_B","Defend_B","Zap","Dualcast","Meteor Strike","Compile Driver","Turbo+1","Swift Strike+1","Turbo","Melter+1","Hyperbeam","Beam Cell"],"relics":["Cracked Core","Ginger","Gambling Chip","Cables"],"potions_floor_usage":[8,16],"damage_taken":[{"damage":0,"enemies":"Small Slimes","floor":1,"turns":3},{"damage":8,"enemies":"2 Louse","floor":4,"turns":3},{"damage":2,"enemies":"Jaw Worm","floor":7,"turns":2},{"damage":20,"enemies":"Lagavulin","floor":8,"turns":7},{"damage":0,"enemies":"Blue Slaver","floor":14,"turns":1},{"damage":42,"enemies":"The Guardian","floor":16,"turns":8}],"seed_played":"4875014328467243747","potions_obtained":[{"floor":4,"key":"AttackPotion"},{"floor":7,"key":"SmokeBomb"},{"floor":14,"key":"PowerPotion"}],"is_trial":false,"path_per_floor":["M","?","?","M","$","R","M","E","T","?","$","T","R","M","R","B"],"character_chosen":"DEFECT","items_purchased":["Swift Strike","Hyperbeam"],"campfire_rested":0,"item_purchase_floors":[5,11],"current_hp_per_floor":[68,68,57,49,49,49,47,27,27,52,52,52,52,52,52,10],"gold":16,"neow_bonus":"ONE_RANDOM_RARE_CARD","is_prod":false,"is_daily":false,"chose_seed":false,"campfire_upgraded":3,"win_rate":0,"timestamp":1541543201,"path_taken":["M","?","?","M","$","R","M","E","T","?","$","?","R","M","R","BOSS"],"build_version":"2018-11-01","purchased_purges":0,"victory":false,"max_hp_per_floor":[75,75,75,75,75,75,75,75,75,75,75,75,75,75,75,75],"card_choices":[{"not_picked":["Coolheaded","Hello World"],"picked":"Compile Driver","floor":1},{"not_picked":["Redo","Gash"],"picked":"Turbo","floor":4},{"not_picked":["Beam Cell","Go for the Eyes"],"picked":"Turbo","floor":7},{"not_picked":["Compile Driver","Storm"],"picked":"Melter","floor":8},{"not_picked":["Static Discharge","Barrage"],"picked":"Beam Cell","floor":14}],"player_experience":946206,"relics_obtained":[{"floor":8,"key":"Ginger"},{"floor":9,"key":"Gambling Chip"},{"floor":12,"key":"Cables"}],"event_choices":[{"damage_healed":0,"gold_gain":0,"player_choice":"Ignored","damage_taken":0,"max_hp_gain":0,"max_hp_loss":0,"event_name":"Golden Idol","floor":2,"gold_loss":0},{"damage_healed":0,"gold_gain":75,"player_choice":"Gather Gold","damage_taken":11,"max_hp_gain":0,"max_hp_loss":0,"event_name":"World of Goop","floor":3,"gold_loss":0},{"damage_healed":25,"gold_gain":0,"player_choice":"Banana","damage_taken":0,"max_hp_gain":0,"max_hp_loss":0,"event_name":"Big Fish","floor":10,"gold_loss":0}],"is_beta":false,"boss_relics":[],"items_purged_floors":[],"is_endless":false,"potions_floor_spawned":[4,7,14],"killed_by":"The Guardian","ascension_level":6}