{"gold_per_floor":[13,27,47,61,61,90,106,106,106,120,147,167,46,122,122,218,218,202,202,202,222,240,267,280,39,62,62],"floor_reached":27,"playtime":2613,"items_purged":[],"score":297,"play_id":"ab94da53-9758-497b-ac4d-aceac11a1843","local_time":"20190626030200","is_ascension_mode":true,"campfire_choices":[{"floor":8,"key":"REST"},{"floor":15,"key":"REST"}],"neow_cost":"NO_GOLD","seed_source_timestamp":38319879598794,"circlet_count":0,"master_deck":["Defend_G","Defend_G","Defend_G","Defend_G","Defend_G","Strike_G","Strike_G","Strike_G","Strike_G","Strike_G","Survivor","Neutralize","PiercingWail","Dagger Throw","Flying Knee","Dagger Throw","Cloak And Dagger","Riddle With Holes","Dagger Spray","Cloak And Dagger","Underhanded Strike","Dramatic Entrance","Riddle With Holes","A Thousand Cuts+1","All Out Attack","Cloak And Dagger","Caltrops+1","Distraction","Slice","Blade Dance+1","Accuracy+1","All Out Attack","Accuracy+1","Flechettes","Quick Slash"],"relics":["Ring of the Snake","Frozen Egg 2","Kunai","Regal Pillow","Orrery","Tough Bandages","Shuriken","Snake Skull"],"potions_floor_usage":[6,16,18,18,22,24],"damage_taken":[{"damage":0,"enemies":"2 Louse","floor":1,"turns":3},{"damage":3,"enemies":"Cultist","floor":2,"turns":5},{"damage":1,"enemies":"Jaw Worm","floor":3,"turns":5},{"damage":9,"enemies":"Looter","floor":4,"turns":4},{"damage":31,"enemies":"Lagavulin","floor":6,"turns":9},{"damage":11,"enemies":"Exordium Wildlife","floor":7,"turns":7},{"damage":0,"enemies":"Exordium Thugs","floor":10,"turns":5},{"damage":20,"enemies":"3 Sentries","floor":11,"turns":7},{"damage":2,"enemies":"3 Louse","floor":12,"turns":2},{"damage":34,"enemies":"The Guardian","floor":16,"turns":17},{"damage":5,"enemies":"2 Thieves","floor":18,"turns":4},{"damage":0,"enemies":"3 Byrds","floor":21,"turns":2},{"damage":21,"enemies":"Snake Plant","floor":22,"turns":4},{"damage":33,"enemies":"Gremlin Leader","floor":23,"turns":6},{"damage":14,"enemies":"Centurion and Healer","floor":24,"turns":8},{"damage":13,"enemies":"Sentry and Sphere","floor":27,"turns":3}],"seed_played":"-1870880451863328490","potions_obtained":[{"floor":1,"key":"Ancient Potion"},{"floor":4,"key":"LiquidBronze"},{"floor":5,"key":"SneckoOil"},{"floor":5,"key":"Dexterity Potion"},{"floor":7,"key":"SpeedPotion"},{"floor":16,"key":"Fire Potion"},{"floor":18,"key":"Weak Potion"},{"floor":23,"key":"Block Potion"}],"is_trial":false,"path_per_floor":["M","M","M","M","?","E","M","R","T","M","E","M","$","?","R","B",null,"M","?","?","M","M","E","M","$","T","M"],"character_chosen":"THE_SILENT","items_purchased":["Dramatic Entrance","Riddle With Holes","Shuriken"],"campfire_rested":2,"item_purchase_floors":[13,13,25],"current_hp_per_floor":[84,81,80,71,71,40,29,54,54,54,34,32,32,32,72,38,84,79,79,79,79,58,25,11,11,11,0],"gold":62,"neow_bonus":"TWENTY_PERCENT_HP_BONUS","is_prod":false,"is_daily":false,"chose_seed":false,"campfire_upgraded":0,"win_rate":0,"timestamp":1561489320,"path_taken":["M","M","M","M","?","E","M","R","T","M","E","?","$","?","R","BOSS","M","?","?","M","M","E","M","?","T","M"],"build_version":"2019-01-23","purchased_purges":0,"victory":false,"max_hp_per_floor":[84,84,84,84,84,84,84,84,84,84,84,84,84,84,84,84,84,84,84,84,84,84,84,84,84,84,84],"card_choices":[{"not_picked":["Expertise","Flechettes"],"picked":"PiercingWail","floor":1},{"not_picked":["Quick Slash","Riddle With Holes"],"picked":"Dagger Throw","floor":2},{"not_picked":["Dodge and Roll","Prepared"],"picked":"Flying Knee","floor":3},{"not_picked":["Deadly Poison","Deflect"],"picked":"Dagger Throw","floor":4},{"not_picked":["Deadly Poison","Blur"],"picked":"Cloak And Dagger","floor":6},{"not_picked":["PiercingWail","Slice"],"picked":"Riddle With Holes","floor":7},{"not_picked":["Backflip","Prepared"],"picked":"Dagger Spray","floor":10},{"not_picked":["Grand Finale","Poisoned Stab"],"picked":"Cloak And Dagger","floor":11},{"not_picked":["Endless Agony","Prepared"],"picked":"Underhanded Strike","floor":12},{"not_picked":["Adrenaline","Glass Knife"],"picked":"A Thousand Cuts+1","floor":16},{"not_picked":["Slice","Underhanded Strike"],"picked":"All Out Attack","floor":17},{"not_picked":["Bouncing Flask","Sucker Punch"],"picked":"Cloak And Dagger","floor":17},{"not_picked":["Dodge and Roll","Crippling Poison"],"picked":"Caltrops+1","floor":17},{"not_picked":["Acrobatics","Cloak And Dagger"],"picked":"Distraction","floor":17},{"not_picked":["Endless Agony","Leg Sweep"],"picked":"Slice","floor":17},{"not_picked":["Escape Plan","Backflip+1"],"picked":"Blade Dance+1","floor":18},{"not_picked":["Acrobatics","Dagger Throw"],"picked":"All Out Attack","floor":21},{"not_picked":["Infinite Blades+1","Slice"],"picked":"Accuracy+1","floor":22},{"not_picked":["Choke","Poisoned Stab"],"picked":"Flechettes","floor":23},{"not_picked":["Heel Hook","Grand Finale"],"picked":"Quick Slash","floor":24}],"player_experience":281206,"relics_obtained":[{"floor":6,"key":"Frozen Egg 2"},{"floor":9,"key":"Kunai"},{"floor":11,"key":"Regal Pillow"},{"floor":23,"key":"Tough Bandages"},{"floor":26,"key":"Snake Skull"}],"event_choices":[{"damage_healed":0,"gold_gain":0,"player_choice":"Got Potions","damage_taken":0,"max_hp_gain":0,"max_hp_loss":0,"event_name":"Lab","floor":5,"gold_loss":0},{"damage_healed":0,"gold_gain":76,"player_choice":"Gained Gold","damage_taken":0,"max_hp_gain":0,"max_hp_loss":0,"event_name":"Golden Wing","floor":14,"gold_loss":0},{"damage_healed":0,"gold_gain":0,"player_choice":"Ignored","damage_taken":0,"max_hp_gain":0,"max_hp_loss":0,"event_name":"Beggar","floor":19,"gold_loss":0},{"damage_healed":0,"gold_gain":0,"player_choice":"Read","damage_taken":0,"max_hp_gain":0,"max_hp_loss":0,"event_name":"The Library","floor":20,"gold_loss":0,"cards_obtained":["Accuracy"]}],"is_beta":false,"boss_relics":[{"not_picked":["Tiny House","White Beast Statue"],"picked":"Orrery"}],"items_purged_floors":[],"is_endless":false,"potions_floor_spawned":[1,4,7,16,18,23],"killed_by":"Sentry and Sphere","ascension_level":2}