{"gold_per_floor":[116,135,154,171,346,375,375,450,450,450,465,476,6,35,35,35],"floor_reached":16,"playtime":1878,"items_purged":["Doubt"],"score":146,"play_id":"bd602760-4ad1-40ca-a7f5-d262ca7a8286","local_time":"20180824074830","is_ascension_mode":true,"campfire_choices":[{"floor":7.0,"key":"REST"},{"data":"Cloak And Dagger","floor":15.0,"key":"SMITH"}],"neow_cost":"","seed_source_timestamp":0,"circlet_count":0,"master_deck":["Defend_G","Defend_G","Defend_G","Defend_G","Defend_G","Strike_G","Strike_G","Strike_G","Strike_G","Strike_G","Survivor","Neutralize","Footwork","Cloak And Dagger+1","Poisoned Stab","Flying Knee","Sucker Punch","Deflect","Noxious Fumes","Well Laid Plans"],"special_seed":0,"relics":["Ring of the Snake","Orichalcum","Ninja Scroll","The Specimen","Blue Candle"],"potions_floor_usage":[],"damage_taken":[{"damage":0.0,"enemies":"Cultist","floor":1.0,"turns":4.0},{"damage":0.0,"enemies":"Jaw Worm","floor":2.0,"turns":6.0},{"damage":0.0,"enemies":"2 Louse","floor":3.0,"turns":3.0},{"damage":4.0,"enemies":"2 Fungi Beasts","floor":4.0,"turns":7.0},{"damage":20.0,"enemies":"3 Sentries","floor":6.0,"turns":16.0},{"damage":0.0,"enemies":"Large Slime","floor":11.0,"turns":7.0},{"damage":4.0,"enemies":"3 Louse","floor":12.0,"turns":3.0},{"damage":2.0,"enemies":"Lagavulin","floor":14.0,"turns":7.0},{"damage":37,"enemies":"Slime Boss","floor":16,"turns":9}],"seed_played":"-151740800298587723","potions_obtained":[{"floor":3.0,"key":"Weak Potion"},{"floor":6.0,"key":"SneckoOil"},{"floor":14.0,"key":"Ancient Potion"}],"is_trial":false,"path_per_floor":["M","M","M","M","?","E","R","?","T","?","M","M","$","E","R"],"character_chosen":"THE_SILENT","items_purchased":["The Specimen","Noxious Fumes"],"campfire_rested":1,"item_purchase_floors":[13,13],"current_hp_per_floor":[63,63,63,59,59,39,60,49,49,70,70,66,66,64,64,27],"gold":35,"neow_bonus":"","is_prod":false,"is_daily":false,"chose_seed":false,"campfire_upgraded":1,"win_rate":0,"timestamp":1535114910,"path_taken":["M","M","?","M","?","E","R","?","T","?","?","M","$","E","R","BOSS"],"build_version":"2018-08-23v2","purchased_purges":1,"victory":false,"max_hp_per_floor":[70,70,70,70,70,70,70,70,70,70,70,70,70,70,70,70],"card_choices":[{"not_picked":["Underhanded Strike","Flying Knee"],"picked":"Footwork","floor":1.0},{"not_picked":["Distraction","Blade Dance"],"picked":"Cloak And Dagger","floor":2.0},{"not_picked":["Prepared","Underhanded Strike","Outmaneuver"],"picked":"SKIP","floor":3.0},{"not_picked":["Endless Agony","Flying Knee"],"picked":"Poisoned Stab","floor":4.0},{"not_picked":["Prepared","Catalyst"],"picked":"Flying Knee","floor":6.0},{"not_picked":["Prepared","Skewer"],"picked":"Sucker Punch","floor":11.0},{"not_picked":["Die Die Die","Blade Dance"],"picked":"Deflect","floor":12.0},{"not_picked":["Outmaneuver","Caltrops"],"picked":"Well Laid Plans","floor":14.0}],"player_experience":540099,"relics_obtained":[{"floor":6.0,"key":"Orichalcum"},{"floor":9.0,"key":"Ninja Scroll"},{"floor":14.0,"key":"Blue Candle"}],"event_choices":[{"event_name":"Liars Game","player_choice":"agreed","floor":5.0,"damage_taken":0.0},{"event_name":"World of Goop","player_choice":"Gather Gold","floor":8.0,"damage_taken":0.0},{"event_name":"Big Fish","player_choice":"Banana","floor":10.0,"damage_taken":0.0}],"is_beta":false,"boss_relics":[],"items_purged_floors":[13],"is_endless":false,"potions_floor_spawned":[3,6,14],"killed_by":"Slime Boss","ascension_level":6}