{"gold_per_floor":[116,66,81,95,108,122,122,133,157,190,190,200,215,229,229,327,327,344,344,344,362,277,277,287,3,3,17,30,45,45,60,60,60],"floor_reached":33,"playtime":3624,"items_purged":["Defend_B+1"],"score":257,"play_id":"e40b35e0-2475-4f8d-b4f6-67af4cff353e","local_time":"20180716181403","is_ascension_mode":false,"campfire_choices":[{"data":"BootSequence","floor":7,"key":"SMITH"},{"floor":15,"key":"REST"},{"floor":23,"key":"REST"},{"floor":30,"key":"REST"},{"floor":32,"key":"REST"}],"neow_cost":"NONE","seed_source_timestamp":114825891311916,"circlet_count":0,"master_deck":["Strike_B+1","Strike_B+1","Defend_B+1","Defend_B+1","Zap","Dualcast","BootSequence+1","Leap","Streamline","Self Repair","Redo","Seek","Multi-Cast","Darkness","Sweeping Beam","Steam","Machine Learning","Rebound+1","Chaos","Beam Cell","Master of Strategy","Coolheaded","Conserve Battery","Coolheaded+1","Thunder Strike","Ball Lightning","Stack","Reboot","Reinforced Body+1"],"relics":["Cracked Core","Bag of Marbles","Ginger","Fusion Hammer","Art of War","Prayer Wheel"],"potions_floor_usage":[10,10,16,16,18,28,31,33],"damage_taken":[{"damage":0,"enemies":"Cultist","floor":1,"turns":3},{"damage":0,"enemies":"2 Louse","floor":3,"turns":2},{"damage":2,"enemies":"Jaw Worm","floor":4,"turns":3},{"damage":8,"enemies":"Red Slaver","floor":5,"turns":4},{"damage":0,"enemies":"Looter","floor":6,"turns":4},{"damage":7,"enemies":"3 Louse","floor":8,"turns":4},{"damage":12,"enemies":"Gremlin Nob","floor":10,"turns":4},{"damage":7,"enemies":"Blue Slaver","floor":12,"turns":4},{"damage":0,"enemies":"Exordium Wildlife","floor":13,"turns":3},{"damage":4,"enemies":"2 Fungi Beasts","floor":14,"turns":3},{"damage":59,"enemies":"The Guardian","floor":16,"turns":9},{"damage":23,"enemies":"3 Byrds","floor":18,"turns":4},{"damage":9,"enemies":"2 Thieves","floor":21,"turns":4},{"damage":6,"enemies":"Centurion and Healer","floor":24,"turns":5},{"damage":9,"enemies":"Snecko","floor":27,"turns":4},{"damage":36,"enemies":"Slaver and Parasite","floor":28,"turns":7},{"damage":13,"enemies":"Snake Plant","floor":29,"turns":4},{"damage":17,"enemies":"Sentry and Sphere","floor":31,"turns":5},{"damage":95,"enemies":"Champ","floor":33,"turns":13}],"seed_played":"6112397981568299185","potions_obtained":[{"floor":1,"key":"SkillPotion"},{"floor":5,"key":"SteroidPotion"},{"floor":8,"key":"Block Potion"},{"floor":10,"key":"FocusPotion"},{"floor":13,"key":"FearPotion"},{"floor":24,"key":"FocusPotion"},{"floor":29,"key":"Regen Potion"},{"floor":31,"key":"SpeedPotion"}],"is_trial":false,"path_per_floor":["M","?","M","M","M","M","R","M","T","E","?","M","M","M","R","B",null,"M","?","?","M","?","R","M","$","T","M","M","M","R","M","R"],"character_chosen":"DEFECT","items_purchased":["Master of Strategy"],"campfire_rested":4,"item_purchase_floors":[25],"current_hp_per_floor":[82,82,82,80,72,79,79,79,79,74,67,67,74,77,82,30,82,66,66,66,64,64,82,82,82,82,80,51,45,69,73,82,0],"gold":60,"neow_bonus":"TEN_PERCENT_HP_BONUS","is_prod":false,"is_daily":false,"chose_seed":false,"campfire_upgraded":1,"win_rate":0.0,"timestamp":1531790043,"path_taken":["M","?","M","?","M","M","R","M","T","E","?","M","M","M","R","BOSS","M","?","?","?","?","R","?","$","T","M","M","M","R","M","R","BOSS"],"build_version":"2018-07-12","purchased_purges":1,"victory":false,"max_hp_per_floor":[82,82,82,82,82,82,82,82,82,82,82,82,82,82,82,82,82,82,82,82,82,82,82,82,82,82,82,82,82,82,82,82,82],"card_choices":[{"not_picked":["Self Repair","Reprogram"],"picked":"BootSequence","floor":1},{"not_picked":["Double Energy","Go for the Eyes"],"picked":"Leap","floor":3},{"not_picked":["Capacitor","Defragment"],"picked":"Streamline","floor":4},{"not_picked":["Fusion","Hologram"],"picked":"Self Repair","floor":5},{"not_picked":["Defragment","Barrage"],"picked":"Redo","floor":6},{"not_picked":["Sweeping Beam","Undo"],"picked":"Seek","floor":8},{"not_picked":["Blizzard","Cold Snap"],"picked":"Multi-Cast","floor":10},{"not_picked":["Skim","Redo"],"picked":"Darkness","floor":12},{"not_picked":["Beam Cell","Hello World"],"picked":"Sweeping Beam","floor":13},{"not_picked":["Rebound","Heatsinks"],"picked":"Steam","floor":14},{"not_picked":["Amplify","Biased Cognition"],"picked":"Machine Learning","floor":16},{"not_picked":["Steam","Beam Cell"],"picked":"Rebound+1","floor":18},{"not_picked":["Conserve Battery","Leap"],"picked":"Chaos","floor":21},{"not_picked":["Stack","Double Energy"],"picked":"Beam Cell","floor":24},{"not_picked":["Stack","Consume"],"picked":"Coolheaded","floor":27},{"not_picked":["Auto Shields","Barrage"],"picked":"Conserve Battery","floor":27},{"not_picked":["Chill","Hologram+1"],"picked":"Coolheaded+1","floor":28},{"not_picked":["Storm","Double Energy"],"picked":"Thunder Strike","floor":28},{"not_picked":["Skim+1","Conserve Battery"],"picked":"Ball Lightning","floor":29},{"not_picked":["Streamline","Hello World"],"picked":"Stack","floor":29},{"not_picked":["Darkness","Chill"],"picked":"Reboot","floor":31},{"not_picked":["Conserve Battery","Beam Cell"],"picked":"Reinforced Body+1","floor":31}],"player_experience":57156,"relics_obtained":[{"floor":9,"key":"Bag of Marbles"},{"floor":10,"key":"Ginger"},{"floor":26,"key":"Prayer Wheel"}],"event_choices":[{"event_name":"The Cleric","player_choice":"Card Removal","floor":2,"damage_taken":0},{"event_name":"Golden Wing","player_choice":"Card Removal","floor":11,"damage_taken":0},{"event_name":"Back to Basics","player_choice":"Simplicity","floor":19,"damage_taken":0},{"event_name":"Wheel of Change","player_choice":"Card Removal","floor":20,"damage_taken":0},{"event_name":"Addict","player_choice":"Obtained Relic","floor":22,"damage_taken":0}],"boss_relics":[{"not_picked":["White Beast Statue","Ectoplasm"],"picked":"Fusion Hammer"}],"items_purged_floors":[25],"is_endless":false,"potions_floor_spawned":[1,5,8,10,13,24,29,31],"killed_by":"Champ","ascension_level":0}