{"gold_per_floor":[114,189,189,201,201,201,213,213,213,242,257,257,268,282,282,385,385,400,414,165,180,180,180,207,207],"floor_reached":25,"playtime":2670,"items_purged":[],"score":346,"play_id":"15f7c3e9-0711-4b34-a452-9f412536c611","local_time":"20190319230658","is_ascension_mode":true,"campfire_choices":[{"data":"Zap","floor":6,"key":"SMITH"},{"data":"Zap","floor":8,"key":"SMITH"},{"data":"Dualcast","floor":12,"key":"SMITH"},{"floor":15,"key":"REST"},{"floor":23,"key":"REST"}],"neow_cost":"NONE","seed_source_timestamp":0,"circlet_count":0,"master_deck":["AscendersBane","Strike_B","Strike_B","Strike_B","Defend_B","Defend_B+1","Defend_B","Defend_B","Zap+1","Dualcast+1","Capacitor","Ball Lightning+1","Zap+1","Bandage Up","Coolheaded","Skim","Barrage","Self Repair","Leap","Glacier","Fission","Beam Cell","Ball Lightning","Skim","Doom and Gloom","Multi-Cast","Coolheaded+1","Barrage","Chaos"],"special_seed":0,"relics":["Cracked Core","Lantern","Strawberry","Orrery","Pantograph","Matryoshka"],"potions_floor_usage":[13,16,24],"damage_taken":[{"damage":3.0,"enemies":"2 Louse","floor":1.0,"turns":2.0},{"damage":0,"enemies":"Cultist","floor":4,"turns":3},{"damage":0,"enemies":"Small Slimes","floor":7,"turns":3},{"damage":19,"enemies":"3 Sentries","floor":10,"turns":6},{"damage":7,"enemies":"Red Slaver","floor":11,"turns":3},{"damage":5,"enemies":"Large Slime","floor":13,"turns":4},{"damage":0,"enemies":"3 Louse","floor":14,"turns":2},{"damage":38,"enemies":"Hexaghost","floor":16,"turns":11},{"damage":11,"enemies":"Spheric Guardian","floor":18,"turns":3},{"damage":6,"enemies":"3 Byrds","floor":19,"turns":4},{"damage":43,"enemies":"Snake Plant","floor":21,"turns":4},{"damage":60,"enemies":"Slavers","floor":24,"turns":5},{"damage":18,"enemies":"Centurion and Healer","floor":25,"turns":1}],"seed_played":"6067200010475463282","potions_obtained":[{"floor":1.0,"key":"Dexterity Potion"},{"floor":4,"key":"Energy Potion"},{"floor":13,"key":"Swift Potion"},{"floor":21,"key":"Swift Potion"}],"is_trial":false,"path_per_floor":["M","?","?","M","?","R","M","R","T","E","M","R","M","M","R","B",null,"M","M","$","M","?","R","E","M"],"character_chosen":"DEFECT","items_purchased":["Pantograph"],"campfire_rested":2,"item_purchase_floors":[20],"current_hp_per_floor":[72,61,61,65,49,49,53,53,53,45,42,42,48,48,74,47,79,68,73,73,34,34,60,11,0],"gold":207,"neow_bonus":"TEN_PERCENT_HP_BONUS","is_prod":false,"is_daily":false,"chose_seed":false,"campfire_upgraded":3,"win_rate":0,"timestamp":1553054818,"path_taken":["M","?","?","?","?","R","M","R","T","E","M","R","M","M","R","BOSS","M","M","$","M","?","R","E","M"],"build_version":"2019-01-23","purchased_purges":0,"victory":false,"max_hp_per_floor":[82,82,82,82,82,82,82,82,82,89,89,89,89,89,89,89,89,89,89,89,89,89,89,89,89],"card_choices":[{"not_picked":["Double Energy","Undo"],"picked":"Capacitor","floor":1.0},{"not_picked":["Sunder","Hologram"],"picked":"Coolheaded","floor":4},{"not_picked":["Conserve Battery","Beam Cell"],"picked":"Skim","floor":7},{"not_picked":["Cold Snap","Ball Lightning"],"picked":"Barrage","floor":10},{"not_picked":["Beam Cell","Turbo"],"picked":"Self Repair","floor":11},{"not_picked":["Machine Learning","Hologram"],"picked":"Leap","floor":13},{"not_picked":["Turbo","Beam Cell"],"picked":"Glacier","floor":14},{"not_picked":["Rainbow","Biased Cognition"],"picked":"Fission","floor":16},{"not_picked":["Self Repair","Undo"],"picked":"Beam Cell","floor":17},{"not_picked":["Turbo","Stack"],"picked":"Ball Lightning","floor":17},{"not_picked":["Conserve Battery","Sweeping Beam"],"picked":"Skim","floor":17},{"not_picked":["Turbo","Cold Snap"],"picked":"Doom and Gloom","floor":17},{"not_picked":["Scrape","Redo"],"picked":"Multi-Cast","floor":18},{"not_picked":["Leap","Rebound"],"picked":"Coolheaded+1","floor":19},{"not_picked":["Beam Cell+1","Rebound"],"picked":"Barrage","floor":21},{"not_picked":["Machine Learning","BootSequence"],"picked":"Chaos","floor":24}],"player_experience":1228377,"relics_obtained":[{"floor":9,"key":"Lantern"},{"floor":10,"key":"Strawberry"},{"floor":24,"key":"Matryoshka"}],"event_choices":[{"damage_healed":0.0,"max_hp_gain":0.0,"max_hp_loss":0.0,"gold_gain":75.0,"event_name":"World of Goop","player_choice":"Gather Gold","floor":2.0,"gold_loss":0.0,"damage_taken":11.0},{"damage_healed":0,"gold_gain":0,"player_choice":"3 cards matched","damage_taken":0,"max_hp_gain":0,"max_hp_loss":0,"event_name":"Match and Keep!","floor":3,"gold_loss":0,"cards_obtained":["Ball Lightning","Zap","Bandage Up"]},{"damage_healed":0,"gold_gain":0,"player_choice":"Entered Light","damage_taken":16,"max_hp_gain":0,"max_hp_loss":0,"event_name":"Shining Light","floor":5,"gold_loss":0,"cards_upgraded":["Ball Lightning","Defend_B"]},{"cards_removed":["Strike_B"],"damage_healed":0,"gold_gain":0,"player_choice":"Card Removal","damage_taken":0,"max_hp_gain":0,"max_hp_loss":0,"event_name":"Wheel of Change","floor":22,"gold_loss":0}],"is_beta":false,"boss_relics":[{"not_picked":["White Beast Statue","Lizard Tail"],"picked":"Orrery"}],"items_purged_floors":[],"is_endless":false,"potions_floor_spawned":[1,4,11,13,14,21],"killed_by":"Centurion and Healer","ascension_level":11}