{"gold_per_floor":[112,127,127,202,202,202,237,237,289,289,237,257,287,303,303,406,406,406],"floor_reached":18,"playtime":879,"items_purged":[],"score":260,"play_id":"ca495adb-551e-4aa1-b343-abe4ae0eb521","local_time":"20190407213629","is_ascension_mode":true,"campfire_choices":[{"data":"Poisoned Stab","floor":6.0,"key":"SMITH"},{"floor":8.0,"key":"REST"},{"data":"Bane","floor":10.0,"key":"SMITH"},{"data":"Bane","floor":15.0,"key":"SMITH"}],"neow_cost":"NONE","seed_source_timestamp":0,"circlet_count":0,"master_deck":["AscendersBane","Defend_G","Defend_G","Defend_G","Defend_G","Defend_G","Strike_G","Strike_G","Strike_G","Strike_G","Strike_G","Survivor","Neutralize","Poisoned Stab+1","Terror","Bane+1","Quick Slash","Cloak And Dagger","Backflip","Dagger Spray","Bane+1","Venomology"],"special_seed":0,"relics":["Ring of the Snake","Potion Belt","CultistMask","The Specimen","Strawberry","Darkstone Periapt","Black Star"],"potions_floor_usage":[],"damage_taken":[{"damage":0.0,"enemies":"Small Slimes","floor":1.0,"turns":5.0},{"damage":0.0,"enemies":"Jaw Worm","floor":2.0,"turns":3.0},{"damage":26.0,"enemies":"Lagavulin","floor":7.0,"turns":8.0},{"damage":0.0,"enemies":"2 Louse","floor":12.0,"turns":3.0},{"damage":8.0,"enemies":"Gremlin Nob","floor":13.0,"turns":3.0},{"damage":0.0,"enemies":"Red Slaver","floor":14.0,"turns":2.0},{"damage":27.0,"enemies":"The Guardian","floor":16.0,"turns":10.0},{"damage":2,"enemies":"Shell Parasite","floor":18,"turns":2}],"seed_played":"-4782841331229534357","potions_obtained":[{"floor":1.0,"key":"LiquidBronze"},{"floor":13.0,"key":"Explosive Potion"},{"floor":16.0,"key":"GamblersBrew"}],"is_trial":false,"path_per_floor":["M","M","?","?","?","R","E","R","T","R","$","M","E","M","R","B",null,"M"],"character_chosen":"THE_SILENT","items_purchased":["Cloak And Dagger"],"campfire_rested":1,"item_purchase_floors":[11],"current_hp_per_floor":[63,63,60,49,49,49,23,44,51,51,51,51,43,43,43,16,62,60],"gold":406,"neow_bonus":"THREE_CARDS","is_prod":false,"is_daily":false,"chose_seed":false,"campfire_upgraded":3,"win_rate":0,"timestamp":1554690989,"path_taken":["M","M","?","?","?","R","E","R","T","R","$","M","E","M","R","BOSS","M"],"build_version":"2019-01-23","purchased_purges":0,"victory":false,"max_hp_per_floor":[70,70,70,70,70,70,70,70,77,77,77,77,77,77,77,77,77,77],"card_choices":[{"not_picked":["Cloak And Dagger","Deflect"],"picked":"Poisoned Stab","floor":0.0},{"not_picked":["Masterful Stab","Bane"],"picked":"Terror","floor":1.0},{"not_picked":["Deflect","Prepared"],"picked":"Bane","floor":2.0},{"not_picked":["Prepared","Reflex"],"picked":"Quick Slash","floor":7.0},{"not_picked":["Caltrops","Acrobatics"],"picked":"Backflip","floor":12.0},{"not_picked":["Bouncing Flask","Tools of the Trade"],"picked":"Dagger Spray","floor":13.0},{"not_picked":["Dash","Dagger Spray"],"picked":"Bane","floor":14.0},{"not_picked":["Grand Finale","After Image"],"picked":"Venomology","floor":16.0}],"player_experience":1326385,"relics_obtained":[{"floor":7.0,"key":"The Specimen"},{"floor":9.0,"key":"Strawberry"},{"floor":13.0,"key":"Darkstone Periapt"}],"event_choices":[{"damage_healed":0.0,"max_hp_gain":0.0,"max_hp_loss":0.0,"gold_gain":0.0,"event_name":"Scrap Ooze","player_choice":"Success","floor":3.0,"gold_loss":0.0,"damage_taken":3.0,"relics_obtained":["Potion Belt"]},{"damage_healed":0.0,"max_hp_gain":0.0,"max_hp_loss":0.0,"gold_gain":75.0,"event_name":"World of Goop","player_choice":"Gather Gold","floor":4.0,"gold_loss":0.0,"damage_taken":11.0},{"damage_healed":0.0,"max_hp_gain":0.0,"max_hp_loss":0.0,"gold_gain":0.0,"event_name":"FaceTrader","player_choice":"Trade","floor":5.0,"gold_loss":0.0,"damage_taken":0.0,"relics_obtained":["CultistMask"]}],"is_beta":false,"boss_relics":[{"not_picked":["Ectoplasm","Fusion Hammer"],"picked":"Black Star"}],"items_purged_floors":[],"is_endless":false,"potions_floor_spawned":[1,13,16],"killed_by":"Shell Parasite","ascension_level":11}