{"gold_per_floor":[115,115,135,146,161,161,187,187,187,206,206,220,231,258,258,359,359,374,385,409,427,445,445,461,476,547,547,573,573,586,598,598,701,701,721,737,145,192,192,192,217,217,242,242,259,274,274,301,301,301],"floor_reached":51,"playtime":5379,"items_purged":["Strike_R"],"score":1148,"play_id":"dbd19d1a-85e1-41c9-ac5d-2cb9896b8932","local_time":"20190703174126","is_ascension_mode":true,"campfire_choices":[{"data":"Evolve","floor":6.0,"key":"SMITH"},{"data":"Double Tap","floor":11.0,"key":"SMITH"},{"data":"Spot Weakness","floor":15.0,"key":"SMITH"},{"data":"Bash","floor":23.0,"key":"SMITH"},{"floor":27.0,"key":"REST"},{"floor":32.0,"key":"REST"},{"data":"Battle Trance","floor":40.0,"key":"SMITH"},{"data":"Rampage","floor":42.0,"key":"SMITH"},{"data":"Exhume","floor":44.0,"key":"SMITH"},{"data":"Shrug It Off","floor":47,"key":"SMITH"},{"data":"Thunderclap","floor":49,"key":"SMITH"}],"neow_cost":"NONE","seed_source_timestamp":706292455974900,"circlet_count":0,"master_deck":["Strike_R+1","Defend_R","Defend_R","Defend_R","Defend_R","Bash+1","Thunderclap+1","Headbutt","Shrug It Off+1","Rampage+1","Evolve+1","Headbutt","Evolve+1","Double Tap+1","Spot Weakness+1","Barricade+1","Uppercut+1","Shrug It Off+1","Shrug It Off+1","Disarm+1","Warcry+1","Exhume+1","True Grit+1","Battle Trance+1","Feel No Pain+1","Reaper+1","Inflame+1","Warcry+1"],"special_seed":0,"relics":["Burning Blood","Frozen Egg 2","Pear","Mercury Hourglass","Philosopher\u0027s Stone","Bag of Marbles","Sundial","Boot","Mark of Pain","Bag of Preparation","Shuriken","Champion Belt","Red Skull","Pen Nib","Whetstone"],"potions_floor_usage":[50,50,50],"damage_taken":[{"damage":9.0,"enemies":"Jaw Worm","floor":1.0,"turns":5.0},{"damage":0.0,"enemies":"Cultist","floor":3.0,"turns":3.0},{"damage":2.0,"enemies":"2 Louse","floor":4.0,"turns":3.0},{"damage":14.0,"enemies":"Gremlin Gang","floor":5.0,"turns":7.0},{"damage":19.0,"enemies":"3 Sentries","floor":7.0,"turns":8.0},{"damage":1.0,"enemies":"Looter","floor":10.0,"turns":3.0},{"damage":0.0,"enemies":"Large Slime","floor":12.0,"turns":5.0},{"damage":14.0,"enemies":"Red Slaver","floor":13.0,"turns":5.0},{"damage":20.0,"enemies":"Gremlin Nob","floor":14.0,"turns":4.0},{"damage":34.0,"enemies":"Hexaghost","floor":16.0,"turns":6.0},{"damage":21.0,"enemies":"3 Byrds","floor":18.0,"turns":4.0},{"damage":21.0,"enemies":"Shell Parasite","floor":19.0,"turns":4.0},{"damage":13.0,"enemies":"Centurion and Healer","floor":21.0,"turns":5.0},{"damage":15.0,"enemies":"Snake Plant","floor":22.0,"turns":4.0},{"damage":8.0,"enemies":"Chosen and Byrds","floor":24.0,"turns":6.0},{"damage":0.0,"enemies":"Shelled Parasite and Fungi","floor":25.0,"turns":7.0},{"damage":0.0,"enemies":"Gremlin Leader","floor":28.0,"turns":6.0},{"damage":13.0,"enemies":"Cultist and Chosen","floor":30.0,"turns":4.0},{"damage":24.0,"enemies":"Snake Plant","floor":31.0,"turns":4.0},{"damage":38.0,"enemies":"Champ","floor":33.0,"turns":13.0},{"damage":8.0,"enemies":"3 Darklings","floor":35.0,"turns":6.0},{"damage":3.0,"enemies":"3 Shapes","floor":36.0,"turns":7.0},{"damage":30.0,"enemies":"2 Orb Walkers","floor":38.0,"turns":4.0},{"damage":33.0,"enemies":"Giant Head","floor":41.0,"turns":6.0},{"damage":9,"enemies":"3 Darklings","floor":45,"turns":7},{"damage":3,"enemies":"Transient","floor":46,"turns":5},{"damage":5,"enemies":"Nemesis","floor":48,"turns":7},{"damage":32,"enemies":"Donu and Deca","floor":50,"turns":8}],"seed_played":"-1790411052896492936","potions_obtained":[{"floor":4.0,"key":"Weak Potion"},{"floor":7.0,"key":"SteroidPotion"},{"floor":8.0,"key":"PowerPotion"},{"floor":8.0,"key":"EssenceOfSteel"},{"floor":8.0,"key":"Swift Potion"},{"floor":14.0,"key":"AttackPotion"},{"floor":16.0,"key":"Weak Potion"},{"floor":18.0,"key":"SteroidPotion"},{"floor":19.0,"key":"GamblersBrew"},{"floor":22.0,"key":"Explosive Potion"},{"floor":25.0,"key":"Dexterity Potion"},{"floor":28.0,"key":"Energy Potion"},{"floor":33.0,"key":"Ancient Potion"},{"floor":35.0,"key":"Dexterity Potion"},{"floor":41.0,"key":"AttackPotion"}],"is_trial":false,"path_per_floor":["M","?","M","M","M","R","E","?","T","M","R","M","M","E","R","B",null,"M","M","T","M","M","R","M","M","T","R","E","?","M","M","R","B",null,"M","M","$","?","?","R","E","R","T","R","M","M","R","E","R","B",null],"character_chosen":"IRONCLAD","items_purchased":["Feel No Pain+1","Bag of Preparation","Shuriken","Weak Potion"],"campfire_rested":2,"item_purchase_floors":[37,37,37,37],"current_hp_per_floor":[77,77,80,80,72,72,59,59,69,74,74,80,72,58,58,30,75,60,45,45,38,29,29,27,33,33,60,66,66,59,41,68,36,77,75,78,78,54,54,54,27,27,27,27,90,90,90,90,90,90],"gold":301,"neow_bonus":"TRANSFORM_CARD","is_prod":false,"is_daily":false,"chose_seed":false,"campfire_upgraded":9,"win_rate":0,"timestamp":1562190086,"path_taken":["M","?","M","M","M","R","E","?","T","M","R","?","M","E","R","BOSS","M","M","?","?","M","R","M","M","T","R","E","?","?","M","R","BOSS","M","M","$","?","?","R","E","R","T","R","M","M","R","E","R","BOSS"],"build_version":"2019-07-01","purchased_purges":1,"victory":true,"max_hp_per_floor":[80,80,80,80,80,80,80,80,90,90,90,90,90,90,90,90,90,90,90,90,90,90,90,90,90,90,90,90,90,90,90,90,90,90,90,90,90,90,90,90,90,90,90,90,90,90,90,90,90,90],"card_choices":[{"not_picked":["Armaments","Cleave"],"picked":"Headbutt","floor":1.0},{"not_picked":["Twin Strike","Cleave"],"picked":"Rampage","floor":3.0},{"not_picked":["True Grit","Brutality"],"picked":"Evolve","floor":4.0},{"not_picked":["Pommel Strike","Warcry"],"picked":"Headbutt","floor":5.0},{"not_picked":["Clash","Combust"],"picked":"Evolve","floor":7.0},{"not_picked":["Searing Blow","Entrench"],"picked":"Double Tap","floor":10.0},{"not_picked":["Flex","Second Wind","Dropkick"],"picked":"SKIP","floor":12.0},{"not_picked":["Iron Wave","Havoc","Feel No Pain+1"],"picked":"SKIP","floor":13.0},{"not_picked":["Wild Strike","Clothesline"],"picked":"Spot Weakness","floor":14.0},{"not_picked":["Juggernaut+1","Brutality+1"],"picked":"Barricade+1","floor":16.0},{"not_picked":["Burning Pact","Anger+1"],"picked":"Uppercut+1","floor":18.0},{"not_picked":["Flex+1","Pommel Strike"],"picked":"Shrug It Off+1","floor":19.0},{"not_picked":["Evolve+1","Twin Strike","Anger"],"picked":"SKIP","floor":21.0},{"not_picked":["Twin Strike","Flex","Evolve+1"],"picked":"SKIP","floor":22.0},{"not_picked":["Rampage","Sword Boomerang+1"],"picked":"Shrug It Off+1","floor":24.0},{"not_picked":["Twin Strike","Bludgeon"],"picked":"Disarm+1","floor":25.0},{"not_picked":["Metallicize+1","Havoc"],"picked":"Warcry+1","floor":28.0},{"not_picked":["Clothesline","Anger","Perfected Strike+1"],"picked":"SKIP","floor":30.0},{"not_picked":["Clash","Uppercut","Wild Strike"],"picked":"SKIP","floor":31.0},{"not_picked":["Barricade+1","Brutality+1"],"picked":"Exhume","floor":33.0},{"not_picked":["Clothesline+1","Spot Weakness+1"],"picked":"True Grit+1","floor":35.0},{"not_picked":["Clothesline","Twin Strike+1"],"picked":"Battle Trance","floor":36.0},{"not_picked":["Twin Strike","Headbutt+1","Flex"],"picked":"SKIP","floor":41.0},{"not_picked":["Cleave+1","Armaments"],"picked":"Inflame+1","floor":45},{"not_picked":["Wild Strike","Sword Boomerang+1"],"picked":"Warcry+1","floor":46},{"not_picked":["Uppercut","Blood for Blood+1","True Grit+1"],"picked":"SKIP","floor":48}],"player_experience":223581,"relics_obtained":[{"floor":7.0,"key":"Frozen Egg 2"},{"floor":9.0,"key":"Pear"},{"floor":14.0,"key":"Mercury Hourglass"},{"floor":20.0,"key":"Bag of Marbles"},{"floor":26.0,"key":"Sundial"},{"floor":28.0,"key":"Boot"},{"floor":38.0,"key":"Champion Belt"},{"floor":41.0,"key":"Red Skull"},{"floor":43.0,"key":"Pen Nib"},{"floor":48,"key":"Whetstone"}],"event_choices":[{"damage_healed":0.0,"max_hp_gain":0.0,"max_hp_loss":0.0,"gold_gain":0.0,"cards_transformed":["Strike_R"],"event_name":"Living Wall","player_choice":"Change","floor":2.0,"gold_loss":0.0,"damage_taken":0.0,"cards_obtained":["Shrug It Off"]},{"damage_healed":0.0,"max_hp_gain":0.0,"max_hp_loss":0.0,"gold_gain":0.0,"event_name":"Lab","player_choice":"Got Potions","floor":8.0,"gold_loss":0.0,"damage_taken":0.0},{"cards_removed":["Strike_R"],"damage_healed":0.0,"max_hp_gain":0.0,"max_hp_loss":0.0,"gold_gain":0.0,"event_name":"Bonfire Elementals","player_choice":"Offered Basic","floor":29.0,"gold_loss":0.0,"damage_taken":0.0},{"damage_healed":0.0,"max_hp_gain":0.0,"max_hp_loss":0.0,"gold_gain":0.0,"event_name":"Mysterious Sphere","player_choice":"Fight","floor":38.0,"gold_loss":0.0,"damage_taken":0.0},{"damage_healed":0.0,"max_hp_gain":0.0,"max_hp_loss":0.0,"gold_gain":0.0,"event_name":"Match and Keep!","player_choice":"1 cards matched","floor":39.0,"gold_loss":0.0,"damage_taken":0.0,"cards_obtained":["Reaper"]}],"is_beta":false,"boss_relics":[{"not_picked":["Busted Crown","Empty Cage"],"picked":"Philosopher\u0027s Stone"},{"not_picked":["Runic Dome","Eternal Feather"],"picked":"Mark of Pain"}],"items_purged_floors":[37],"is_endless":false,"potions_floor_spawned":[4,7,10,12,14,16,18,19,22,25,28,33,35,41],"ascension_level":5}