{"gold_per_floor":[113,113,113,131,131,165,179,210,210,239,239],"floor_reached":11,"playtime":737,"items_purged":[],"score":155,"play_id":"f18d4e7b-5d2b-41e8-9d6a-5ba4751cd52c","local_time":"20190517154408","is_ascension_mode":true,"campfire_choices":[],"neow_cost":"NONE","seed_source_timestamp":159961469058540,"circlet_count":0,"master_deck":["AscendersBane","Defend_G","Defend_G+1","Defend_G","Defend_G","Defend_G","Strike_G","Strike_G+1","Strike_G","Strike_G","Survivor","Neutralize","Dagger Spray","Dagger Spray","Cloak And Dagger","Slice","Tools of the Trade"],"relics":["Ring of the Snake","Ornamental Fan","Pear","Blue Candle","Oddly Smooth Stone"],"potions_floor_usage":[10,10],"damage_taken":[{"damage":2,"enemies":"Cultist","floor":1,"turns":4},{"damage":1,"enemies":"2 Louse","floor":4,"turns":3},{"damage":29,"enemies":"Gremlin Nob","floor":6,"turns":5},{"damage":0,"enemies":"Small Slimes","floor":7,"turns":4},{"damage":22,"enemies":"3 Sentries","floor":8,"turns":6},{"damage":24,"enemies":"Gremlin Nob","floor":10,"turns":5},{"damage":15,"enemies":"Gremlin Gang","floor":11,"turns":3}],"seed_played":"143787701334122254","potions_obtained":[{"floor":6,"key":"Weak Potion"},{"floor":8,"key":"Dexterity Potion"}],"is_trial":false,"path_per_floor":["M","?","?","M","?","E","M","E","T","E","M"],"character_chosen":"THE_SILENT","items_purchased":[],"campfire_rested":0,"item_purchase_floors":[],"current_hp_per_floor":[63,49,42,41,72,43,43,31,31,7,0],"gold":239,"neow_bonus":"TEN_PERCENT_HP_BONUS","is_prod":false,"is_daily":false,"chose_seed":false,"campfire_upgraded":0,"win_rate":0,"timestamp":1558125848,"path_taken":["M","?","?","M","?","E","M","E","T","E","M"],"build_version":"2019-01-23","purchased_purges":0,"victory":false,"max_hp_per_floor":[72,72,72,72,72,72,72,82,82,82,82],"card_choices":[{"not_picked":["Well Laid Plans","Riddle With Holes"],"picked":"Dagger Spray","floor":1},{"not_picked":["PiercingWail","Setup"],"picked":"Catalyst","floor":4},{"not_picked":["Die Die Die","Acrobatics"],"picked":"Dagger Spray","floor":6},{"not_picked":["Finisher","Poisoned Stab"],"picked":"Cloak And Dagger","floor":7},{"not_picked":["Masterful Stab","PiercingWail"],"picked":"Slice","floor":8},{"not_picked":["Bouncing Flask","Underhanded Strike"],"picked":"Tools of the Trade","floor":10}],"player_experience":1389223,"relics_obtained":[{"floor":6,"key":"Ornamental Fan"},{"floor":8,"key":"Pear"},{"floor":9,"key":"Blue Candle"},{"floor":10,"key":"Oddly Smooth Stone"}],"event_choices":[{"damage_healed":0,"gold_gain":0,"player_choice":"Entered Light","damage_taken":14,"max_hp_gain":0,"max_hp_loss":0,"event_name":"Shining Light","floor":2,"gold_loss":0,"cards_upgraded":["Defend_G","Strike_G"]},{"cards_removed":["Strike_G"],"damage_healed":0,"gold_gain":0,"player_choice":"Card Removal","damage_taken":7,"max_hp_gain":0,"max_hp_loss":0,"event_name":"Golden Wing","floor":3,"gold_loss":0},{"cards_removed":["Catalyst"],"damage_healed":31,"gold_gain":0,"player_choice":"Offered Uncommon","damage_taken":0,"max_hp_gain":0,"max_hp_loss":0,"event_name":"Bonfire Elementals","floor":5,"gold_loss":0}],"is_beta":false,"boss_relics":[],"items_purged_floors":[],"is_endless":false,"potions_floor_spawned":[6,8],"killed_by":"Gremlin Gang","ascension_level":14}