{"gold_per_floor":[109,124,124,138,138,138,138,43,96,96,116,134,154,164,164,265,265,281,281,300,300,313,313,342,342,342,353,370,62,79,79,79,79],"floor_reached":33,"playtime":2667,"items_purged":["Flechettes"],"score":415,"play_id":"93ce0c8a-2b23-4350-811b-08621d65a25e","local_time":"20181021113021","is_ascension_mode":true,"campfire_choices":[{"data":"Dagger Spray","floor":6,"key":"SMITH"},{"data":"Flash of Steel","floor":10,"key":"SMITH"},{"data":"Phantasmal Killer","floor":15,"key":"SMITH"},{"data":"Adrenaline","floor":23,"key":"SMITH"},{"floor":25,"key":"REST"},{"floor":32,"key":"REST"}],"neow_cost":"NONE","seed_source_timestamp":325755332324224,"circlet_count":0,"master_deck":["Survivor","Neutralize","Cloak And Dagger+1","Finisher","Dagger Spray+1","Slice","Flash of Steel+1","Infinite Blades","Phantasmal Killer+1","Slice","Dagger Throw","Adrenaline+1","Backflip","PiercingWail","Dagger Throw","Dash","Backflip","Skewer","Eviscerate","Predator","Calculated Gamble","Dagger Spray+1","Bite","Bite","Bite","Bite","Bite","Quick Slash","Cloak And Dagger","Leg Sweep+1","Acrobatics","Deflect+1","Sucker Punch","Flash of Steel","Dagger Spray+1"],"relics":["Ring of the Snake","Bird Faced Urn","Bronze Scales","Pandora\u0027s Box","Gambling Chip","Pantograph","Boot"],"potions_floor_usage":[18,22,33,33],"damage_taken":[{"damage":2,"enemies":"Small Slimes","floor":1,"turns":5},{"damage":0,"enemies":"Cultist","floor":2,"turns":3},{"damage":0,"enemies":"2 Louse","floor":4,"turns":2},{"damage":0,"enemies":"Looter","floor":11,"turns":3},{"damage":0,"enemies":"Lots of Slimes","floor":12,"turns":1},{"damage":3,"enemies":"Red Slaver","floor":13,"turns":2},{"damage":0,"enemies":"Blue Slaver","floor":14,"turns":2},{"damage":46,"enemies":"The Guardian","floor":16,"turns":11},{"damage":0,"enemies":"3 Byrds","floor":18,"turns":3},{"damage":0,"enemies":"Spheric Guardian","floor":20,"turns":3},{"damage":19,"enemies":"Snake Plant","floor":22,"turns":2},{"damage":35,"enemies":"Gremlin Leader","floor":24,"turns":9},{"damage":15,"enemies":"Centurion and Healer","floor":27,"turns":5},{"damage":3,"enemies":"Shelled Parasite and Fungi","floor":28,"turns":6},{"damage":0,"enemies":"3 Cultists","floor":30,"turns":4},{"damage":28,"enemies":"Collector","floor":33,"turns":7}],"seed_played":"1259387954227624503","potions_obtained":[{"floor":4,"key":"Weak Potion"},{"floor":13,"key":"SmokeBomb"},{"floor":16,"key":"GamblersBrew"},{"floor":20,"key":"SkillPotion"},{"floor":24,"key":"GamblersBrew"},{"floor":27,"key":"SteroidPotion"}],"is_trial":false,"path_per_floor":["M","M","?","M","?","R","?","$","T","R","M","M","M","M","R","B",null,"M","?","M","?","M","R","E","R","T","M","M","$","M","?","R"],"character_chosen":"THE_SILENT","items_purchased":["Flash of Steel","Flash of Steel","Boot"],"campfire_rested":2,"item_purchase_floors":[8,29,29],"current_hp_per_floor":[61,61,61,61,61,61,61,61,61,61,61,61,60,62,62,18,57,59,49,49,49,30,30,9,23,23,12,13,13,17,17,31,27],"gold":79,"neow_bonus":"THREE_CARDS","is_prod":false,"is_daily":false,"chose_seed":false,"campfire_upgraded":4,"win_rate":0,"timestamp":1540139421,"path_taken":["M","M","?","?","?","R","?","?","T","R","M","?","M","M","R","BOSS","M","?","M","?","M","R","E","R","T","M","M","$","M","?","R","BOSS"],"build_version":"2018-10-18","purchased_purges":1,"victory":false,"max_hp_per_floor":[70,70,70,70,70,70,70,70,70,70,70,70,70,70,70,70,70,70,49,49,49,49,49,49,49,49,49,49,49,49,49,49,49],"card_choices":[{"not_picked":["Underhanded Strike","Caltrops"],"picked":"Cloak And Dagger","floor":0},{"not_picked":["Bane","Footwork"],"picked":"Finisher","floor":1},{"not_picked":["Caltrops","Quick Slash"],"picked":"Cloak And Dagger","floor":2},{"not_picked":["Tactician","Poisoned Stab"],"picked":"Dagger Spray","floor":4},{"not_picked":["Dodge and Roll","Bane"],"picked":"Infinite Blades","floor":11},{"not_picked":["Outmaneuver","Bane"],"picked":"Phantasmal Killer","floor":12},{"not_picked":["Caltrops","Dagger Throw"],"picked":"Slice","floor":13},{"not_picked":["Bane","Tactician"],"picked":"Dagger Throw","floor":14},{"not_picked":["Glass Knife","Doppelganger"],"picked":"Adrenaline","floor":16},{"not_picked":["Flying Knee","Reflex+1"],"picked":"Dagger Spray+1","floor":18},{"not_picked":["Leg Sweep","PiercingWail+1"],"picked":"Quick Slash","floor":20},{"not_picked":["Dash","Flying Knee+1"],"picked":"Leg Sweep+1","floor":22},{"not_picked":["Riddle With Holes+1","Masterful Stab"],"picked":"Acrobatics","floor":24},{"not_picked":["Venomology","Well Laid Plans"],"picked":"Deflect+1","floor":27},{"not_picked":["Deadly Poison+1","Well Laid Plans+1"],"picked":"Sucker Punch","floor":28},{"not_picked":["Prepared","Backflip"],"picked":"Dagger Spray+1","floor":30}],"player_experience":819041,"relics_obtained":[{"floor":9,"key":"Bronze Scales"},{"floor":24,"key":"Gambling Chip"},{"floor":26,"key":"Pantograph"}],"event_choices":[{"cards_removed":["Cloak And Dagger"],"damage_healed":0,"gold_gain":0,"player_choice":"Gave Card","damage_taken":0,"relics_obtained":["Bird Faced Urn"],"max_hp_gain":0,"max_hp_loss":0,"event_name":"WeMeetAgain","floor":3,"gold_loss":0},{"damage_healed":0,"gold_gain":0,"player_choice":"Grow","damage_taken":0,"max_hp_gain":0,"max_hp_loss":0,"event_name":"Living Wall","floor":5,"gold_loss":0,"cards_upgraded":["Cloak And Dagger"]},{"damage_healed":0,"gold_gain":0,"player_choice":"1 cards matched","damage_taken":0,"max_hp_gain":0,"max_hp_loss":0,"event_name":"Match and Keep!","floor":7,"gold_loss":0,"cards_obtained":["Slice"]},{"damage_healed":0,"gold_gain":0,"player_choice":"Became a vampire","damage_taken":0,"max_hp_gain":0,"max_hp_loss":21,"event_name":"Vampires","floor":19,"gold_loss":0,"cards_obtained":["Bite","Bite","Bite","Bite","Bite"]},{"damage_healed":0,"gold_gain":0,"player_choice":"Read","damage_taken":0,"max_hp_gain":0,"max_hp_loss":0,"event_name":"The Library","floor":21,"gold_loss":0,"cards_obtained":["Cloak And Dagger"]},{"damage_healed":0,"gold_gain":0,"player_choice":"Bought 0 Potions","damage_taken":0,"max_hp_gain":0,"max_hp_loss":0,"event_name":"The Woman in Blue","floor":31,"gold_loss":0}],"is_beta":false,"boss_relics":[{"not_picked":["Runic Dome","Runic Pyramid"],"picked":"Pandora\u0027s Box"}],"items_purged_floors":[29],"is_endless":false,"potions_floor_spawned":[4,13,16,20,24,27],"killed_by":"Collector","ascension_level":8}