{"gold_per_floor":[113,133,208,5,21,56,68,105,141,153,177,189,57,76,76,181,181,197,197,197,157,174,174,189,189,269,122,137,148,176,194,194,291,291,310,330,76,76],"floor_reached":38,"playtime":4089,"items_purged":["Strike_G"],"score":492,"play_id":"f90775fb-5217-4313-a2da-c373a6af2644","local_time":"20180810132005","is_ascension_mode":true,"campfire_choices":[{"floor":10.0,"key":"REST"},{"data":"Terror","floor":12.0,"key":"SMITH"},{"floor":15.0,"key":"REST"},{"data":"Glass Knife","floor":23.0,"key":"SMITH"},{"data":"Catalyst","floor":25.0,"key":"SMITH"},{"floor":32.0,"key":"REST"}],"neow_cost":"NONE","seed_source_timestamp":0,"circlet_count":0,"master_deck":["Defend_G","Defend_G","Defend_G","Defend_G","Defend_G","Strike_G","Strike_G","Survivor","Neutralize","Bullet Time","Footwork","Sucker Punch","Leg Sweep","Terror+1","Blur","Poisoned Stab","Poisoned Stab","Well Laid Plans","Glass Knife+1","Catalyst+1","Glass Knife","Backflip","Poisoned Stab","Adrenaline","Backflip+1","Poisoned Stab","Escape Plan"],"special_seed":0,"relics":["Ring of the Snake","MawBank","Potion Belt","Snake Skull","Oddly Smooth Stone","Eternal Feather","Meat on the Bone","Regal Pillow","Mummified Hand","Orrery","Paper Crane"],"potions_floor_usage":[36],"damage_taken":[{"damage":1.0,"enemies":"Cultist","floor":1.0,"turns":5.0},{"damage":1.0,"enemies":"2 Louse","floor":2.0,"turns":4.0},{"damage":0.0,"enemies":"Small Slimes","floor":5.0,"turns":4.0},{"damage":16.0,"enemies":"Lagavulin","floor":6.0,"turns":13.0},{"damage":21.0,"enemies":"3 Sentries","floor":8.0,"turns":14.0},{"damage":0.0,"enemies":"Exordium Wildlife","floor":11.0,"turns":4.0},{"damage":0.0,"enemies":"Looter","floor":14.0,"turns":3.0},{"damage":34.0,"enemies":"Hexaghost","floor":16.0,"turns":13.0},{"damage":4.0,"enemies":"Shell Parasite","floor":18.0,"turns":6.0},{"damage":12.0,"enemies":"Spheric Guardian","floor":22.0,"turns":6.0},{"damage":19.0,"enemies":"Snecko","floor":24.0,"turns":8.0},{"damage":6.0,"enemies":"Centurion and Healer","floor":28.0,"turns":6.0},{"damage":12.0,"enemies":"Snake Plant","floor":29.0,"turns":6.0},{"damage":19.0,"enemies":"Slavers","floor":30.0,"turns":8.0},{"damage":0.0,"enemies":"Slaver and Parasite","floor":31.0,"turns":1.0},{"damage":65.0,"enemies":"Automaton","floor":33.0,"turns":9.0},{"damage":9.0,"enemies":"Flame Bruiser 1 Orb","floor":35.0,"turns":5.0},{"damage":33,"enemies":"3 Darklings","floor":36,"turns":9},{"damage":9,"enemies":"Transient","floor":38,"turns":3}],"seed_played":"2253945066684058514","potions_obtained":[{"floor":1.0,"key":"Strength Potion"},{"floor":2.0,"key":"Swift Potion"},{"floor":6.0,"key":"Explosive Potion"},{"floor":21.0,"key":"EntropicBrew"},{"floor":21.0,"key":"Ancient Potion"},{"floor":21.0,"key":"SneckoOil"},{"floor":29.0,"key":"Explosive Potion"},{"floor":30.0,"key":"Energy Potion"},{"floor":31.0,"key":"Poison Potion"},{"floor":33.0,"key":"Ancient Potion"},{"floor":35.0,"key":"GhostInAJar"}],"is_trial":false,"path_per_floor":["M","M","?","$","M","E","?","E","T","R","M","R","$","M","R","B",null,"M","?","?","?","M","R","M","R","T","$","M","M","E","M","R","B",null,"M","M","$"],"character_chosen":"THE_SILENT","items_purchased":["Footwork","Sucker Punch","Oddly Smooth Stone","Regal Pillow","Paper Crane"],"campfire_rested":3,"item_purchase_floors":[4,4,13,27,37],"current_hp_per_floor":[69,68,57,57,57,41,41,20,20,41,41,41,41,41,62,28,70,66,53,53,53,41,53,43,55,55,55,49,49,42,42,75,22,75,66,45,45,36],"gold":76,"neow_bonus":"ONE_RANDOM_RARE_CARD","is_prod":false,"is_daily":false,"chose_seed":false,"campfire_upgraded":3,"win_rate":0,"timestamp":1533925205,"path_taken":["M","?","?","$","M","E","?","E","T","R","M","R","$","M","R","BOSS","M","?","?","?","M","R","?","R","T","?","M","M","E","M","R","BOSS","M","?","$","?"],"build_version":"2018-08-09","purchased_purges":1,"victory":false,"max_hp_per_floor":[70,70,70,70,70,70,70,70,70,70,70,70,70,70,70,70,70,70,75,75,75,75,75,75,75,75,75,75,75,75,75,75,75,75,75,75,75,75],"card_choices":[{"not_picked":["Riddle With Holes","Skewer","Flechettes"],"picked":"SKIP","floor":1.0},{"not_picked":["Deadly Poison","PiercingWail","Predator"],"picked":"SKIP","floor":2.0},{"not_picked":["Terror","Outmaneuver"],"picked":"Leg Sweep","floor":5.0},{"not_picked":["Deflect","Accuracy"],"picked":"Terror","floor":6.0},{"not_picked":["Outmaneuver","Bouncing Flask"],"picked":"Poisoned Stab","floor":8.0},{"not_picked":["Skewer","Flying Knee"],"picked":"Poisoned Stab","floor":11.0},{"not_picked":["Skewer","Blade Dance"],"picked":"Well Laid Plans","floor":14.0},{"not_picked":["Envenom","Grand Finale"],"picked":"Glass Knife","floor":16.0},{"not_picked":["Flying Knee","Dagger Throw","PiercingWail"],"picked":"SKIP","floor":18.0},{"not_picked":["Dodge and Roll","Riddle With Holes","Prepared+1"],"picked":"SKIP","floor":22.0},{"not_picked":["Flechettes","Terror","Slice"],"picked":"SKIP","floor":24.0},{"not_picked":["Outmaneuver","Crippling Poison"],"picked":"Glass Knife","floor":28.0},{"not_picked":["PiercingWail","Underhanded Strike+1"],"picked":"Backflip","floor":29.0},{"not_picked":["Blur","Heel Hook"],"picked":"Poisoned Stab","floor":30.0},{"not_picked":["Dagger Throw","Escape Plan","Setup"],"picked":"SKIP","floor":31.0},{"not_picked":["Glass Knife","Doppelganger"],"picked":"Adrenaline","floor":33.0},{"not_picked":["Deflect+1","Sucker Punch"],"picked":"Backflip+1","floor":34.0},{"not_picked":["Prepared","Expertise"],"picked":"Poisoned Stab","floor":34.0},{"not_picked":["Deflect","Blade Dance"],"picked":"Escape Plan","floor":34.0},{"not_picked":["Setup","Riddle With Holes","Underhanded Strike+1"],"picked":"SKIP","floor":35.0},{"not_picked":["Infinite Blades+1","Underhanded Strike+1","Finisher+1"],"picked":"SKIP","floor":36}],"player_experience":471969,"relics_obtained":[{"floor":6.0,"key":"MawBank"},{"floor":8.0,"key":"Potion Belt"},{"floor":9.0,"key":"Snake Skull"},{"floor":26.0,"key":"Meat on the Bone"},{"floor":30.0,"key":"Mummified Hand"}],"event_choices":[{"event_name":"World of Goop","player_choice":"Gather Gold","floor":3.0,"damage_taken":0.0},{"event_name":"Transmorgrifier","player_choice":"Transform","floor":7.0,"damage_taken":0.0},{"event_name":"Forgotten Altar","player_choice":"Shed Blood","floor":19.0,"damage_taken":0.0},{"event_name":"Transmorgrifier","player_choice":"Transform","floor":20.0,"damage_taken":0.0},{"event_name":"The Woman in Blue","player_choice":"Bought 3 Potions","floor":21.0,"damage_taken":0.0}],"is_beta":false,"boss_relics":[{"not_picked":["Velvet Choker","Runic Pyramid"],"picked":"Eternal Feather"},{"not_picked":["Tiny House","Cursed Key"],"picked":"Orrery"}],"items_purged_floors":[4],"is_endless":false,"potions_floor_spawned":[1,2,6,29,30,31,33,35],"killed_by":"Transient","ascension_level":3}