{"gold_per_floor":[214,489,241,251,263,263,290,290,290,290,290,305,321,221,221,221],"floor_reached":16,"playtime":962,"items_purged":["Regret","Strike_G"],"score":140,"play_id":"dd836a23-a915-4662-8306-f283e6758615","local_time":"20181019184153","is_ascension_mode":true,"campfire_choices":[{"data":"Choke","floor":6,"key":"SMITH"},{"floor":8,"key":"REST"},{"data":"Swift Strike","floor":10,"key":"SMITH"},{"floor":15,"key":"REST"}],"neow_cost":"NONE","seed_source_timestamp":180505006898607,"circlet_count":0,"master_deck":["Defend_G","Defend_G","Defend_G","Defend_G","Defend_G","Strike_G","Strike_G","Strike_G","Strike_G","Survivor","Neutralize","Slice","Swift Strike+1","Endless Agony","Choke+1","Backflip","Blade Dance"],"relics":["Ring of the Snake","Unceasing Top","Dodecahedron"],"potions_floor_usage":[12],"damage_taken":[{"damage":0,"enemies":"Small Slimes","floor":1,"turns":5},{"damage":0,"enemies":"Cultist","floor":4,"turns":4},{"damage":0,"enemies":"Jaw Worm","floor":5,"turns":1},{"damage":39,"enemies":"3 Sentries","floor":7,"turns":10},{"damage":9,"enemies":"2 Fungi Beasts","floor":12,"turns":2},{"damage":6,"enemies":"Exordium Thugs","floor":13,"turns":4},{"damage":0,"enemies":"The Guardian","floor":16,"turns":1}],"seed_played":"6347766281906477382","potions_obtained":[{"floor":1,"key":"Energy Potion"},{"floor":7,"key":"Explosive Potion"},{"floor":12,"key":"Regen Potion"}],"is_trial":false,"path_per_floor":["M","?","$","M","M","R","E","R","T","R","?","M","M","$","R"],"character_chosen":"THE_SILENT","items_purchased":["Swift Strike","Endless Agony"],"campfire_rested":2,"item_purchase_floors":[3,3],"current_hp_per_floor":[63,63,63,63,63,63,24,45,45,45,68,59,53,53,70,70],"gold":221,"neow_bonus":"HUNDRED_GOLD","is_prod":false,"is_daily":false,"chose_seed":false,"campfire_upgraded":2,"win_rate":0,"timestamp":1539992513,"path_taken":["M","?","$","M","M","R","E","R","T","R","?","M","M","$","R","BOSS"],"build_version":"2018-10-18","purchased_purges":2,"victory":false,"max_hp_per_floor":[70,70,70,70,70,70,70,70,70,70,70,70,70,70,70,70],"card_choices":[{"not_picked":["Skewer","Crippling Poison"],"picked":"Slice","floor":1},{"not_picked":["Setup","Predator"],"picked":"Choke","floor":4},{"not_picked":["Skewer","Prepared","Catalyst"],"picked":"SKIP","floor":5},{"not_picked":["Calculated Gamble","Caltrops"],"picked":"Backflip","floor":7},{"not_picked":["Bouncing Flask","Outmaneuver","Tactician"],"picked":"SKIP","floor":12},{"not_picked":["Backflip","Endless Agony"],"picked":"Blade Dance","floor":13}],"player_experience":807936,"relics_obtained":[{"floor":7,"key":"Unceasing Top"},{"floor":9,"key":"Dodecahedron"}],"event_choices":[{"damage_healed":0,"gold_gain":275,"player_choice":"Desecrate","damage_taken":0,"max_hp_gain":0,"max_hp_loss":0,"event_name":"Golden Shrine","floor":2,"gold_loss":0,"cards_obtained":["Regret"]},{"damage_healed":23,"gold_gain":0,"player_choice":"Banana","damage_taken":0,"max_hp_gain":0,"max_hp_loss":0,"event_name":"Big Fish","floor":11,"gold_loss":0}],"is_beta":false,"boss_relics":[],"items_purged_floors":[3,14],"is_endless":false,"potions_floor_spawned":[1,7,12],"killed_by":"The Guardian","ascension_level":8}