{"gold_per_floor":[114,124,144,29,29,29,55,55,80,90,18,18,18,36,36,131,131,145,161,86,98,108,108,121,133,133,151,171,171,71,84,84,84],"floor_reached":33,"playtime":4457,"items_purged":["Strike_B","Strike_B"],"score":253,"play_id":"15f4156d-794d-4c8d-9f51-72e7a8004c9d","local_time":"20180716221607","is_ascension_mode":false,"campfire_choices":[{"data":"Redo","floor":6,"key":"SMITH"},{"floor":8,"key":"REST"},{"data":"Chaos","floor":15,"key":"SMITH"},{"floor":23,"key":"REST"},{"floor":29,"key":"REST"},{"floor":32,"key":"REST"}],"neow_cost":"NONE","seed_source_timestamp":128518476914514,"circlet_count":0,"master_deck":["Strike_B","Strike_B","Defend_B","Defend_B","Zap+1","Dualcast","Cold Snap","Cold Snap","Redo+1","Reinforced Body","Multi-Cast","Biased Cognition","Chaos+1","Fusion","Regret","Streamline","Seek","Tempest","Self Repair","Beam Cell+1","Darkness+1","Compile Driver","Self Repair+1","Leap+1","Sweeping Beam","Lockon"],"relics":["Cracked Core","Potion Belt","Regal Pillow","Bird Faced Urn","Inserter","Incense Burner"],"potions_floor_usage":[7,14,16,16,18,21,22,24,25,28,31,33],"damage_taken":[{"damage":1,"enemies":"Cultist","floor":1,"turns":3},{"damage":0,"enemies":"Jaw Worm","floor":2,"turns":3},{"damage":0,"enemies":"Small Slimes","floor":3,"turns":2},{"damage":20,"enemies":"Gremlin Nob","floor":7,"turns":6},{"damage":0,"enemies":"Looter","floor":10,"turns":3},{"damage":5,"enemies":"Blue Slaver","floor":14,"turns":4},{"damage":15,"enemies":"The Guardian","floor":16,"turns":8},{"damage":19,"enemies":"Shell Parasite","floor":18,"turns":7},{"damage":4,"enemies":"Spheric Guardian","floor":19,"turns":4},{"damage":16,"enemies":"Cultist and Chosen","floor":21,"turns":7},{"damage":9,"enemies":"Snake Plant","floor":22,"turns":4},{"damage":41,"enemies":"Slaver and Parasite","floor":24,"turns":8},{"damage":16,"enemies":"Chosen and Byrds","floor":25,"turns":6},{"damage":15,"enemies":"Snecko","floor":27,"turns":6},{"damage":35,"enemies":"Snake Plant","floor":28,"turns":4},{"damage":21,"enemies":"Centurion and Healer","floor":31,"turns":6},{"damage":95,"enemies":"Champ","floor":33,"turns":12}],"seed_played":"-6956992065275364830","potions_obtained":[{"floor":2,"key":"EssenceOfSteel"},{"floor":10,"key":"EntropicBrew"},{"floor":19,"key":"Ancient Potion"},{"floor":24,"key":"AttackPotion"},{"floor":25,"key":"FearPotion"},{"floor":27,"key":"Explosive Potion"},{"floor":31,"key":"EssenceOfSteel"}],"is_trial":false,"path_per_floor":["M","M","M","$","?","R","E","R","T","M","$","?","$","M","R","B",null,"M","M","?","M","M","R","M","M","T","M","M","R","$","M","R"],"character_chosen":"DEFECT","items_purchased":["Reinforced Body","Fusion"],"campfire_rested":4,"item_purchase_floors":[4,11],"current_hp_per_floor":[74,74,74,74,74,74,54,75,75,75,75,75,75,72,72,60,75,56,54,54,49,51,75,45,31,31,39,27,64,64,66,75,0],"gold":84,"neow_bonus":"UPGRADE_CARD","is_prod":false,"is_daily":false,"chose_seed":false,"campfire_upgraded":2,"win_rate":0.0,"timestamp":1531804567,"path_taken":["M","M","?","$","?","R","E","R","T","M","$","?","?","?","R","BOSS","M","M","?","M","M","R","M","?","T","M","M","R","?","?","R","BOSS"],"build_version":"2018-07-12","purchased_purges":2,"victory":false,"max_hp_per_floor":[75,75,75,75,75,75,75,75,75,75,75,75,75,75,75,75,75,75,75,75,75,75,75,75,75,75,75,75,75,75,75,75,75],"card_choices":[{"not_picked":["Ball Lightning","Stack"],"picked":"Cold Snap","floor":1},{"not_picked":["Gash","Conserve Battery"],"picked":"Cold Snap","floor":2},{"not_picked":["Cold Snap","Stack"],"picked":"Redo","floor":3},{"not_picked":["Defragment","Aggregate"],"picked":"Biased Cognition","floor":7},{"not_picked":["Chill","Cold Snap"],"picked":"Chaos","floor":10},{"not_picked":["Barrage","Gash"],"picked":"Streamline","floor":14},{"not_picked":["Creative AI","Echo Form"],"picked":"Seek","floor":16},{"not_picked":["Fusion","Rip and Tear"],"picked":"Tempest","floor":18},{"not_picked":["Glacier+1","Gash"],"picked":"Self Repair","floor":19},{"not_picked":["Hologram","Scrape+1"],"picked":"Beam Cell+1","floor":21},{"not_picked":["Coolheaded","Seek"],"picked":"Darkness+1","floor":22},{"not_picked":["Redo+1","Sweeping Beam"],"picked":"Compile Driver","floor":24},{"not_picked":["Consume","Stack"],"picked":"Self Repair+1","floor":25},{"not_picked":["Blizzard","Hologram"],"picked":"Leap+1","floor":27},{"not_picked":["Creative AI","Leap"],"picked":"Sweeping Beam","floor":28},{"not_picked":["Compile Driver","Leap+1"],"picked":"Lockon","floor":31}],"player_experience":63208,"relics_obtained":[{"floor":7,"key":"Potion Belt"},{"floor":9,"key":"Regal Pillow"},{"floor":26,"key":"Incense Burner"}],"event_choices":[{"event_name":"Transmorgrifier","player_choice":"Transform","floor":5,"damage_taken":0},{"event_name":"Big Fish","player_choice":"Box","floor":12,"damage_taken":0},{"event_name":"Beggar","player_choice":"Gave Gold","floor":20,"damage_taken":0}],"boss_relics":[{"not_picked":["Sozu","Fusion Hammer"],"picked":"Inserter"}],"items_purged_floors":[4,30],"is_endless":false,"potions_floor_spawned":[2,10,19,24,25,27,31],"killed_by":"Champ","ascension_level":0}