{"gold_per_floor":[117,135,151,118,135,170,170,183,183,200,213,213,228,260,260,364,364,379,394,45,80,92,92,106,106,106,106,21,35,46,65,65,65],"floor_reached":33,"playtime":4197,"items_purged":[],"score":267,"play_id":"30d40203-b810-4046-ab52-06e3a06232f7","local_time":"20190702112302","is_ascension_mode":false,"campfire_choices":[{"data":"Metallicize","floor":7,"key":"SMITH"},{"data":"Body Slam","floor":12,"key":"SMITH"},{"data":"True Grit","floor":15,"key":"SMITH"},{"data":"Seeing Red","floor":23,"key":"SMITH"},{"data":"Flame Barrier","floor":25,"key":"SMITH"},{"data":"Flame Barrier","floor":27,"key":"SMITH"},{"data":"Metallicize","floor":32,"key":"SMITH"}],"neow_cost":"NONE","seed_source_timestamp":3489772461708,"circlet_count":0,"master_deck":["Strike_R","Strike_R","Strike_R","Strike_R","Strike_R","Defend_R","Defend_R","Defend_R","Defend_R","Bash","Purity","Flame Barrier+1","Sentinel","Metallicize+1","Shrug It Off","Flame Barrier+1","Perfected Strike","Body Slam+1","True Grit+1","Reaper","Iron Wave","Metallicize+1","Bludgeon","Clothesline","Disarm","Body Slam+1","Immolate","Warcry","Seeing Red+1","Pommel Strike+1","Ghostly Armor","Entrench+1","Metallicize+1"],"relics":["Burning Blood","Vajra","Bronze Scales","Runic Cube","DollysMirror","Red Mask","Pen Nib","Bag of Marbles"],"potions_floor_usage":[14,16,21,33,33],"damage_taken":[{"damage":5,"enemies":"2 Louse","floor":1,"turns":4},{"damage":6,"enemies":"Cultist","floor":2,"turns":4},{"damage":6,"enemies":"Jaw Worm","floor":3,"turns":5},{"damage":25,"enemies":"Exordium Thugs","floor":4,"turns":7},{"damage":1,"enemies":"Blue Slaver","floor":5,"turns":5},{"damage":38,"enemies":"3 Sentries","floor":6,"turns":18},{"damage":7,"enemies":"Exordium Wildlife","floor":8,"turns":6},{"damage":0,"enemies":"Large Slime","floor":10,"turns":7},{"damage":5,"enemies":"Looter","floor":11,"turns":4},{"damage":8,"enemies":"Lots of Slimes","floor":13,"turns":3},{"damage":20,"enemies":"Lagavulin","floor":14,"turns":9},{"damage":14,"enemies":"Hexaghost","floor":16,"turns":10},{"damage":21,"enemies":"Spheric Guardian","floor":18,"turns":5},{"damage":15,"enemies":"3 Byrds","floor":19,"turns":3},{"damage":23,"enemies":"Masked Bandits","floor":21,"turns":5},{"damage":9,"enemies":"Centurion and Healer","floor":22,"turns":6},{"damage":7,"enemies":"Snecko","floor":24,"turns":6},{"damage":13,"enemies":"Snake Plant","floor":29,"turns":4},{"damage":13,"enemies":"Centurion and Healer","floor":30,"turns":6},{"damage":2,"enemies":"Snecko","floor":31,"turns":4},{"damage":63,"enemies":"Collector","floor":33,"turns":16}],"seed_played":"9027887361813219710","potions_obtained":[{"floor":2,"key":"Regen Potion"},{"floor":3,"key":"Weak Potion"},{"floor":6,"key":"Fire Potion"},{"floor":22,"key":"Swift Potion"},{"floor":31,"key":"Block Potion"}],"is_trial":false,"path_per_floor":["M","M","M","M","M","E","R","M","T","M","M","R","M","E","R","B",null,"M","M","$","?","M","R","M","R","T","R","?","M","M","M","R","B"],"character_chosen":"IRONCLAD","items_purchased":["DollysMirror","Immolate"],"campfire_rested":0,"item_purchase_floors":[20,20],"current_hp_per_floor":[80,80,80,61,66,34,34,33,33,39,40,40,62,62,62,59,80,65,56,56,54,51,51,50,50,50,50,50,43,36,40,40,0],"gold":65,"neow_bonus":"RANDOM_COLORLESS","is_prod":false,"is_daily":false,"chose_seed":false,"campfire_upgraded":7,"win_rate":0,"timestamp":1562059382,"path_taken":["M","M","M","M","M","E","R","M","T","M","M","R","M","E","R","BOSS","M","M","$","?","M","R","M","R","T","R","?","M","M","M","R","BOSS"],"build_version":"2019-07-01","purchased_purges":0,"victory":false,"max_hp_per_floor":[80,80,80,80,80,80,80,80,80,80,80,80,80,80,80,80,80,80,80,80,80,80,80,80,80,80,80,80,80,80,80,80,80],"card_choices":[{"not_picked":["Metallicize","Carnage"],"picked":"Flame Barrier","floor":1},{"not_picked":["Heavy Blade","Sword Boomerang"],"picked":"Sentinel","floor":2},{"not_picked":["Armaments","Iron Wave"],"picked":"Metallicize","floor":3},{"not_picked":["Dropkick","Brutality"],"picked":"Shrug It Off","floor":4},{"not_picked":["Armaments","Clothesline"],"picked":"Flame Barrier","floor":5},{"not_picked":["Hemokinesis","Warcry"],"picked":"Perfected Strike","floor":6},{"not_picked":["Flex","Shrug It Off"],"picked":"Body Slam","floor":8},{"not_picked":["Thunderclap","Second Wind"],"picked":"True Grit","floor":10},{"not_picked":["Clash","Thunderclap"],"picked":"Reaper","floor":11},{"not_picked":["Power Through","Thunderclap"],"picked":"Iron Wave","floor":13},{"not_picked":["Headbutt","Flex"],"picked":"Metallicize","floor":14},{"not_picked":["Brutality","Exhume"],"picked":"Bludgeon","floor":16},{"not_picked":["Armaments+1","Ghostly Armor"],"picked":"Clothesline","floor":18},{"not_picked":["Thunderclap","Corruption"],"picked":"Disarm","floor":19},{"not_picked":["Sword Boomerang+1","Thunderclap"],"picked":"Warcry","floor":21},{"not_picked":["Body Slam","Clothesline"],"picked":"Seeing Red","floor":22},{"not_picked":["True Grit","Reaper"],"picked":"Pommel Strike+1","floor":24},{"not_picked":["Sword Boomerang","Wild Strike"],"picked":"Ghostly Armor","floor":29},{"not_picked":["Sword Boomerang+1","Wild Strike+1"],"picked":"Entrench+1","floor":30},{"not_picked":["Shrug It Off","Wild Strike"],"picked":"Metallicize+1","floor":31}],"player_experience":128747,"relics_obtained":[{"floor":6,"key":"Vajra"},{"floor":14,"key":"Bronze Scales"},{"floor":21,"key":"Red Mask"},{"floor":26,"key":"Pen Nib"}],"event_choices":[{"damage_healed":0,"gold_gain":0,"player_choice":"Fought Bandits","damage_taken":0,"max_hp_gain":0,"max_hp_loss":0,"event_name":"Masked Bandits","floor":21,"gold_loss":0},{"damage_healed":0,"gold_gain":0,"player_choice":"Obtained Relic","damage_taken":0,"relics_obtained":["Bag of Marbles"],"max_hp_gain":0,"max_hp_loss":0,"event_name":"Addict","floor":28,"gold_loss":85}],"is_beta":false,"boss_relics":[{"not_picked":["White Beast Statue","Busted Crown"],"picked":"Runic Cube"}],"items_purged_floors":[],"is_endless":false,"potions_floor_spawned":[2,3,6,10,13,22,31],"killed_by":"Collector","ascension_level":0}