{"gold_per_floor":[111,186,186,205,221,221,242,242,269,269,289,309,340,340,340,438,438],"floor_reached":17,"playtime":762,"items_purged":[],"score":155,"play_id":"b8e31a37-c38d-458f-8d05-346ff1ad12ca","local_time":"20190609120016","is_ascension_mode":false,"campfire_choices":[{"data":"Dualcast","floor":6,"key":"SMITH"},{"data":"Chaos","floor":8,"key":"SMITH"},{"data":"Coolheaded","floor":10,"key":"SMITH"},{"floor":15,"key":"REST"}],"neow_cost":"TEN_PERCENT_HP_LOSS","seed_source_timestamp":2036907815778080,"circlet_count":0,"master_deck":["Strike_B","Strike_B","Strike_B","Strike_B","Defend_B","Defend_B","Defend_B","Defend_B","Zap+1","Dualcast+1","Ball Lightning","Leap","Coolheaded+1","Chaos+1","Blizzard+1","Reboot","Leap","Thunder Strike"],"relics":["Cracked Core","Turnip","Odd Mushroom","Orichalcum","Bird Faced Urn","Nuclear Battery"],"potions_floor_usage":[16],"damage_taken":[{"damage":5,"enemies":"Small Slimes","floor":1,"turns":2},{"damage":0,"enemies":"2 Louse","floor":4,"turns":2},{"damage":0,"enemies":"Cultist","floor":5,"turns":2},{"damage":11,"enemies":"The Mushroom Lair","floor":7,"turns":4},{"damage":0,"enemies":"Blue Slaver","floor":11,"turns":3},{"damage":5,"enemies":"2 Fungi Beasts","floor":12,"turns":3},{"damage":11,"enemies":"3 Sentries","floor":13,"turns":5},{"damage":7,"enemies":"Slime Boss","floor":16,"turns":9}],"seed_played":"-2523384852130731500","potions_obtained":[{"floor":1,"key":"FocusPotion"},{"floor":5,"key":"LiquidBronze"},{"floor":12,"key":"SteroidPotion"}],"is_trial":false,"path_per_floor":["M","?","?","M","M","R","?","R","T","R","M","M","E","?","R","B",null],"character_chosen":"DEFECT","items_purchased":[],"campfire_rested":1,"item_purchase_floors":[],"current_hp_per_floor":[63,52,52,52,52,52,41,41,41,41,41,36,25,25,45,38,68],"gold":438,"neow_bonus":"ONE_RARE_RELIC","is_prod":false,"is_daily":false,"chose_seed":false,"campfire_upgraded":3,"win_rate":0,"timestamp":1560099616,"path_taken":["M","?","?","?","M","R","?","R","T","R","M","M","E","?","R","BOSS"],"build_version":"2019-01-23","purchased_purges":0,"victory":false,"max_hp_per_floor":[68,68,68,68,68,68,68,68,68,68,68,68,68,68,68,68,68],"card_choices":[{"not_picked":["Melter","Reprogram"],"picked":"Ball Lightning","floor":1},{"not_picked":["Double Energy","Beam Cell"],"picked":"Leap","floor":4},{"not_picked":["Turbo","Hologram"],"picked":"Coolheaded","floor":5},{"not_picked":["Gash","Go for the Eyes"],"picked":"Chaos","floor":7},{"not_picked":["Scrape","White Noise"],"picked":"Blizzard","floor":11},{"not_picked":["Rebound","Turbo"],"picked":"Reboot","floor":12},{"not_picked":["Streamline","Rebound"],"picked":"Leap","floor":13},{"not_picked":["Reboot","Meteor Strike"],"picked":"Thunder Strike","floor":16}],"player_experience":1431878,"relics_obtained":[{"floor":7,"key":"Odd Mushroom"},{"floor":9,"key":"Orichalcum"},{"floor":13,"key":"Bird Faced Urn"}],"event_choices":[{"damage_healed":0,"gold_gain":75,"player_choice":"Gather Gold","damage_taken":11,"max_hp_gain":0,"max_hp_loss":0,"event_name":"World of Goop","floor":2,"gold_loss":0},{"damage_healed":0,"gold_gain":0,"player_choice":"Upgraded","damage_taken":0,"max_hp_gain":0,"max_hp_loss":0,"event_name":"Upgrade Shrine","floor":3,"gold_loss":0,"cards_upgraded":["Zap"]},{"damage_healed":0,"gold_gain":0,"player_choice":"Fought Mushrooms","damage_taken":0,"max_hp_gain":0,"max_hp_loss":0,"event_name":"Mushrooms","floor":7,"gold_loss":0},{"damage_healed":0,"gold_gain":0,"player_choice":"Grow","damage_taken":0,"max_hp_gain":0,"max_hp_loss":0,"event_name":"Living Wall","floor":14,"gold_loss":0,"cards_upgraded":["Blizzard"]}],"is_beta":false,"boss_relics":[{"not_picked":["Runic Pyramid","Black Star"],"picked":"Nuclear Battery"}],"items_purged_floors":[],"is_endless":false,"potions_floor_spawned":[1,5,12],"ascension_level":0}