{"gold_per_floor":[116,66,76,86,86,114,114,189,189,189,202,127,227,243,243,338,338,355,280,2,19,119,119,145,145,145,244,244,334,348,366,366,462,462,476,476,488,503,403,438,438,450,519,537,563,563,663,696,696,696],"floor_reached":51,"playtime":4224,"items_purged":["Defend_R","Strike_R"],"score":1169,"play_id":"b44ed89d-85cd-4a8d-bcf9-b064b6542e97","local_time":"20190530145956","is_ascension_mode":true,"campfire_choices":[{"data":"Rage","floor":7.0,"key":"SMITH"},{"data":"Bash","floor":10.0,"key":"SMITH"},{"data":"Battle Trance","floor":15.0,"key":"SMITH"},{"data":"True Grit","floor":23,"key":"SMITH"},{"data":"Warcry","floor":25,"key":"SMITH"},{"data":"Juggernaut","floor":28,"key":"SMITH"},{"data":"Body Slam","floor":32,"key":"SMITH"},{"floor":41,"key":"RECALL"},{"floor":49,"key":"REST"}],"neow_cost":"NONE","seed_source_timestamp":242842129215016,"circlet_count":0,"master_deck":["Strike_R","Strike_R+1","Strike_R+1","Defend_R","Bash+1","Battle Trance+1","Warcry+1","Rage+1","Juggernaut+1","Spot Weakness","Sword Boomerang+1","True Grit+1","Body Slam+1"],"special_seed":0,"relics":["Burning Blood","PreservedInsect","Meat on the Bone","Vajra","Runic Pyramid","TheAbacus","Turnip","Blue Candle","Thread and Needle","Fusion Hammer","Molten Egg 2","Ornamental Fan","Gremlin Horn","Paper Frog","Nunchaku","Whetstone"],"potions_floor_usage":[22],"damage_taken":[{"damage":6.0,"enemies":"Cultist","floor":1.0,"turns":3.0},{"damage":7.0,"enemies":"Small Slimes","floor":3.0,"turns":4.0},{"damage":6.0,"enemies":"Jaw Worm","floor":4.0,"turns":5.0},{"damage":35.0,"enemies":"Lagavulin","floor":6.0,"turns":6.0},{"damage":2.0,"enemies":"Exordium Thugs","floor":11.0,"turns":5.0},{"damage":14.0,"enemies":"Exordium Wildlife","floor":14.0,"turns":3.0},{"damage":24.0,"enemies":"Hexaghost","floor":16.0,"turns":9.0},{"damage":9.0,"enemies":"Shell Parasite","floor":18.0,"turns":4.0},{"damage":18.0,"enemies":"2 Thieves","floor":21.0,"turns":3.0},{"damage":12,"enemies":"Colosseum Slavers","floor":22,"turns":4},{"damage":2,"enemies":"Colosseum Nobs","floor":22,"turns":4},{"damage":0,"enemies":"Book of Stabbing","floor":24,"turns":5},{"damage":5,"enemies":"Snake Plant","floor":30,"turns":4},{"damage":0,"enemies":"Chosen and Byrds","floor":31,"turns":4},{"damage":5,"enemies":"Automaton","floor":33,"turns":5},{"damage":18,"enemies":"3 Shapes","floor":35,"turns":3},{"damage":14,"enemies":"3 Darklings","floor":37,"turns":3},{"damage":4,"enemies":"4 Shapes","floor":38,"turns":4},{"damage":0,"enemies":"Giant Head","floor":40,"turns":3},{"damage":0,"enemies":"Jaw Worm Horde","floor":42,"turns":3},{"damage":0,"enemies":"Maw","floor":44,"turns":3},{"damage":0,"enemies":"Nemesis","floor":45,"turns":3},{"damage":0,"enemies":"Mind Bloom Boss Battle","floor":47,"turns":2},{"damage":0,"enemies":"Reptomancer","floor":48,"turns":3},{"damage":15,"enemies":"Time Eater","floor":50,"turns":5}],"seed_played":"2211517521655354205","potions_obtained":[{"floor":4.0,"key":"LiquidBronze"},{"floor":11.0,"key":"Fire Potion"},{"floor":14.0,"key":"LiquidBronze"},{"floor":18.0,"key":"EssenceOfSteel"},{"floor":21.0,"key":"PowerPotion"},{"floor":31,"key":"SkillPotion"},{"floor":38,"key":"Fire Potion"},{"floor":44,"key":"PowerPotion"}],"is_trial":false,"path_per_floor":["M","?","M","M","?","E","R","?","T","R","M","$","?","M","R","B",null,"M","?","$","M","?","R","E","R","T","?","R","?","M","M","R","B",null,"M","?","M","M","$","E","R","M","T","M","E","?","?","E","R","B",null],"character_chosen":"IRONCLAD","items_purchased":["Spot Weakness","TheAbacus"],"campfire_rested":1,"item_purchase_floors":[20,20],"current_hp_per_floor":[72,72,71,71,71,42,42,31,31,31,47,47,47,51,51,45,71,68,68,68,56,54,54,60,60,60,60,60,44,57,63,63,64,76,64,64,56,58,58,64,64,70,70,76,80,76,76,76,76,67],"gold":696,"neow_bonus":"RANDOM_COMMON_RELIC","is_prod":false,"is_daily":false,"chose_seed":false,"campfire_upgraded":7,"win_rate":0,"timestamp":1559221196,"path_taken":["M","?","M","M","?","E","R","?","T","R","M","$","?","M","R","BOSS","M","?","$","M","?","R","E","R","T","?","R","?","?","M","R","BOSS","M","?","M","?","$","E","R","M","T","M","E","?","?","E","R","BOSS"],"build_version":"2019-01-23","purchased_purges":2,"victory":true,"max_hp_per_floor":[80,80,80,80,80,80,80,80,80,80,80,80,80,80,80,80,80,80,80,80,80,80,80,80,80,80,80,80,80,80,80,80,80,80,80,80,80,80,80,80,80,80,80,80,80,76,76,76,76,76],"card_choices":[{"not_picked":["Twin Strike","Corruption"],"picked":"Battle Trance","floor":1.0},{"not_picked":["Warcry","Uppercut","Wild Strike"],"picked":"SKIP","floor":3.0},{"not_picked":["Dual Wield","Flex","Infernal Blade"],"picked":"SKIP","floor":4.0},{"not_picked":["Headbutt","Whirlwind"],"picked":"Rage","floor":6.0},{"not_picked":["Battle Trance","Pommel Strike","Feel No Pain"],"picked":"SKIP","floor":11.0},{"not_picked":["Wild Strike","Bloodletting","Cleave"],"picked":"SKIP","floor":14.0},{"not_picked":["Bludgeon","Feed"],"picked":"Juggernaut","floor":16.0},{"not_picked":["Iron Wave","Headbutt","Shrug It Off+1"],"picked":"SKIP","floor":18.0},{"not_picked":["Body Slam","Cleave"],"picked":"Sword Boomerang+1","floor":21.0},{"not_picked":["Searing Blow","Body Slam"],"picked":"True Grit","floor":22},{"not_picked":["Headbutt","Dual Wield","Thunderclap"],"picked":"SKIP","floor":24},{"not_picked":["Hemokinesis","Blood for Blood"],"picked":"Body Slam","floor":30},{"not_picked":["Sword Boomerang","Exhume","Body Slam"],"picked":"SKIP","floor":31},{"not_picked":["Whirlwind","Pommel Strike","Flex"],"picked":"SKIP","floor":35},{"not_picked":["Twin Strike+1","Headbutt+1","Pommel Strike+1"],"picked":"SKIP","floor":37},{"not_picked":["Rage+1","True Grit","Reckless Charge+1"],"picked":"SKIP","floor":38},{"not_picked":["Warcry","Seeing Red","Thunderclap+1"],"picked":"SKIP","floor":40},{"not_picked":["Uppercut+1","Armaments+1","Anger+1"],"picked":"SKIP","floor":42},{"not_picked":["Disarm","Body Slam+1","Perfected Strike+1"],"picked":"SKIP","floor":44},{"not_picked":["Disarm","Havoc","Armaments+1"],"picked":"SKIP","floor":45},{"not_picked":["Thunderclap+1","Armaments","Seeing Red+1"],"picked":"SKIP","floor":48}],"player_experience":373270,"relics_obtained":[{"floor":6.0,"key":"Meat on the Bone"},{"floor":9.0,"key":"Vajra"},{"floor":22,"key":"Turnip"},{"floor":22,"key":"Blue Candle"},{"floor":24,"key":"Thread and Needle"},{"floor":40,"key":"Ornamental Fan"},{"floor":43,"key":"Gremlin Horn"},{"floor":45,"key":"Paper Frog"},{"floor":47,"key":"Nunchaku"},{"floor":48,"key":"Whetstone"}],"event_choices":[{"cards_removed":["Strike_R"],"damage_healed":0.0,"max_hp_gain":0.0,"max_hp_loss":0.0,"gold_gain":0.0,"event_name":"The Cleric","player_choice":"Card Removal","floor":2.0,"gold_loss":50.0,"damage_taken":0.0},{"damage_healed":0.0,"max_hp_gain":0.0,"max_hp_loss":0.0,"gold_gain":0.0,"cards_transformed":["Defend_R"],"event_name":"Living Wall","player_choice":"Change","floor":5.0,"gold_loss":0.0,"damage_taken":0.0,"cards_obtained":["Warcry"]},{"damage_healed":0.0,"max_hp_gain":0.0,"max_hp_loss":0.0,"gold_gain":75.0,"event_name":"World of Goop","player_choice":"Gather Gold","floor":8.0,"gold_loss":0.0,"damage_taken":11.0},{"damage_healed":0.0,"max_hp_gain":0.0,"max_hp_loss":0.0,"gold_gain":100.0,"event_name":"Golden Shrine","player_choice":"Pray","floor":13.0,"gold_loss":0.0,"damage_taken":0.0},{"cards_removed":["Defend_R"],"damage_healed":0.0,"max_hp_gain":0.0,"max_hp_loss":0.0,"gold_gain":0.0,"event_name":"Beggar","player_choice":"Gave Gold","floor":19.0,"gold_loss":75.0,"damage_taken":0.0},{"damage_healed":0,"gold_gain":0,"player_choice":"Fight","damage_taken":0,"max_hp_gain":0,"max_hp_loss":0,"event_name":"Colosseum","floor":22,"gold_loss":0},{"damage_healed":0,"gold_gain":0,"player_choice":"Fought Nobs","damage_taken":0,"max_hp_gain":0,"max_hp_loss":0,"event_name":"Colosseum","floor":22,"gold_loss":0},{"damage_healed":0,"gold_gain":99,"player_choice":"Stole From Cult","damage_taken":0,"max_hp_gain":0,"max_hp_loss":0,"event_name":"Nest","floor":27,"gold_loss":0},{"damage_healed":0,"gold_gain":90,"player_choice":"GOLD ","damage_taken":16,"max_hp_gain":0,"max_hp_loss":0,"event_name":"Knowing Skull","floor":29,"potions_obtained":[],"gold_loss":0,"cards_obtained":[]},{"damage_healed":0,"gold_gain":0,"player_choice":"Gave Potion","damage_taken":0,"relics_obtained":["Molten Egg 2"],"max_hp_gain":0,"max_hp_loss":0,"event_name":"WeMeetAgain","floor":36,"gold_loss":0},{"damage_healed":0,"gold_gain":0,"player_choice":"Max HP","damage_taken":0,"max_hp_gain":0,"max_hp_loss":4,"event_name":"Winding Halls","floor":46,"gold_loss":0},{"damage_healed":0,"gold_gain":0,"player_choice":"Fight","damage_taken":0,"max_hp_gain":0,"max_hp_loss":0,"event_name":"MindBloom","floor":47,"gold_loss":0}],"is_beta":false,"boss_relics":[{"not_picked":["Runic Cube","Eternal Feather"],"picked":"Runic Pyramid"},{"not_picked":["Empty Cage","Mark of Pain"],"picked":"Fusion Hammer"}],"items_purged_floors":[12,39],"is_endless":false,"potions_floor_spawned":[4,11,14,18,21,22,31,33,38,40,44,45,47],"ascension_level":6}