{"gold_per_floor":[117,117,132,132,307,307,327,327,327,343,355,355,203,303,303,401,401,420,386,399,399,411,237,237,237,305,321,283,299,214,123,123,219,219,238,238],"floor_reached":36,"playtime":3650,"items_purged":["Doubt","Strike_G"],"score":354,"play_id":"25a701cd-6043-4dcd-abfa-1b12bd4fcd1e","local_time":"20180723084955","is_ascension_mode":false,"campfire_choices":[{"data":"Cloak And Dagger","floor":6,"key":"SMITH"},{"data":"Sucker Punch","floor":8,"key":"SMITH"},{"data":"Cloak And Dagger","floor":12,"key":"SMITH"},{"data":"Footwork","floor":15,"key":"SMITH"},{"data":"Dash","floor":24,"key":"SMITH"},{"data":"Deflect","floor":32,"key":"SMITH"}],"neow_cost":"","seed_source_timestamp":2304479552218117,"circlet_count":0,"master_deck":["Defend_G","Defend_G","Defend_G+1","Defend_G","Defend_G","Strike_G","Strike_G","Strike_G","Survivor","Neutralize","Cloak And Dagger+1","Sucker Punch+1","Cloak And Dagger+1","Footwork+1","Deadly Poison+1","Infinite Blades","After Image","Dash+1","Blur+1","Poisoned Stab","Infinite Blades","Writhe","Dagger Throw","Choke","Choke+1","Accuracy","Deflect+1","Envenom","Caltrops"],"relics":["Ring of the Snake","Matryoshka","Eternal Feather","Tough Bandages","Strawberry","Bottled Flame","War Paint","Busted Crown"],"potions_floor_usage":[19,33,33,36],"damage_taken":[{"damage":2,"enemies":"Small Slimes","floor":1,"turns":6},{"damage":0,"enemies":"2 Louse","floor":3,"turns":4},{"damage":0,"enemies":"Cultist","floor":7,"turns":4},{"damage":0,"enemies":"Large Slime","floor":10,"turns":6},{"damage":3,"enemies":"2 Fungi Beasts","floor":11,"turns":4},{"damage":24,"enemies":"Hexaghost","floor":16,"turns":13},{"damage":10,"enemies":"Spheric Guardian","floor":18,"turns":8},{"damage":16,"enemies":"2 Thieves","floor":19,"turns":5},{"damage":16,"enemies":"Cultist and Chosen","floor":20,"turns":13},{"damage":3,"enemies":"Snecko","floor":22,"turns":7},{"damage":11,"enemies":"Slaver and Parasite","floor":27,"turns":10},{"damage":2,"enemies":"Centurion and Healer","floor":29,"turns":9},{"damage":46,"enemies":"Collector","floor":33,"turns":12},{"damage":17,"enemies":"3 Shapes","floor":35,"turns":6},{"damage":49,"enemies":"Flame Bruiser 1 Orb","floor":36,"turns":6}],"seed_played":"269837568306217691","potions_obtained":[{"floor":7,"key":"LiquidBronze"},{"floor":16,"key":"Weak Potion"},{"floor":22,"key":"Weak Potion"},{"floor":27,"key":"SpeedPotion"}],"is_trial":false,"path_per_floor":["M","?","M","?","?","R","M","R","T","M","M","R","$","?","R","B",null,"M","M","M","?","M","$","R","?","T","M","$","M","?","$","R","B",null,"M"],"character_chosen":"THE_SILENT","items_purchased":["Infinite Blades","Infinite Blades","Choke","Accuracy","Deflect"],"campfire_rested":0,"item_purchase_floors":[13,23,28,31,31],"current_hp_per_floor":[68,73,73,66,66,66,66,66,66,66,63,63,63,63,63,39,75,65,49,33,58,55,55,67,67,74,63,63,61,61,61,76,30,82,65,16],"gold":238,"neow_bonus":"","is_prod":false,"is_daily":false,"chose_seed":false,"campfire_upgraded":6,"win_rate":0,"timestamp":1532353795,"path_taken":["M","?","M","?","?","R","M","R","T","M","?","R","$","?","R","BOSS","M","M","M","?","M","$","R","?","T","M","$","M","?","$","R","BOSS","M","M"],"build_version":"2018-07-19v2","purchased_purges":2,"victory":false,"max_hp_per_floor":[70,75,75,75,75,75,75,75,75,75,75,75,75,75,75,75,75,75,75,75,75,75,75,75,75,82,82,82,82,82,82,82,82,82,82,82],"card_choices":[{"not_picked":["Dagger Throw","Crippling Poison"],"picked":"Cloak And Dagger","floor":1},{"not_picked":["Acrobatics","Backflip"],"picked":"Sucker Punch","floor":3},{"not_picked":["Dodge and Roll","Well Laid Plans"],"picked":"Cloak And Dagger","floor":7},{"not_picked":["Flying Knee","Dagger Spray"],"picked":"Footwork","floor":10},{"not_picked":["Endless Agony","Wraith Form v2"],"picked":"Deadly Poison","floor":11},{"not_picked":["Tools of the Trade","Adrenaline"],"picked":"After Image","floor":16},{"not_picked":["Poisoned Stab+1","PiercingWail"],"picked":"Dash","floor":18},{"not_picked":["Concentrate","Acrobatics"],"picked":"Blur+1","floor":19},{"not_picked":["Skewer","Predator+1"],"picked":"Poisoned Stab","floor":20},{"not_picked":["Deflect","All Out Attack","Predator"],"picked":"SKIP","floor":22},{"not_picked":["Quick Slash","Deadly Poison"],"picked":"Dagger Throw","floor":27},{"not_picked":["Terror","Outmaneuver+1"],"picked":"Choke+1","floor":29},{"not_picked":["After Image","A Thousand Cuts"],"picked":"Envenom","floor":33},{"not_picked":[],"picked":"Caltrops","floor":35}],"player_experience":283117,"relics_obtained":[{"floor":9,"key":"Matryoshka"},{"floor":26,"key":"Strawberry"},{"floor":26,"key":"Bottled Flame"}],"event_choices":[{"event_name":"Big Fish","player_choice":"Donut","floor":2,"damage_taken":0},{"event_name":"Golden Wing","player_choice":"Card Removal","floor":4,"damage_taken":0},{"event_name":"Liars Game","player_choice":"agreed","floor":5,"damage_taken":0},{"event_name":"Golden Shrine","player_choice":"Pray","floor":14,"damage_taken":0},{"event_name":"The Library","player_choice":"Heal","floor":21,"damage_taken":0},{"event_name":"The Mausoleum","player_choice":"Yes","floor":25,"damage_taken":0},{"event_name":"Addict","player_choice":"Obtained Relic","floor":30,"damage_taken":0}],"is_beta":false,"boss_relics":[{"not_picked":["Cursed Key","Lizard Tail"],"picked":"Eternal Feather"},{"not_picked":["Philosopher\u0027s Stone","White Beast Statue"],"picked":"Busted Crown"}],"items_purged_floors":[13,23],"is_endless":false,"potions_floor_spawned":[7,16,22,27],"killed_by":"Flame Bruiser 1 Orb","ascension_level":0}