{"gold_per_floor":[110,127,137,48,60,60,74,101,101,101,120,139,139,168,168,245,245,259,53,72,91,109,109,109],"floor_reached":24,"playtime":1013,"items_purged":[],"score":424,"play_id":"92b81bdb-34b7-4ffa-8024-d12164b304ea","local_time":"20190702225449","is_ascension_mode":true,"campfire_choices":[{"data":"Zap","floor":6,"key":"SMITH"},{"data":"Defragment","floor":10,"key":"SMITH"},{"floor":13,"key":"REST"},{"data":"Static Discharge","floor":15,"key":"SMITH"},{"floor":23,"key":"REST"}],"neow_cost":"TEN_PERCENT_HP_LOSS","seed_source_timestamp":36616899676838,"circlet_count":0,"master_deck":["AscendersBane","Strike_B","Strike_B","Strike_B","Strike_B","Defend_B","Defend_B","Defend_B","Defend_B","Zap+1","Dualcast","Core Surge","Undo","Ball Lightning","Static Discharge+1","Cold Snap","Defragment+1","Hologram","Sweeping Beam","Cold Snap","Doom and Gloom","Electrodynamics","Defragment","Genetic Algorithm"],"relics":["Cracked Core","Emotion Chip","Mercury Hourglass","Lantern","Sozu","Oddly Smooth Stone"],"potions_floor_usage":[8,11,16,22],"damage_taken":[{"damage":2,"enemies":"Cultist","floor":1,"turns":4},{"damage":0,"enemies":"Jaw Worm","floor":2,"turns":4},{"damage":0,"enemies":"2 Louse","floor":3,"turns":2},{"damage":0,"enemies":"2 Fungi Beasts","floor":5,"turns":3},{"damage":2,"enemies":"Large Slime","floor":7,"turns":5},{"damage":21,"enemies":"3 Sentries","floor":8,"turns":4},{"damage":8,"enemies":"Exordium Thugs","floor":11,"turns":4},{"damage":7,"enemies":"3 Louse","floor":12,"turns":2},{"damage":11,"enemies":"Lagavulin","floor":14,"turns":6},{"damage":9,"enemies":"Hexaghost","floor":16,"turns":5},{"damage":20,"enemies":"3 Byrds","floor":18,"turns":3},{"damage":24,"enemies":"2 Thieves","floor":20,"turns":3},{"damage":4,"enemies":"Cultist and Chosen","floor":21,"turns":6},{"damage":4,"enemies":"Centurion and Healer","floor":22,"turns":4},{"damage":21,"enemies":"Book of Stabbing","floor":24,"turns":4}],"seed_played":"-2098767325406832262","potions_obtained":[{"floor":2,"key":"Dexterity Potion"},{"floor":3,"key":"FocusPotion"},{"floor":7,"key":"SteroidPotion"},{"floor":11,"key":"Dexterity Potion"},{"floor":12,"key":"LiquidBronze"}],"is_trial":false,"path_per_floor":["M","M","M","$","M","R","M","E","T","R","M","M","R","E","R","B",null,"M","$","M","M","M","R","E"],"character_chosen":"DEFECT","items_purchased":["Static Discharge","Defragment","Oddly Smooth Stone"],"campfire_rested":2,"item_purchase_floors":[4,19,19],"current_hp_per_floor":[62,62,62,62,62,62,60,39,39,39,31,24,43,32,32,23,54,34,34,10,6,2,21,0],"gold":109,"neow_bonus":"THREE_RARE_CARDS","is_prod":false,"is_daily":false,"chose_seed":false,"campfire_upgraded":3,"win_rate":0,"timestamp":1562100889,"path_taken":["M","M","M","$","M","R","M","E","T","R","M","M","R","E","R","BOSS","M","$","M","M","M","R","E"],"build_version":"2019-07-01","purchased_purges":0,"victory":false,"max_hp_per_floor":[64,64,64,64,64,64,64,64,64,64,64,64,64,64,64,64,64,64,64,64,64,64,64,64],"card_choices":[{"not_picked":["Seek","Rainbow"],"picked":"Core Surge","floor":0},{"not_picked":["Turbo","Force Field"],"picked":"Undo","floor":1},{"not_picked":["Go for the Eyes","Rebound"],"picked":"Ball Lightning","floor":2},{"not_picked":["Barrage","Reprogram","Gash"],"picked":"SKIP","floor":3},{"not_picked":["Aggregate","Streamline"],"picked":"Cold Snap","floor":5},{"not_picked":["Consume","Compile Driver"],"picked":"Defragment","floor":7},{"not_picked":["Steam Power","Turbo"],"picked":"Hologram","floor":8},{"not_picked":["Blizzard","Aggregate"],"picked":"Sweeping Beam","floor":11},{"not_picked":["Skim","Redo"],"picked":"Cold Snap","floor":12},{"not_picked":["Undo","Darkness"],"picked":"Doom and Gloom","floor":14},{"not_picked":["Amplify","Buffer"],"picked":"Electrodynamics","floor":16},{"not_picked":["Sweeping Beam","White Noise","Streamline"],"picked":"SKIP","floor":18},{"not_picked":["Go for the Eyes","Streamline","Redo"],"picked":"SKIP","floor":20},{"not_picked":["Leap","Defragment"],"picked":"Genetic Algorithm","floor":21},{"not_picked":["Gash+1","Turbo","Lockon"],"picked":"SKIP","floor":22}],"player_experience":1452436,"relics_obtained":[{"floor":8,"key":"Emotion Chip"},{"floor":9,"key":"Mercury Hourglass"},{"floor":14,"key":"Lantern"}],"event_choices":[],"is_beta":false,"boss_relics":[{"not_picked":["Inserter","White Beast Statue"],"picked":"Sozu"}],"items_purged_floors":[],"is_endless":false,"potions_floor_spawned":[2,3,7,11,12,21],"killed_by":"Book of Stabbing","ascension_level":20}