{"gold_per_floor":[110,126,126,136,311,311,323,48,48,48,48],"floor_reached":11,"playtime":567,"items_purged":[],"score":98,"play_id":"9ae64b09-3009-475d-9b74-e5a63ddd159b","local_time":"20181115224243","is_ascension_mode":true,"campfire_choices":[{"data":"Dualcast","floor":6,"key":"SMITH"},{"data":"Defragment","floor":10,"key":"SMITH"}],"neow_cost":"NONE","seed_source_timestamp":167204366492510,"circlet_count":0,"master_deck":["AscendersBane","Strike_B","Strike_B","Strike_B","Strike_B","Defend_B","Defend_B","Defend_B","Defend_B","Zap+1","Dualcast+1","Machine Learning","Glacier","Genetic Algorithm","Doubt","Go for the Eyes","Defragment+1"],"relics":["Cracked Core","PrismaticShard","Dodecahedron"],"potions_floor_usage":[],"damage_taken":[{"damage":9,"enemies":"Small Slimes","floor":1,"turns":3},{"damage":7,"enemies":"Jaw Worm","floor":2,"turns":4},{"damage":0,"enemies":"2 Louse","floor":4,"turns":4},{"damage":6,"enemies":"Red Slaver","floor":7,"turns":4},{"damage":9,"enemies":"Gremlin Nob","floor":11,"turns":3}],"seed_played":"-4634742600431931205","potions_obtained":[{"floor":1,"key":"SteroidPotion"}],"is_trial":false,"path_per_floor":["M","M","?","M","?","R","M","$","T","R","E"],"character_chosen":"DEFECT","items_purchased":["Defragment","PrismaticShard"],"campfire_rested":0,"item_purchase_floors":[8,8],"current_hp_per_floor":[59,52,52,52,52,52,46,46,46,46,37],"gold":48,"neow_bonus":"ONE_RANDOM_RARE_CARD","is_prod":false,"is_daily":false,"chose_seed":false,"campfire_upgraded":2,"win_rate":0,"timestamp":1542343363,"path_taken":["M","M","?","M","?","R","M","$","T","R","E"],"build_version":"2018-11-15","purchased_purges":0,"victory":false,"max_hp_per_floor":[75,75,75,75,75,75,75,75,75,75,75],"card_choices":[{"not_picked":["Reinforced Body","Rebound"],"picked":"Glacier","floor":1},{"not_picked":["Reinforced Body","Storm","Gash"],"picked":"SKIP","floor":2},{"not_picked":["Redo","Consume"],"picked":"Genetic Algorithm","floor":4},{"not_picked":["Capacitor","Barrage"],"picked":"Go for the Eyes","floor":7}],"player_experience":1018221,"relics_obtained":[{"floor":9,"key":"Dodecahedron"}],"event_choices":[{"damage_healed":0,"gold_gain":0,"player_choice":"Grow","damage_taken":0,"max_hp_gain":0,"max_hp_loss":0,"event_name":"Living Wall","floor":3,"gold_loss":0,"cards_upgraded":["Zap"]},{"damage_healed":0,"gold_gain":175,"player_choice":"AGREE","damage_taken":0,"max_hp_gain":0,"max_hp_loss":0,"event_name":"Liars Game","floor":5,"gold_loss":0,"cards_obtained":["Doubt"]}],"is_beta":false,"boss_relics":[],"items_purged_floors":[],"is_endless":false,"potions_floor_spawned":[1],"killed_by":"Gremlin Nob","ascension_level":11}