{"gold_per_floor":[109,109,124,124,135,135,148,73,120,138,138,148,148,161,161,261,261,279,299,224,124,124,124,124,195,242,257,257,257,283,297,297,297],"floor_reached":33,"playtime":2649,"items_purged":["Defend_R","Strike_R"],"score":262,"play_id":"56386e99-8b75-4e8d-a97e-720320620f97","local_time":"20180712133229","is_ascension_mode":false,"campfire_choices":[{"floor":6,"key":"REST"},{"data":"Seeing Red","floor":13,"key":"SMITH"},{"data":"Headbutt","floor":15,"key":"SMITH"},{"data":"Iron Wave","floor":23,"key":"SMITH"},{"floor":32,"key":"REST"}],"neow_cost":"FIFTY_PERCENT_DAMAGE","seed_source_timestamp":1371910937597785,"circlet_count":0,"master_deck":["Strike_R+1","Strike_R+1","Defend_R","Bash","Shrug It Off","Iron Wave+1","Spot Weakness","Iron Wave","Headbutt+1","Seeing Red+1","Demon Form","Anger+1","Havoc+1","Flex"],"relics":["Burning Blood","Happy Flower","Runic Cube","Frozen Egg 2","Anchor","Nilry\u0027s Codex","Oddly Smooth Stone"],"potions_floor_usage":[14,18,27],"damage_taken":[{"damage":1,"enemies":"Cultist","floor":1,"turns":3},{"damage":2,"enemies":"2 Louse","floor":3,"turns":3},{"damage":5,"enemies":"Small Slimes","floor":5,"turns":3},{"damage":5,"enemies":"Looter","floor":7,"turns":4},{"damage":8,"enemies":"2 Fungi Beasts","floor":10,"turns":4},{"damage":0,"enemies":"3 Louse","floor":12,"turns":4},{"damage":9,"enemies":"Exordium Thugs","floor":14,"turns":3},{"damage":70,"enemies":"Hexaghost","floor":16,"turns":10},{"damage":8,"enemies":"2 Thieves","floor":18,"turns":4},{"damage":17,"enemies":"Shell Parasite","floor":19,"turns":3},{"damage":1,"enemies":"Chosen and Byrds","floor":27,"turns":5},{"damage":15,"enemies":"Snecko","floor":31,"turns":3},{"damage":105,"enemies":"Automaton","floor":33,"turns":8}],"seed_played":"-2655145268365801874","potions_obtained":[{"floor":5,"key":"Block Potion"},{"floor":7,"key":"Ancient Potion"},{"floor":16,"key":"Fire Potion"},{"floor":19,"key":"FearPotion"},{"floor":27,"key":"Ancient Potion"}],"is_trial":false,"path_per_floor":["M","?","M","?","M","R","M","$","T","M","?","M","R","M","R","B",null,"M","M","?","$","?","R","$","T","T","M","?","?","T","M","R"],"character_chosen":"IRONCLAD","items_purchased":[],"campfire_rested":2,"item_purchase_floors":[],"current_hp_per_floor":[53,58,62,42,43,73,74,74,74,72,72,78,78,75,75,11,101,99,88,88,88,88,88,88,88,88,93,77,77,77,68,98,0],"gold":297,"neow_bonus":"TWENTY_PERCENT_HP_BONUS","is_prod":false,"is_daily":false,"chose_seed":false,"campfire_upgraded":3,"win_rate":0,"timestamp":1531420349,"path_taken":["M","?","M","?","M","R","M","$","T","?","?","M","R","M","R","BOSS","M","M","?","$","?","R","$","?","T","?","?","?","?","M","R","BOSS"],"build_version":"2018-07-05","purchased_purges":2,"victory":false,"max_hp_per_floor":[96,101,101,101,101,101,101,101,101,101,101,101,101,101,101,101,101,101,101,101,101,101,101,101,101,101,101,101,101,101,101,101,101],"card_choices":[{"not_picked":["True Grit","Burning Pact"],"picked":"Shrug It Off","floor":1},{"not_picked":["Havoc","True Grit"],"picked":"Iron Wave","floor":3},{"not_picked":["Warcry","Cleave"],"picked":"Spot Weakness","floor":5},{"not_picked":["Double Tap","True Grit"],"picked":"Iron Wave","floor":7},{"not_picked":["Cleave","Perfected Strike"],"picked":"Headbutt","floor":10},{"not_picked":["Anger","Second Wind"],"picked":"Seeing Red","floor":12},{"not_picked":["Armaments","Clothesline","Berserk"],"picked":"SKIP","floor":14},{"not_picked":["Reaper","Limit Break"],"picked":"Demon Form","floor":16},{"not_picked":["Thunderclap","Second Wind"],"picked":"Anger+1","floor":18},{"not_picked":["Anger","True Grit"],"picked":"Havoc+1","floor":19},{"not_picked":["Carnage+1","Corruption+1","Thunderclap"],"picked":"SKIP","floor":27},{"not_picked":["Berserk+1","Thunderclap"],"picked":"Flex","floor":31}],"player_experience":160525,"relics_obtained":[{"floor":9,"key":"Happy Flower"},{"floor":25,"key":"Frozen Egg 2"},{"floor":26,"key":"Anchor"},{"floor":28,"key":"Nilry\u0027s Codex"},{"floor":30,"key":"Oddly Smooth Stone"}],"event_choices":[{"event_name":"Big Fish","player_choice":"Donut","floor":2,"damage_taken":0},{"event_name":"Shining Light","player_choice":"Entered Light","floor":4,"damage_taken":0},{"event_name":"Purifier","player_choice":"One Purge","floor":11,"damage_taken":0},{"event_name":"Beggar","player_choice":"Gave Gold","floor":20,"damage_taken":0},{"event_name":"Bonfire Elementals","player_choice":"BASIC","floor":22,"damage_taken":0},{"event_name":"Cursed Tome","player_choice":"Obtained Book","floor":28,"damage_taken":0},{"event_name":"Back to Basics","player_choice":"Elegance","floor":29,"damage_taken":0}],"boss_relics":[{"not_picked":["Orrery","Ectoplasm"],"picked":"Runic Cube"}],"items_purged_floors":[8,21],"is_endless":false,"potions_floor_spawned":[5,7,16,19,27],"killed_by":"Automaton","ascension_level":0}