{"gold_per_floor":[117,117,127,127,144,144,170,135,135,24,37,71,71,17,17,95,95,105,139,55,55,55,55,55],"floor_reached":24,"playtime":1207,"items_purged":[],"score":340,"play_id":"18185742-70ed-4519-8985-11b0071d5676","local_time":"20190328092713","is_ascension_mode":true,"campfire_choices":[{"data":"Zap","floor":6,"key":"SMITH"},{"floor":13,"key":"REST"},{"data":"Consume","floor":15,"key":"SMITH"},{"floor":23,"key":"REST"}],"neow_cost":"NONE","seed_source_timestamp":680449520742328,"circlet_count":0,"master_deck":["AscendersBane","Strike_B+1","Strike_B+1","Strike_B+1","Defend_B+1","Defend_B+1","Defend_B+1","Defend_B+1","Zap+1","Dualcast","Barrage","Ball Lightning","Genetic Algorithm","Sweeping Beam","Capacitor","Consume+1","Cold Snap","Cold Snap","Conserve Battery","Echo Form","Cold Snap","Doom and Gloom","Redo","Loop","Hologram","Hologram+1","Sunder","Defragment","Turbo"],"relics":["Cracked Core","CultistMask","Pear","Pen Nib","Mercury Hourglass","Cables","Orrery","Red Mask"],"potions_floor_usage":[11,12,18],"damage_taken":[{"damage":2,"enemies":"Jaw Worm","floor":1,"turns":4},{"damage":0,"enemies":"Cultist","floor":3,"turns":3},{"damage":1,"enemies":"Small Slimes","floor":5,"turns":3},{"damage":30,"enemies":"Lagavulin","floor":7,"turns":7},{"damage":3,"enemies":"Blue Slaver","floor":11,"turns":2},{"damage":25,"enemies":"Gremlin Nob","floor":12,"turns":4},{"damage":1,"enemies":"The Guardian","floor":16,"turns":9},{"damage":11,"enemies":"Shell Parasite","floor":18,"turns":5},{"damage":44,"enemies":"Masked Bandits","floor":19,"turns":5},{"damage":42,"enemies":"Slavers","floor":24,"turns":3}],"seed_played":"-1732796516958685379","potions_obtained":[{"floor":1,"key":"AttackPotion"},{"floor":11,"key":"Weak Potion"},{"floor":16,"key":"Energy Potion"}],"is_trial":false,"path_per_floor":["M","?","M","?","M","R","E","?","T","$","M","E","R","$","R","B",null,"M","?","$","?","?","R","E"],"character_chosen":"DEFECT","items_purchased":["Capacitor","Consume","Conserve Battery","Defragment","Turbo"],"campfire_rested":2,"item_purchase_floors":[10,10,14,20,20],"current_hp_per_floor":[62,62,62,65,64,64,34,54,54,54,51,26,50,50,50,49,73,62,18,18,18,18,42,0],"gold":55,"neow_bonus":"REMOVE_CARD","is_prod":false,"is_daily":false,"chose_seed":false,"campfire_upgraded":2,"win_rate":0,"timestamp":1553783233,"path_taken":["M","?","?","?","M","R","E","?","T","?","?","E","R","$","R","BOSS","M","?","?","?","?","R","E"],"build_version":"2019-01-23","purchased_purges":0,"victory":false,"max_hp_per_floor":[71,71,71,81,81,81,81,81,81,81,81,81,81,81,81,81,81,81,81,81,81,81,81,81],"card_choices":[{"not_picked":["Static Discharge","Steam"],"picked":"Barrage","floor":1},{"not_picked":["Melter","Force Field"],"picked":"Ball Lightning","floor":3},{"not_picked":["Heatsinks","Chill"],"picked":"Genetic Algorithm","floor":5},{"not_picked":["Meteor Strike","Rebound"],"picked":"Sweeping Beam","floor":7},{"not_picked":["Redo","Auto Shields"],"picked":"Cold Snap","floor":11},{"not_picked":["Creative AI","Steam"],"picked":"Cold Snap","floor":12},{"not_picked":["Fission","Thunder Strike"],"picked":"Echo Form","floor":16},{"not_picked":["Sweeping Beam","Turbo"],"picked":"Cold Snap","floor":17},{"not_picked":["Cold Snap","Go for the Eyes"],"picked":"Doom and Gloom","floor":17},{"not_picked":["Gash","All For One"],"picked":"Redo","floor":17},{"not_picked":["Sweeping Beam","Reinforced Body"],"picked":"Loop","floor":17},{"not_picked":["Static Discharge","Sunder"],"picked":"Hologram","floor":17},{"not_picked":["White Noise","Scrape"],"picked":"Hologram+1","floor":18},{"not_picked":["White Noise","Stack"],"picked":"Sunder","floor":19}],"player_experience":1298306,"relics_obtained":[{"floor":7,"key":"Pen Nib"},{"floor":9,"key":"Mercury Hourglass"},{"floor":12,"key":"Cables"},{"floor":19,"key":"Red Mask"}],"event_choices":[{"damage_healed":0,"gold_gain":0,"player_choice":"Trade","damage_taken":0,"relics_obtained":["CultistMask"],"max_hp_gain":0,"max_hp_loss":0,"event_name":"FaceTrader","floor":2,"gold_loss":0},{"damage_healed":0,"gold_gain":0,"player_choice":"Success","damage_taken":7,"relics_obtained":["Pear"],"max_hp_gain":0,"max_hp_loss":0,"event_name":"Scrap Ooze","floor":4,"gold_loss":0},{"damage_healed":20,"gold_gain":0,"player_choice":"Healed","damage_taken":0,"max_hp_gain":0,"max_hp_loss":0,"event_name":"The Cleric","floor":8,"gold_loss":35},{"damage_healed":0,"gold_gain":0,"player_choice":"Fought Bandits","damage_taken":0,"max_hp_gain":0,"max_hp_loss":0,"event_name":"Masked Bandits","floor":19,"gold_loss":0},{"damage_healed":0,"gold_gain":0,"player_choice":"Simplicity","damage_taken":0,"max_hp_gain":0,"max_hp_loss":0,"event_name":"Back to Basics","floor":21,"gold_loss":0,"cards_upgraded":["Strike_B","Strike_B","Strike_B","Defend_B","Defend_B","Defend_B","Defend_B"]},{"damage_healed":0,"gold_gain":0,"player_choice":"Ignored","damage_taken":0,"max_hp_gain":0,"max_hp_loss":0,"event_name":"Vampires","floor":22,"gold_loss":0}],"is_beta":false,"boss_relics":[{"not_picked":["Coffee Dripper","Empty Cage"],"picked":"Orrery"}],"items_purged_floors":[],"is_endless":false,"potions_floor_spawned":[1,11,16],"killed_by":"Slavers","ascension_level":14}