{"gold_per_floor":[112,112,139,154,30,30,83,115,142,154,188,200,212,3,3,105,105,120,120,100,27,27,27,58,74,148,158,158],"floor_reached":28,"playtime":3103,"items_purged":[],"score":244,"play_id":"dc0e1acf-1f1d-47ba-bb38-6f6b9d5ce15a","local_time":"20190723091554","is_ascension_mode":false,"campfire_choices":[{"data":"Setup","floor":6.0,"key":"SMITH"},{"floor":12.0,"key":"REST"},{"data":"Mind Blast","floor":15.0,"key":"SMITH"},{"floor":23.0,"key":"REST"}],"neow_cost":"NONE","seed_source_timestamp":1843773335036,"circlet_count":0,"master_deck":["Strike_G","Strike_G","Strike_G","Strike_G","Defend_G","Defend_G","Defend_G","Defend_G","Defend_G","Survivor","Neutralize","Setup+1","Blur","Dash+1","Well Laid Plans","Poisoned Stab+1","Well Laid Plans","Deflect","Outmaneuver","Mind Blast+1","Caltrops","Deadly Poison","Envenom","Dagger Throw","RitualDagger","PiercingWail","Backflip","Slice","Pain","Poisoned Stab","Deadly Poison+1","Normality","Deflect+1"],"special_seed":0,"relics":["Ring of the Snake","Bag of Preparation","Mango","Whetstone","MawBank","Cursed Key","WarpedTongs","Potion Belt","Letter Opener"],"potions_floor_usage":[],"damage_taken":[{"damage":0.0,"enemies":"Cultist","floor":1.0,"turns":5.0},{"damage":5.0,"enemies":"Jaw Worm","floor":4.0,"turns":8.0},{"damage":14.0,"enemies":"3 Sentries","floor":8.0,"turns":13.0},{"damage":0.0,"enemies":"Small Slimes","floor":10.0,"turns":4.0},{"damage":12.0,"enemies":"Lagavulin","floor":11.0,"turns":9.0},{"damage":22.0,"enemies":"The Guardian","floor":16.0,"turns":11.0},{"damage":35.0,"enemies":"Spheric Guardian","floor":18.0,"turns":6.0},{"damage":27.0,"enemies":"2 Thieves","floor":20.0,"turns":4.0},{"damage":7.0,"enemies":"Gremlin Leader","floor":24.0,"turns":10.0},{"damage":8.0,"enemies":"Centurion and Healer","floor":25.0,"turns":7.0},{"damage":17.0,"enemies":"Sentry and Sphere","floor":27.0,"turns":8.0},{"damage":12,"enemies":"Cultist and Chosen","floor":28,"turns":5}],"seed_played":"-7436360366963303294","potions_obtained":[{"floor":1.0,"key":"Swift Potion"},{"floor":4.0,"key":"GhostInAJar"},{"floor":10.0,"key":"LiquidBronze"},{"floor":25.0,"key":"GhostInAJar"}],"is_trial":false,"path_per_floor":["M","?","T","M","$","R","?","E","T","M","E","R","?","$","R","B",null,"M","?","M","$","?","R","E","M","T","M","M"],"character_chosen":"THE_SILENT","items_purchased":["Well Laid Plans","Poisoned Stab","Mind Blast","Caltrops","Deadly Poison","Backflip","Slice"],"campfire_rested":2,"item_purchase_floors":[5,5,14,14,14,21,21],"current_hp_per_floor":[70,70,70,65,65,65,65,65,65,65,53,78,78,78,78,56,84,49,43,16,16,16,41,34,26,26,9,0],"gold":158,"neow_bonus":"TRANSFORM_CARD","is_prod":false,"is_daily":false,"chose_seed":false,"campfire_upgraded":2,"win_rate":0.0,"timestamp":1563866154,"path_taken":["M","?","?","M","$","R","?","E","T","M","E","R","?","$","R","BOSS","M","?","M","$","?","R","E","M","T","?","M"],"build_version":"2019-07-17","purchased_purges":0,"victory":false,"max_hp_per_floor":[70,70,70,70,70,70,70,84,84,84,84,84,84,84,84,84,84,84,84,84,84,84,84,84,84,84,84,84],"card_choices":[{"not_picked":["Escape Plan","Dagger Throw"],"picked":"Blur","floor":1.0},{"not_picked":["All Out Attack","Dodge and Roll"],"picked":"Dash","floor":4.0},{"not_picked":["Calculated Gamble","Acrobatics"],"picked":"Well Laid Plans","floor":8.0},{"not_picked":["Quick Slash","Setup"],"picked":"Deflect","floor":10.0},{"not_picked":["Doppelganger","Prepared"],"picked":"Outmaneuver","floor":11.0},{"not_picked":["A Thousand Cuts","Unload"],"picked":"Envenom","floor":16.0},{"not_picked":["Underhanded Strike","Skewer"],"picked":"Dagger Throw","floor":18.0},{"not_picked":["Prepared","Caltrops"],"picked":"PiercingWail","floor":20.0},{"not_picked":["Flying Knee+1","Sucker Punch"],"picked":"Poisoned Stab","floor":24.0},{"not_picked":["Flying Knee","Setup"],"picked":"Deadly Poison+1","floor":25.0},{"not_picked":["Reflex","Heel Hook"],"picked":"Deflect+1","floor":27.0}],"player_experience":173203,"relics_obtained":[{"floor":3.0,"key":"Bag of Preparation"},{"floor":8.0,"key":"Mango"},{"floor":9.0,"key":"Whetstone"},{"floor":11.0,"key":"MawBank"},{"floor":24.0,"key":"Potion Belt"},{"floor":26.0,"key":"Letter Opener"}],"event_choices":[{"damage_healed":0.0,"max_hp_gain":0.0,"max_hp_loss":0.0,"gold_gain":0.0,"event_name":"Golden Idol","player_choice":"Ignored","floor":2.0,"gold_loss":0.0,"damage_taken":0.0},{"damage_healed":0.0,"max_hp_gain":0.0,"max_hp_loss":0.0,"gold_gain":53.0,"event_name":"Golden Wing","player_choice":"Gained Gold","floor":7.0,"gold_loss":0.0,"damage_taken":0.0},{"damage_healed":0.0,"max_hp_gain":0.0,"max_hp_loss":0.0,"gold_gain":0.0,"event_name":"Liars Game","player_choice":"Ignored","floor":13.0,"gold_loss":0.0,"damage_taken":0.0},{"damage_healed":0.0,"max_hp_gain":0.0,"max_hp_loss":0.0,"gold_gain":0.0,"event_name":"Nest","player_choice":"Joined the Cult","floor":19.0,"gold_loss":0.0,"damage_taken":6.0,"cards_obtained":["RitualDagger"]},{"damage_healed":0.0,"max_hp_gain":0.0,"max_hp_loss":0.0,"gold_gain":0.0,"event_name":"Accursed Blacksmith","player_choice":"Rummage","floor":22.0,"gold_loss":0.0,"damage_taken":0.0,"relics_obtained":["WarpedTongs"],"cards_obtained":["Pain"]}],"is_beta":false,"boss_relics":[{"not_picked":["Philosopher\u0027s Stone","Pandora\u0027s Box"],"picked":"Cursed Key"}],"items_purged_floors":[],"is_endless":false,"potions_floor_spawned":[1,4,10,25],"killed_by":"Cultist and Chosen","ascension_level":0}