{"gold_per_floor":[116,127,139,139,139,139,153,51,77,94,94,111,145,171,171,271,271,257,257,356,96,113,113,13,24,24,52,52,67,86,104,104,104],"floor_reached":33,"playtime":260005,"items_purged":["Strike_G","Strike_G"],"score":296,"play_id":"b596ba65-f3e4-48b5-a45e-82753f477987","local_time":"20180914015749","is_ascension_mode":true,"campfire_choices":[{"data":"Prepared","floor":6,"key":"SMITH"},{"data":"Predator","floor":11,"key":"SMITH"},{"data":"Prepared","floor":15,"key":"SMITH"},{"data":"Accuracy","floor":23,"key":"SMITH"},{"floor":32,"key":"REST"}],"neow_cost":"NONE","seed_source_timestamp":10123117194237,"circlet_count":0,"master_deck":["Defend_G","Defend_G","Defend_G","Defend_G+1","Defend_G","Strike_G","Strike_G","Survivor+1","Neutralize","Riddle With Holes","Prepared+1","Cloak And Dagger","Acrobatics","Blade Dance","Deflect","Predator+1","Accuracy+1","Prepared+1","Deflect","Accuracy","Blade Dance"],"relics":["Ring of the Snake","Bag of Marbles","Strawberry","Odd Mushroom","Lizard Tail","Gremlin Horn","Centennial Puzzle","Oddly Smooth Stone","MutagenicStrength"],"potions_floor_usage":[22,27,27,27],"damage_taken":[{"damage":0,"enemies":"Cultist","floor":1,"turns":3},{"damage":7,"enemies":"Small Slimes","floor":2,"turns":3},{"damage":0,"enemies":"2 Louse","floor":3,"turns":3},{"damage":0,"enemies":"Large Slime","floor":7,"turns":7},{"damage":0,"enemies":"2 Fungi Beasts","floor":10,"turns":3},{"damage":0,"enemies":"Exordium Wildlife","floor":12,"turns":4},{"damage":3,"enemies":"Lagavulin","floor":13,"turns":6},{"damage":3,"enemies":"The Mushroom Lair","floor":14,"turns":4},{"damage":32,"enemies":"The Guardian","floor":16,"turns":14},{"damage":12,"enemies":"2 Thieves","floor":18,"turns":4},{"damage":18,"enemies":"Shell Parasite","floor":22,"turns":7},{"damage":28,"enemies":"3 Cultists","floor":25,"turns":7},{"damage":14,"enemies":"Book of Stabbing","floor":27,"turns":8},{"damage":22,"enemies":"Snecko","floor":29,"turns":4},{"damage":3,"enemies":"Centurion and Healer","floor":30,"turns":5},{"damage":26,"enemies":"Sentry and Sphere","floor":31,"turns":6},{"damage":36,"enemies":"Automaton","floor":33,"turns":6}],"seed_played":"7156279868002421650","potions_obtained":[{"floor":2,"key":"Ancient Potion"},{"floor":3,"key":"Fire Potion"},{"floor":10,"key":"Weak Potion"},{"floor":14,"key":"Energy Potion"},{"floor":25,"key":"EssenceOfSteel"}],"is_trial":false,"path_per_floor":["M","M","M","?","?","R","M","$","T","M","R","M","E","?","R","B",null,"M","?","?","$","M","R","$","M","T","E","?","M","M","M","R"],"character_chosen":"THE_SILENT","items_purchased":["Deflect","Gremlin Horn"],"campfire_rested":1,"item_purchase_floors":[8,21],"current_hp_per_floor":[70,63,63,49,70,70,70,70,70,70,70,70,74,71,71,39,77,65,65,65,65,47,47,47,19,19,5,5,38,35,9,32,0],"gold":104,"neow_bonus":"TRANSFORM_CARD","is_prod":false,"is_daily":false,"chose_seed":false,"campfire_upgraded":4,"win_rate":0,"timestamp":1536861469,"path_taken":["M","?","M","?","?","R","M","$","T","M","R","M","E","?","R","BOSS","M","?","?","$","M","R","$","M","T","E","?","M","M","?","R","BOSS"],"build_version":"2018-09-06","purchased_purges":2,"victory":false,"max_hp_per_floor":[70,70,70,70,70,70,70,70,70,70,70,70,77,77,77,77,77,77,77,77,77,77,77,77,77,77,77,77,77,77,77,77,77],"card_choices":[{"not_picked":["Bane","Eviscerate"],"picked":"Prepared","floor":1},{"not_picked":["Slice","Underhanded Strike"],"picked":"Cloak And Dagger","floor":2},{"not_picked":["Sucker Punch","Choke"],"picked":"Acrobatics","floor":3},{"not_picked":["Choke","Sucker Punch"],"picked":"Blade Dance","floor":7},{"not_picked":["Quick Slash","Blur"],"picked":"Predator","floor":10},{"not_picked":["Crippling Poison","Outmaneuver"],"picked":"Accuracy","floor":12},{"not_picked":["Caltrops","Bane","Backflip"],"picked":"SKIP","floor":13},{"not_picked":["Bane","Dash"],"picked":"Prepared","floor":14},{"not_picked":["Quick Slash","Slice"],"picked":"Deflect","floor":18},{"not_picked":["Bane","Deadly Poison+1","Corpse Explosion"],"picked":"SKIP","floor":22},{"not_picked":["Dodge and Roll","Catalyst","Flying Knee"],"picked":"SKIP","floor":25},{"not_picked":["Predator","Skewer"],"picked":"Blade Dance","floor":27},{"not_picked":["Dagger Throw","Dagger Spray","Expertise"],"picked":"SKIP","floor":29},{"not_picked":["Dagger Throw","Heel Hook","Poisoned Stab+1"],"picked":"SKIP","floor":30},{"not_picked":["Dodge and Roll+1","Slice","Masterful Stab"],"picked":"SKIP","floor":31}],"player_experience":108670,"relics_obtained":[{"floor":9,"key":"Bag of Marbles"},{"floor":13,"key":"Strawberry"},{"floor":14,"key":"Odd Mushroom"},{"floor":26,"key":"Centennial Puzzle"},{"floor":27,"key":"Oddly Smooth Stone"}],"event_choices":[{"event_name":"Shining Light","player_choice":"Entered Light","floor":4,"damage_taken":0},{"event_name":"Big Fish","player_choice":"Banana","floor":5,"damage_taken":0},{"event_name":"Mushrooms","player_choice":"Fought Mushrooms","floor":14,"damage_taken":0},{"event_name":"Duplicator","player_choice":"One dupe","floor":19,"damage_taken":0},{"event_name":"Nest","player_choice":"Stole From Cult","floor":20,"damage_taken":0},{"event_name":"Drug Dealer","player_choice":"Inject Mutagens","floor":28,"damage_taken":0}],"is_beta":false,"boss_relics":[{"not_picked":["Philosopher\u0027s Stone","Astrolabe"],"picked":"Lizard Tail"}],"items_purged_floors":[8,24],"is_endless":false,"potions_floor_spawned":[2,3,10,14,25],"killed_by":"Automaton","ascension_level":2}