{"gold_per_floor":[114,114,125,136,147,178,178,188,212,212,212,137,137,166,166,265,265,282,298,311,27,27,27],"floor_reached":23,"playtime":2846,"items_purged":["Strike_R","Demon Form"],"score":296,"play_id":"955e7df7-9f70-4fd2-849d-c3872fcb7fe2","local_time":"20190821022604","is_ascension_mode":true,"campfire_choices":[{"floor":7,"key":"REST"},{"floor":13,"key":"REST"},{"data":"Feed","floor":15,"key":"SMITH"}],"neow_cost":"PERCENT_DAMAGE","seed_source_timestamp":2434432201082900,"circlet_count":0,"master_deck":["Strike_R","Strike_R+1","Strike_R","Strike_R","Defend_R","Defend_R","Defend_R","Defend_R","Pummel","Ghostly Armor","Pommel Strike+1","Havoc","Feed+1","Sever Soul","Spot Weakness","Feed","Warcry"],"relics":["Black Blood","Charon\u0027s Ashes","Mercury Hourglass","Anchor","Boot","Whetstone"],"potions_floor_usage":[16,16,16,16,18,20,23],"damage_taken":[{"damage":1,"enemies":"2 Louse","floor":1,"turns":4},{"damage":4,"enemies":"Cultist","floor":3,"turns":5},{"damage":10,"enemies":"Small Slimes","floor":4,"turns":4},{"damage":6,"enemies":"Looter","floor":5,"turns":4},{"damage":34,"enemies":"Gremlin Nob","floor":6,"turns":5},{"damage":7,"enemies":"Exordium Wildlife","floor":8,"turns":3},{"damage":20,"enemies":"3 Sentries","floor":14,"turns":6},{"damage":46,"enemies":"The Guardian","floor":16,"turns":16},{"damage":26,"enemies":"Shell Parasite","floor":18,"turns":4},{"damage":7,"enemies":"3 Byrds","floor":19,"turns":3},{"damage":38,"enemies":"Shelled Parasite and Fungi","floor":20,"turns":6},{"damage":45,"enemies":"Book of Stabbing","floor":23,"turns":5}],"seed_played":"-6598553789098702556","potions_obtained":[{"floor":1,"key":"SneckoOil"},{"floor":3,"key":"EntropicBrew"},{"floor":14,"key":"Regen Potion"},{"floor":19,"key":"Fruit Juice"},{"floor":20,"key":"FearPotion"}],"is_trial":false,"path_per_floor":["M","?","M","M","M","E","R","M","T","?","?","$","R","E","R","B",null,"M","M","M","$","?","E"],"character_chosen":"IRONCLAD","items_purchased":["Feed","Warcry"],"campfire_rested":2,"item_purchase_floors":[21,21],"current_hp_per_floor":[56,56,58,54,54,26,50,49,49,49,46,46,70,56,56,31,68,56,63,44,44,44,0],"gold":27,"neow_bonus":"ONE_RARE_RELIC","is_prod":false,"is_daily":false,"chose_seed":false,"campfire_upgraded":1,"win_rate":0,"timestamp":1566325564,"path_taken":["M","?","M","M","M","E","R","?","T","?","?","$","R","E","R","BOSS","M","M","M","$","?","E"],"build_version":"2019-07-17","purchased_purges":2,"victory":false,"max_hp_per_floor":[80,80,80,80,80,80,80,80,80,80,80,80,80,80,80,80,80,84,88,97,97,97,97],"card_choices":[{"not_picked":["Fire Breathing","Searing Blow"],"picked":"Pummel","floor":1},{"not_picked":["Blood for Blood","Wild Strike","Reckless Charge"],"picked":"SKIP","floor":3},{"not_picked":["Anger","Heavy Blade"],"picked":"Ghostly Armor","floor":4},{"not_picked":["Searing Blow","Ghostly Armor","Iron Wave"],"picked":"SKIP","floor":5},{"not_picked":["Perfected Strike","Twin Strike"],"picked":"Pommel Strike","floor":6},{"not_picked":["Headbutt","Shrug It Off"],"picked":"Havoc","floor":8},{"not_picked":["Reaper","Barricade"],"picked":"Feed","floor":14},{"not_picked":["Limit Break","Impervious"],"picked":"Demon Form","floor":16},{"not_picked":["Shrug It Off","Bloodletting"],"picked":"Sever Soul","floor":18},{"not_picked":["Thunderclap","Hemokinesis+1"],"picked":"Spot Weakness","floor":19},{"not_picked":["Flex+1","Wild Strike","Thunderclap+1"],"picked":"SKIP","floor":20}],"player_experience":818769,"relics_obtained":[{"floor":6,"key":"Mercury Hourglass"},{"floor":9,"key":"Anchor"},{"floor":14,"key":"Whetstone"}],"event_choices":[{"cards_removed":["Bash"],"damage_healed":0,"gold_gain":0,"player_choice":"Offered Basic","damage_taken":0,"max_hp_gain":0,"max_hp_loss":0,"event_name":"Bonfire Elementals","floor":2,"gold_loss":0},{"damage_healed":0,"gold_gain":0,"player_choice":"Ignored","damage_taken":0,"max_hp_gain":0,"max_hp_loss":0,"event_name":"Liars Game","floor":10,"gold_loss":0},{"damage_healed":0,"gold_gain":0,"player_choice":"Success","damage_taken":3,"relics_obtained":["Boot"],"max_hp_gain":0,"max_hp_loss":0,"event_name":"Scrap Ooze","floor":11,"gold_loss":0},{"damage_healed":0,"gold_gain":0,"player_choice":"Ignored","damage_taken":0,"max_hp_gain":0,"max_hp_loss":0,"event_name":"Cursed Tome","floor":22,"gold_loss":0}],"is_beta":false,"boss_relics":[{"not_picked":["Velvet Choker","Empty Cage"],"picked":"Black Blood"}],"items_purged_floors":[12,21],"is_endless":false,"potions_floor_spawned":[1,3,14,19,20],"killed_by":"Book of Stabbing","ascension_level":7}