{"gold_per_floor":[114,39,39,54,1,1,33,33,33,33,68,85,95,130,130,206,206,225,235,235],"floor_reached":20,"playtime":1208,"items_purged":[],"score":401,"play_id":"623edd0a-0a4a-4918-9284-57caf7890569","local_time":"20190717162631","is_ascension_mode":true,"campfire_choices":[{"data":"Conserve Battery","floor":6,"key":"SMITH"},{"data":"Conserve Battery","floor":8,"key":"SMITH"},{"data":"Cold Snap","floor":10,"key":"SMITH"},{"data":"1","floor":15,"key":"LIFT"}],"neow_cost":"NONE","seed_source_timestamp":417321114662374,"circlet_count":0,"master_deck":["AscendersBane","Strike_B","Defend_B","Defend_B","Defend_B+1","Zap","Dualcast","Leap+1","Hello World+1","Static Discharge+1","Rebound","Conserve Battery+1","Conserve Battery+1","Cold Snap+1","Coolheaded+1","Compile Driver","Multi-Cast","Skim","Reboot","White Noise"],"relics":["Astrolabe","Anchor","Blood Vial","Girya","War Paint","Black Star"],"potions_floor_usage":[11,14,16,18],"damage_taken":[{"damage":2,"enemies":"Small Slimes","floor":1,"turns":3},{"damage":12,"enemies":"2 Louse","floor":4,"turns":3},{"damage":8,"enemies":"3 Sentries","floor":7,"turns":7},{"damage":3,"enemies":"Lagavulin","floor":11,"turns":6},{"damage":0,"enemies":"Cultist","floor":12,"turns":5},{"damage":12,"enemies":"Exordium Wildlife","floor":13,"turns":4},{"damage":0,"enemies":"3 Sentries","floor":14,"turns":6},{"damage":5,"enemies":"Slime Boss","floor":16,"turns":9},{"damage":20,"enemies":"3 Byrds","floor":18,"turns":6},{"damage":10,"enemies":"Shell Parasite","floor":19,"turns":5},{"damage":47,"enemies":"Cultist and Chosen","floor":20,"turns":5}],"seed_played":"-2466437053241858354","potions_obtained":[{"floor":4,"key":"Weak Potion"},{"floor":11,"key":"AttackPotion"},{"floor":13,"key":"Explosive Potion"},{"floor":14,"key":"FocusPotion"}],"is_trial":false,"path_per_floor":["M","?","?","M","$","R","E","R","T","R","E","M","M","E","R","B",null,"M","M","M"],"character_chosen":"DEFECT","items_purchased":["Conserve Battery"],"campfire_rested":0,"item_purchase_floors":[5],"current_hp_per_floor":[62,62,71,59,59,59,51,51,51,51,50,52,42,44,44,41,64,46,38,0],"gold":235,"neow_bonus":"BOSS_RELIC","is_prod":false,"is_daily":false,"chose_seed":false,"campfire_upgraded":3,"win_rate":0,"timestamp":1563395191,"path_taken":["M","?","?","M","$","R","E","R","T","R","E","M","M","E","R","BOSS","M","M","M"],"build_version":"2019-07-05","purchased_purges":0,"victory":false,"max_hp_per_floor":[71,71,71,71,71,71,71,71,71,71,71,71,71,71,71,71,71,71,71,71],"card_choices":[{"not_picked":["Redo","Hologram"],"picked":"Rebound","floor":1},{"not_picked":["Undo","Hologram"],"picked":"Conserve Battery","floor":4},{"not_picked":["Stack","Go for the Eyes"],"picked":"Cold Snap","floor":7},{"not_picked":["Heatsinks","Undo"],"picked":"Coolheaded","floor":11},{"not_picked":["Force Field","Gash"],"picked":"Compile Driver","floor":12},{"not_picked":["Gash","Go for the Eyes"],"picked":"Multi-Cast","floor":13},{"not_picked":["Reprogram","Gash"],"picked":"Skim","floor":14},{"not_picked":["All For One","Amplify"],"picked":"Reboot","floor":16},{"not_picked":["Force Field","Scrape","Streamline"],"picked":"SKIP","floor":18},{"not_picked":["Leap","Hologram"],"picked":"White Noise","floor":19}],"player_experience":906976,"relics_obtained":[{"floor":7,"key":"Anchor"},{"floor":9,"key":"Blood Vial"},{"floor":11,"key":"Girya"},{"floor":14,"key":"War Paint"}],"event_choices":[{"cards_removed":["Defend_B"],"damage_healed":0,"gold_gain":0,"player_choice":"Card Removal","damage_taken":0,"max_hp_gain":0,"max_hp_loss":0,"event_name":"The Cleric","floor":2,"gold_loss":75},{"damage_healed":9,"gold_gain":0,"player_choice":"Full Heal","damage_taken":0,"max_hp_gain":0,"max_hp_loss":0,"event_name":"Wheel of Change","floor":3,"gold_loss":0}],"is_beta":false,"boss_relics":[{"not_picked":["Philosopher\u0027s Stone","Pandora\u0027s Box"],"picked":"Black Star"}],"items_purged_floors":[],"is_endless":false,"potions_floor_spawned":[4,11,13,14],"killed_by":"Cultist and Chosen","ascension_level":17}