{"gold_per_floor":[119,131,131,151,41,41,216,251,251,271,334,348,348,360,360,459,459,478,478,67,0,19,19,19,46,119,218,232,232,232,250,250,250],"floor_reached":33,"playtime":1622,"items_purged":["Strike_B"],"score":392,"play_id":"fdbc4153-dadb-40ef-be7d-b86898e60ccf","local_time":"20190201202653","is_ascension_mode":true,"campfire_choices":[{"data":"Darkness","floor":6,"key":"SMITH"},{"data":"Static Discharge","floor":13,"key":"SMITH"},{"data":"Fusion","floor":15,"key":"SMITH"},{"data":"Loop","floor":23,"key":"SMITH"},{"data":"Zap","floor":29,"key":"SMITH"},{"floor":32,"key":"REST"}],"neow_cost":"PERCENT_DAMAGE","seed_source_timestamp":5012407015946052,"circlet_count":0,"master_deck":["Strike_B+1","Strike_B+1","Defend_B","Defend_B","Defend_B","Defend_B","Zap+1","Dualcast","Buffer+1","Darkness+1","BootSequence","Self Repair","BootSequence","Self Repair","Doubt","Fusion+1","Static Discharge+1","Coolheaded","Coolheaded","Seek","Loop+1","Self Repair","Conserve Battery+1"],"relics":["Cracked Core","Pantograph","Juzu Bracelet","Whetstone","Inserter","Letter Opener","Singing Bowl","Toxic Egg 2"],"potions_floor_usage":[25,33],"damage_taken":[{"damage":0,"enemies":"Cultist","floor":1,"turns":3},{"damage":2,"enemies":"Jaw Worm","floor":2,"turns":4},{"damage":0,"enemies":"Small Slimes","floor":4,"turns":4},{"damage":0,"enemies":"Lagavulin","floor":8,"turns":5},{"damage":21,"enemies":"2 Fungi Beasts","floor":10,"turns":5},{"damage":35,"enemies":"3 Sentries","floor":11,"turns":9},{"damage":5,"enemies":"Exordium Thugs","floor":12,"turns":7},{"damage":1,"enemies":"Looter","floor":14,"turns":4},{"damage":47,"enemies":"The Guardian","floor":16,"turns":10},{"damage":12,"enemies":"Shell Parasite","floor":18,"turns":6},{"damage":20,"enemies":"2 Thieves","floor":21,"turns":5},{"damage":33,"enemies":"Shelled Parasite and Fungi","floor":22,"turns":6},{"damage":50,"enemies":"Book of Stabbing","floor":25,"turns":5},{"damage":20,"enemies":"Snecko","floor":28,"turns":7},{"damage":19,"enemies":"Snake Plant","floor":31,"turns":4},{"damage":78,"enemies":"Collector","floor":33,"turns":13}],"seed_played":"-160542394710094992","potions_obtained":[{"floor":10,"key":"FairyPotion"},{"floor":11,"key":"Strength Potion"},{"floor":12,"key":"Strength Potion"},{"floor":14,"key":"EssenceOfSteel"},{"floor":18,"key":"Poison Potion"}],"is_trial":false,"path_per_floor":["M","M","?","M","$","R","?","E","T","M","?","M","R","M","R","B",null,"M","?","$","M","M","R","$","E","T","?","M","R","?","M","R","B"],"character_chosen":"DEFECT","items_purchased":["BootSequence","Self Repair","Self Repair","Letter Opener"],"campfire_rested":1,"item_purchase_floors":[5,5,20,20],"current_hp_per_floor":[50,48,41,41,41,41,41,55,55,48,27,36,36,49,49,41,67,69,69,69,70,51,51,51,24,24,24,18,18,18,23,46,0],"gold":250,"neow_bonus":"THREE_RARE_CARDS","is_prod":false,"is_daily":false,"chose_seed":false,"campfire_upgraded":5,"win_rate":0,"timestamp":1549070813,"path_taken":["M","M","?","M","$","R","?","E","T","M","?","M","R","M","R","BOSS","M","?","$","M","M","R","?","E","T","?","M","R","?","M","R","BOSS"],"build_version":"2019-01-23","purchased_purges":1,"victory":false,"max_hp_per_floor":[75,75,75,75,75,75,75,75,75,75,75,75,75,75,75,75,75,75,75,75,75,75,75,75,77,77,77,77,77,77,79,79,79],"card_choices":[{"not_picked":["Multi-Cast","Core Surge"],"picked":"Buffer","floor":0},{"not_picked":["Beam Cell","Redo"],"picked":"Darkness","floor":1},{"not_picked":["Turbo","Undo"],"picked":"BootSequence","floor":2},{"not_picked":["Storm","Steam"],"picked":"Self Repair","floor":4},{"not_picked":["Tempest","Double Energy"],"picked":"Fusion","floor":8},{"not_picked":["Scrape","Recycle"],"picked":"Static Discharge","floor":10},{"not_picked":["Creative AI","Hologram"],"picked":"Coolheaded","floor":11},{"not_picked":["Redo","Turbo"],"picked":"Coolheaded","floor":12},{"not_picked":["Steam","Barrage","Rebound"],"picked":"SKIP","floor":14},{"not_picked":["Thunder Strike","All For One"],"picked":"Seek","floor":16},{"not_picked":["Rebound","Barrage"],"picked":"Loop","floor":18},{"not_picked":["Steam Power","Rebound","Stack"],"picked":"SKIP","floor":21},{"not_picked":["Sweeping Beam","Beam Cell+1","Rip and Tear"],"picked":"SKIP","floor":22},{"not_picked":["FTL","Gash","Hello World"],"picked":"Singing Bowl","floor":25},{"not_picked":["Coolheaded+1","Rebound"],"picked":"Conserve Battery+1","floor":28},{"not_picked":["Beam Cell","Gash","Static Discharge"],"picked":"Singing Bowl","floor":31}],"player_experience":385492,"relics_obtained":[{"floor":8,"key":"Pantograph"},{"floor":9,"key":"Juzu Bracelet"},{"floor":11,"key":"Whetstone"},{"floor":25,"key":"Singing Bowl"},{"floor":26,"key":"Toxic Egg 2"}],"event_choices":[{"cards_removed":["Strike_B"],"damage_healed":0,"gold_gain":0,"player_choice":"Card Removal","damage_taken":7,"max_hp_gain":0,"max_hp_loss":0,"event_name":"Golden Wing","floor":3,"gold_loss":0},{"damage_healed":0,"gold_gain":175,"player_choice":"AGREE","damage_taken":0,"max_hp_gain":0,"max_hp_loss":0,"event_name":"Liars Game","floor":7,"gold_loss":0,"cards_obtained":["Doubt"]},{"damage_healed":0,"gold_gain":0,"player_choice":"Searched \u00271\u0027 times","damage_taken":0,"max_hp_gain":0,"max_hp_loss":0,"event_name":"Dead Adventurer","floor":11,"gold_loss":0},{"damage_healed":0,"gold_gain":0,"player_choice":"Upgraded","damage_taken":0,"max_hp_gain":0,"max_hp_loss":0,"event_name":"Upgrade Shrine","floor":19,"gold_loss":0,"cards_upgraded":["Buffer"]},{"damage_healed":0,"gold_gain":99,"player_choice":"Stole From Cult","damage_taken":0,"max_hp_gain":0,"max_hp_loss":0,"event_name":"Nest","floor":27,"gold_loss":0},{"damage_healed":0,"gold_gain":0,"player_choice":"Ignored","damage_taken":0,"max_hp_gain":0,"max_hp_loss":0,"event_name":"Ghosts","floor":30,"gold_loss":0}],"is_beta":false,"boss_relics":[{"not_picked":["Tiny House","Runic Pyramid"],"picked":"Inserter"}],"items_purged_floors":[20],"is_endless":false,"potions_floor_spawned":[10,11,12,14,16,18,22],"killed_by":"Collector","ascension_level":7}