{"gold_per_floor":[119,119,269,269,286,315,327,352,400,413,429,429,445,476,476,552,552,565,565,575,192,210,210,210,135,204,204,233,253,153,168,168,241,241,259,309,13,25,41,96,109,137,162,188,54,73,84,84,84,84,84,84,84,110,110],"floor_reached":55,"playtime":6302,"items_purged":["Strike_B","Doubt","Strike_B"],"score":1739,"play_id":"9670965b-6f63-442a-832c-ac62dbccfa47","local_time":"20190807140950","is_ascension_mode":true,"campfire_choices":[{"data":"Genetic Algorithm","floor":12.0,"key":"SMITH"},{"data":"Defend_B","floor":15.0,"key":"SMITH"},{"data":"Buffer","floor":24.0,"key":"SMITH"},{"data":"Genetic Algorithm","floor":27.0,"key":"SMITH"},{"data":"Fission","floor":32.0,"key":"SMITH"},{"floor":49.0,"key":"RECALL"},{"data":"Rainbow","floor":52.0,"key":"SMITH"}],"neow_cost":"NONE","seed_source_timestamp":2218007250802633,"circlet_count":0,"master_deck":["AscendersBane","Strike_B","Defend_B","Defend_B+1","Defend_B","Defend_B+1","Zap","Dualcast","Seek","Ball Lightning","Sunder","Ball Lightning","Reboot+1","Genetic Algorithm+1","Genetic Algorithm+1","Buffer+1","Rainbow+1","Glacier","Undo","Conserve Battery","Fission+1","Defragment+1","Thunder Strike","Loop+1","Defragment+1","Loop+1","Parasite","Electrodynamics+1","Defragment+1","Conserve Battery"],"special_seed":0,"relics":["Cracked Core","NeowsBlessing","Meat on the Bone","Centennial Puzzle","Lantern","Bag of Preparation","Bronze Scales","Snecko Eye","Runic Capacitor","Strawberry","Singing Bowl","Frozen Egg 2","Black Star","War Paint","Tiny Chest","Ancient Tea Set","Dodecahedron","DataDisk","Potion Belt","Mercury Hourglass","Incense Burner"],"potions_floor_usage":[55,55,55],"damage_taken":[{"damage":0.0,"enemies":"2 Louse","floor":1.0,"turns":1.0},{"damage":0.0,"enemies":"Small Slimes","floor":5.0,"turns":1.0},{"damage":0.0,"enemies":"Gremlin Nob","floor":6.0,"turns":1.0},{"damage":2.0,"enemies":"Jaw Worm","floor":7.0,"turns":3.0},{"damage":20.0,"enemies":"3 Sentries","floor":8.0,"turns":5.0},{"damage":2.0,"enemies":"Exordium Wildlife","floor":10.0,"turns":3.0},{"damage":11.0,"enemies":"Exordium Thugs","floor":11.0,"turns":4.0},{"damage":6.0,"enemies":"Lots of Slimes","floor":13.0,"turns":4.0},{"damage":0.0,"enemies":"Gremlin Nob","floor":14.0,"turns":2.0},{"damage":24.0,"enemies":"Hexaghost","floor":16.0,"turns":11.0},{"damage":12.0,"enemies":"3 Byrds","floor":18.0,"turns":3.0},{"damage":12.0,"enemies":"2 Thieves","floor":20.0,"turns":3.0},{"damage":0.0,"enemies":"Snake Plant","floor":22.0,"turns":5.0},{"damage":0.0,"enemies":"Slavers","floor":23.0,"turns":1.0},{"damage":33.0,"enemies":"Book of Stabbing","floor":28.0,"turns":6.0},{"damage":0.0,"enemies":"Centurion and Healer","floor":29.0,"turns":8.0},{"damage":0.0,"enemies":"Chosen and Byrds","floor":31.0,"turns":5.0},{"damage":0.0,"enemies":"Collector","floor":33.0,"turns":11.0},{"damage":0.0,"enemies":"Orb Walker","floor":35.0,"turns":4.0},{"damage":0.0,"enemies":"3 Darklings","floor":38.0,"turns":8.0},{"damage":0.0,"enemies":"Spire Growth","floor":39.0,"turns":4.0},{"damage":3.0,"enemies":"Nemesis","floor":40.0,"turns":7.0},{"damage":11.0,"enemies":"Writhing Mass","floor":41.0,"turns":6.0},{"damage":4.0,"enemies":"Reptomancer","floor":42.0,"turns":9.0},{"damage":0.0,"enemies":"Maw","floor":46.0,"turns":6.0},{"damage":0.0,"enemies":"Sphere and 2 Shapes","floor":47.0,"turns":3.0},{"damage":0.0,"enemies":"Donu and Deca","floor":50.0,"turns":4.0},{"damage":31.0,"enemies":"Shield and Spear","floor":54.0,"turns":6.0},{"damage":57,"enemies":"The Heart","floor":55,"turns":8}],"seed_played":"6094320514149928969","potions_obtained":[{"floor":1.0,"key":"Regen Potion"},{"floor":7.0,"key":"Strength Potion"},{"floor":13.0,"key":"AttackPotion"},{"floor":16.0,"key":"SmokeBomb"},{"floor":20.0,"key":"Strength Potion"},{"floor":29.0,"key":"EssenceOfSteel"},{"floor":40.0,"key":"SkillPotion"},{"floor":47.0,"key":"EssenceOfSteel"},{"floor":54.0,"key":"Fire Potion"}],"is_trial":false,"path_per_floor":["M","?","?","?","M","E","M","E","T","M","M","R","M","E","R","B",null,"M","?","M","$","M","E","R","$","T","R","E","M","$","M","R","B",null,"M","?","$","M","M","E","M","E","T","T","$","M","M","$","R","B",null,"R","$","E","B"],"character_chosen":"DEFECT","items_purchased":["Runic Capacitor","Strawberry","War Paint","Defragment+1","Conserve Battery"],"campfire_rested":0,"item_purchase_floors":[21,21,37,45,45],"current_hp_per_floor":[64,38,38,38,38,38,36,42,42,40,41,41,47,47,47,35,62,50,50,38,45,45,45,45,45,45,45,24,36,36,50,50,50,73,75,75,75,75,75,72,63,59,59,59,59,61,63,63,63,63,82,82,82,53,0],"gold":110,"neow_bonus":"THREE_ENEMY_KILL","is_prod":false,"is_daily":false,"chose_seed":false,"campfire_upgraded":6,"win_rate":0,"timestamp":1565201390,"path_taken":["M","?","?","?","M","E","M","E","T","M","M","R","?","E","R","BOSS","M","?","M","$","M","E","R","$","T","R","E","M","?","?","R","BOSS","M","?","$","M","M","E","?","E","T","?","$","M","?","$","R","BOSS","R","$","E","BOSS"],"build_version":"2019-07-17","purchased_purges":3,"victory":false,"max_hp_per_floor":[71,71,71,71,71,71,71,71,71,71,71,71,71,71,71,71,71,71,71,71,78,78,78,78,78,78,78,78,78,78,80,80,80,80,82,82,82,82,82,82,84,84,84,84,84,86,88,88,88,88,88,88,88,90,90],"card_choices":[{"not_picked":["Redo","Blizzard","Scrape"],"picked":"SKIP","floor":1.0},{"not_picked":["Auto Shields","Double Energy"],"picked":"Ball Lightning","floor":5.0},{"not_picked":["Compile Driver","Blizzard"],"picked":"Sunder","floor":6.0},{"not_picked":["Self Repair","Darkness"],"picked":"Ball Lightning","floor":7.0},{"not_picked":["Beam Cell","Compile Driver"],"picked":"Reboot","floor":8.0},{"not_picked":["Barrage","Cold Snap"],"picked":"Genetic Algorithm","floor":10.0},{"not_picked":["Sweeping Beam","Ball Lightning"],"picked":"Genetic Algorithm","floor":11.0},{"not_picked":["Blizzard","Turbo","Lockon"],"picked":"SKIP","floor":13.0},{"not_picked":["Barrage","Compile Driver"],"picked":"Buffer","floor":14.0},{"not_picked":["Meteor Strike","Creative AI"],"picked":"Rainbow","floor":16.0},{"not_picked":["Sweeping Beam","Cold Snap"],"picked":"Glacier","floor":18.0},{"not_picked":["Conserve Battery","Double Energy"],"picked":"Undo","floor":20.0},{"not_picked":["Go for the Eyes","Storm"],"picked":"Conserve Battery","floor":22.0},{"not_picked":["Turbo+1","Steam"],"picked":"Fission","floor":28.0},{"not_picked":["Go for the Eyes","Conserve Battery"],"picked":"Defragment+1","floor":29.0},{"not_picked":["Reprogram","Steam","Scrape"],"picked":"Singing Bowl","floor":31.0},{"not_picked":["Fission","All For One"],"picked":"Thunder Strike","floor":33.0},{"not_picked":["Streamline","Stack","Coolheaded"],"picked":"Singing Bowl","floor":35.0},{"not_picked":["Cold Snap+1","Reinforced Body"],"picked":"Loop+1","floor":38.0},{"not_picked":["Capacitor+1","Turbo+1"],"picked":"Defragment+1","floor":39.0},{"not_picked":["Go for the Eyes","Self Repair+1"],"picked":"Loop+1","floor":40.0},{"not_picked":["Gash+1","Skim","Melter"],"picked":"Singing Bowl","floor":41.0},{"not_picked":["Sweeping Beam","White Noise"],"picked":"Electrodynamics+1","floor":42.0},{"not_picked":["Stack","Turbo+1","Redo"],"picked":"Singing Bowl","floor":46.0},{"not_picked":["Redo","Leap","Fusion"],"picked":"Singing Bowl","floor":47.0},{"not_picked":["Barrage","Beam Cell","Ball Lightning"],"picked":"Singing Bowl","floor":54.0}],"player_experience":983495,"relics_obtained":[{"floor":6.0,"key":"Centennial Puzzle"},{"floor":8.0,"key":"Lantern"},{"floor":9.0,"key":"Bag of Preparation"},{"floor":14.0,"key":"Bronze Scales"},{"floor":26.0,"key":"Singing Bowl"},{"floor":28.0,"key":"Frozen Egg 2"},{"floor":40.0,"key":"Tiny Chest"},{"floor":40.0,"key":"Ancient Tea Set"},{"floor":42.0,"key":"Dodecahedron"},{"floor":42.0,"key":"DataDisk"},{"floor":44.0,"key":"Potion Belt"},{"floor":54.0,"key":"Mercury Hourglass"},{"floor":54.0,"key":"Incense Burner"}],"event_choices":[{"damage_healed":0.0,"max_hp_gain":0.0,"max_hp_loss":0.0,"gold_gain":0.0,"event_name":"Scrap Ooze","player_choice":"Success","floor":2.0,"gold_loss":0.0,"damage_taken":26.0,"relics_obtained":["Meat on the Bone"]},{"damage_healed":0.0,"max_hp_gain":0.0,"max_hp_loss":0.0,"gold_gain":150.0,"event_name":"Liars Game","player_choice":"AGREE","floor":3.0,"gold_loss":0.0,"damage_taken":0.0,"cards_obtained":["Doubt"]},{"damage_healed":0.0,"max_hp_gain":0.0,"max_hp_loss":0.0,"gold_gain":0.0,"cards_transformed":["Strike_B"],"event_name":"Living Wall","player_choice":"Change","floor":4.0,"gold_loss":0.0,"damage_taken":0.0,"cards_obtained":["Seek"]},{"damage_healed":0.0,"max_hp_gain":0.0,"max_hp_loss":0.0,"gold_gain":0.0,"event_name":"Match and Keep!","player_choice":"0 cards matched","floor":19.0,"gold_loss":0.0,"damage_taken":0.0,"cards_obtained":[]},{"damage_healed":0.0,"max_hp_gain":0.0,"max_hp_loss":0.0,"gold_gain":50.0,"event_name":"Golden Shrine","player_choice":"Pray","floor":36.0,"gold_loss":0.0,"damage_taken":0.0}],"is_beta":false,"boss_relics":[{"not_picked":["Cursed Key","Orrery"],"picked":"Snecko Eye"},{"not_picked":["Pandora\u0027s Box","Eternal Feather"],"picked":"Black Star"}],"items_purged_floors":[25,30,37],"is_endless":false,"potions_floor_spawned":[1,7,13,16,20,23,29,40,41,47,54],"killed_by":"The Heart","ascension_level":18}