{"gold_per_floor":[113,128,128,145,145,145,177,193,220,220,220,220,220,254,254,374,374,392,392,491,515,166,166,116,116,194,213,230,101,101,121,121,217,217,233,252,252,252,252,252,287,287,313,111,111,121,121,138,138,138],"floor_reached":50,"playtime":3782,"items_purged":["Strike_B","Strike_B","Writhe"],"score":691,"play_id":"0f718ed9-73ec-4ad3-a27d-3ec2427211e5","local_time":"20190821112412","is_ascension_mode":true,"campfire_choices":[{"floor":6,"key":"REST"},{"data":"Coolheaded","floor":10,"key":"SMITH"},{"floor":13,"key":"REST"},{"floor":15,"key":"REST"},{"data":"Zap","floor":23,"key":"SMITH"},{"data":"Defragment","floor":30,"key":"SMITH"},{"data":"Dualcast","floor":32,"key":"SMITH"},{"data":"Madness","floor":40,"key":"SMITH"},{"floor":42,"key":"REST"},{"data":"Madness","floor":47,"key":"SMITH"},{"data":"Glacier","floor":49,"key":"SMITH"}],"neow_cost":"NONE","seed_source_timestamp":2333518147292,"circlet_count":0,"master_deck":["Strike_B+1","Defend_B+1","Defend_B+1","Defend_B+1","Defend_B","Zap+1","Dualcast+1","BootSequence+1","Gash","Coolheaded+1","Cold Snap","Cold Snap+1","Core Surge","Glacier+1","FTL","Go for the Eyes","Defragment+1","Defragment+1","Hologram","Undo+1","Madness+1","Madness+1","Ball Lightning","Defragment+1","Heatsinks+1"],"relics":["Cracked Core","Smiling Mask","Orichalcum","Bloody Idol","Oddly Smooth Stone","FossilizedHelix","Eternal Feather","War Paint","Whetstone","Pear","Sozu","Pen Nib","Art of War","DollysMirror","Toxic Egg 2"],"potions_floor_usage":[7,16,21,31,41,50],"damage_taken":[{"damage":0,"enemies":"Small Slimes","floor":1,"turns":3},{"damage":0,"enemies":"Jaw Worm","floor":2,"turns":3},{"damage":0,"enemies":"2 Louse","floor":4,"turns":2},{"damage":13,"enemies":"Lagavulin","floor":7,"turns":8},{"damage":1,"enemies":"Looter","floor":8,"turns":2},{"damage":21,"enemies":"Gremlin Nob","floor":14,"turns":4},{"damage":29,"enemies":"Hexaghost","floor":16,"turns":15},{"damage":6,"enemies":"Shell Parasite","floor":18,"turns":10},{"damage":11,"enemies":"3 Byrds","floor":21,"turns":9},{"damage":14,"enemies":"Snake Plant","floor":27,"turns":6},{"damage":0,"enemies":"Sentry and Sphere","floor":28,"turns":7},{"damage":0,"enemies":"Shelled Parasite and Fungi","floor":31,"turns":6},{"damage":36,"enemies":"Automaton","floor":33,"turns":17},{"damage":9,"enemies":"3 Darklings","floor":35,"turns":7},{"damage":0,"enemies":"Orb Walker","floor":36,"turns":4},{"damage":51,"enemies":"Nemesis","floor":41,"turns":19},{"damage":0,"enemies":"Spire Growth","floor":46,"turns":8},{"damage":0,"enemies":"Maw","floor":48,"turns":10},{"damage":98,"enemies":"Donu and Deca","floor":50,"turns":15}],"seed_played":"-3076679828418097313","potions_obtained":[{"floor":1,"key":"Dexterity Potion"},{"floor":7,"key":"SpeedPotion"},{"floor":18,"key":"Regen Potion"},{"floor":27,"key":"SteroidPotion"},{"floor":28,"key":"Fire Potion"},{"floor":33,"key":"Fire Potion"}],"is_trial":false,"path_per_floor":["M","M","?","M","?","R","E","M","T","R","?","?","R","E","R","B",null,"M","?","?","M","$","R","$","?","T","M","M","$","R","M","R","B",null,"M","M","?","?","?","R","E","R","T","$","T","M","R","M","R","B"],"character_chosen":"DEFECT","items_purchased":["Glacier","FTL","Whetstone","Defragment","DollysMirror"],"campfire_rested":4,"item_purchase_floors":[22,22,22,29,44],"current_hp_per_floor":[75,75,59,59,52,76,63,62,62,62,42,35,59,38,62,33,70,64,64,64,68,68,77,77,77,92,83,88,88,92,92,92,61,84,80,85,73,73,73,85,39,78,83,83,83,88,92,92,92,0],"gold":138,"neow_bonus":"TEN_PERCENT_HP_BONUS","is_prod":false,"is_daily":false,"chose_seed":false,"campfire_upgraded":7,"win_rate":0,"timestamp":1566383052,"path_taken":["M","M","?","M","?","R","E","M","T","R","?","?","R","E","R","BOSS","M","?","?","M","$","R","?","?","T","M","M","$","R","M","R","BOSS","M","M","?","?","?","R","E","R","T","?","?","M","R","M","R","BOSS"],"build_version":"2019-07-17","purchased_purges":3,"victory":false,"max_hp_per_floor":[82,82,82,82,82,82,82,82,82,82,82,82,82,82,82,82,82,82,82,82,82,82,82,82,82,92,92,92,92,92,92,92,92,92,92,92,92,92,92,92,92,92,92,92,92,92,92,92,92,92],"card_choices":[{"not_picked":["Hologram","Leap"],"picked":"BootSequence","floor":1},{"not_picked":["Steam","Stack"],"picked":"Gash","floor":2},{"not_picked":["Rip and Tear","Blizzard"],"picked":"Coolheaded","floor":4},{"not_picked":["Loop","Barrage"],"picked":"FTL","floor":7},{"not_picked":["Stack","Amplify"],"picked":"Cold Snap","floor":8},{"not_picked":["Hyperbeam","Seek"],"picked":"Cold Snap","floor":14},{"not_picked":["Creative AI","Meteor Strike"],"picked":"Core Surge","floor":16},{"not_picked":["Reprogram","Tempest","Cold Snap"],"picked":"SKIP","floor":18},{"not_picked":["Turbo","Conserve Battery","Beam Cell+1"],"picked":"SKIP","floor":21},{"not_picked":["Rebound","Melter"],"picked":"Go for the Eyes","floor":27},{"not_picked":["Genetic Algorithm","Streamline"],"picked":"Defragment+1","floor":28},{"not_picked":["Gash","Capacitor"],"picked":"Hologram","floor":31},{"not_picked":["Streamline+1","Consume+1"],"picked":"Undo+1","floor":35},{"not_picked":["Lockon","Conserve Battery+1","Cold Snap+1"],"picked":"SKIP","floor":36},{"not_picked":["Compile Driver","Turbo"],"picked":"Ball Lightning","floor":41},{"not_picked":["Compile Driver+1","Go for the Eyes+1"],"picked":"Heatsinks+1","floor":46},{"not_picked":["Go for the Eyes+1","Redo+1","Rebound"],"picked":"SKIP","floor":48}],"player_experience":472212,"relics_obtained":[{"floor":7,"key":"Smiling Mask"},{"floor":9,"key":"Orichalcum"},{"floor":14,"key":"FossilizedHelix"},{"floor":26,"key":"Pear"},{"floor":41,"key":"Pen Nib"},{"floor":43,"key":"Art of War"},{"floor":45,"key":"Toxic Egg 2"}],"event_choices":[{"damage_healed":0,"gold_gain":0,"player_choice":"Entered Light","damage_taken":16,"max_hp_gain":0,"max_hp_loss":0,"event_name":"Shining Light","floor":3,"gold_loss":0,"cards_upgraded":["Defend_B","Defend_B"]},{"cards_removed":["Strike_B"],"damage_healed":0,"gold_gain":0,"player_choice":"Card Removal","damage_taken":7,"max_hp_gain":0,"max_hp_loss":0,"event_name":"Golden Wing","floor":5,"gold_loss":0},{"damage_healed":0,"gold_gain":0,"player_choice":"Take Damage","damage_taken":20,"relics_obtained":["Golden Idol"],"max_hp_gain":0,"max_hp_loss":0,"event_name":"Golden Idol","floor":11,"gold_loss":0},{"damage_healed":0,"gold_gain":0,"player_choice":"Success","damage_taken":7,"relics_obtained":["Oddly Smooth Stone"],"max_hp_gain":0,"max_hp_loss":0,"event_name":"Scrap Ooze","floor":12,"gold_loss":0},{"damage_healed":0,"gold_gain":0,"player_choice":"Opened","damage_taken":0,"relics_obtained":["War Paint"],"max_hp_gain":0,"max_hp_loss":0,"event_name":"The Mausoleum","floor":19,"gold_loss":0,"cards_obtained":["Writhe"]},{"damage_healed":0,"gold_gain":99,"player_choice":"Stole From Cult","damage_taken":0,"max_hp_gain":0,"max_hp_loss":0,"event_name":"Nest","floor":20,"gold_loss":0},{"damage_healed":0,"gold_gain":0,"player_choice":"Gave Idol","damage_taken":0,"relics_obtained":["Bloody Idol"],"max_hp_gain":0,"max_hp_loss":0,"event_name":"Forgotten Altar","floor":25,"relics_lost":["Golden Idol"],"gold_loss":0},{"damage_healed":0,"gold_gain":0,"player_choice":"Embrace Madness","damage_taken":12,"max_hp_gain":0,"max_hp_loss":0,"event_name":"Winding Halls","floor":37,"gold_loss":0,"cards_obtained":["Madness","Madness"]},{"damage_healed":0,"gold_gain":0,"player_choice":"Ignored","damage_taken":0,"max_hp_gain":0,"max_hp_loss":0,"event_name":"Tomb of Lord Red Mask","floor":38,"gold_loss":0},{"cards_removed":["FTL"],"damage_healed":0,"gold_gain":0,"player_choice":"Removed Attack","damage_taken":0,"max_hp_gain":0,"max_hp_loss":0,"event_name":"Falling","floor":39,"gold_loss":0}],"is_beta":false,"boss_relics":[{"not_picked":["Calling Bell","Lizard Tail"],"picked":"Eternal Feather"},{"not_picked":["Runic Dome","Astrolabe"],"picked":"Sozu"}],"items_purged_floors":[22,24,29],"is_endless":false,"potions_floor_spawned":[1,7,18,27,28,33,41,46],"killed_by":"Donu and Deca","ascension_level":8}