{"gold_per_floor":[212,229,42,42,56,56,76,109,109,109,11,11,45,69,69,199,199,213,0,0,0,16,16,32,32,102,102,121,156,170,183,183,183],"floor_reached":33,"playtime":3536,"items_purged":[],"score":316,"play_id":"d060ed28-5017-4dae-bcf4-9e3ccdd8525c","local_time":"20190802181827","is_ascension_mode":true,"campfire_choices":[{"data":"Discovery","floor":6.0,"key":"SMITH"},{"floor":10.0,"key":"REST"},{"floor":15.0,"key":"REST"},{"floor":23.0,"key":"REST"},{"floor":25.0,"key":"REST"},{"floor":32,"key":"REST"}],"neow_cost":"NONE","seed_source_timestamp":380656609158349,"circlet_count":0,"master_deck":["Survivor","Neutralize","PiercingWail","Backflip","Discovery+1","Slice+1","Footwork","Noxious Fumes","Accuracy","Setup","Mind Blast","Slice","Deadly Poison","A Thousand Cuts","Masterful Stab","Glass Knife","Tactician","Accuracy","Heel Hook","Die Die Die","Sucker Punch","Unload","Escape Plan","Doppelganger","Deflect","Envenom","Deadly Poison","Discovery","Infinite Blades","Deflect","Discovery+1","Prepared","Leg Sweep+1","Cloak And Dagger","Backflip"],"special_seed":0,"relics":["Ring of the Snake","Golden Idol","Strawberry","Pen Nib","Question Card","Pandora\u0027s Box","Ornamental Fan","Pocketwatch"],"potions_floor_usage":[],"damage_taken":[{"damage":0.0,"enemies":"Cultist","floor":1.0,"turns":5.0},{"damage":8.0,"enemies":"Small Slimes","floor":2.0,"turns":5.0},{"damage":0.0,"enemies":"2 Louse","floor":5.0,"turns":4.0},{"damage":12.0,"enemies":"Large Slime","floor":7.0,"turns":9.0},{"damage":22.0,"enemies":"Lagavulin","floor":8.0,"turns":8.0},{"damage":30.0,"enemies":"Gremlin Nob","floor":13.0,"turns":5.0},{"damage":12.0,"enemies":"Lots of Slimes","floor":14.0,"turns":5.0},{"damage":16.0,"enemies":"The Guardian","floor":16.0,"turns":13.0},{"damage":16.0,"enemies":"3 Byrds","floor":18.0,"turns":4.0},{"damage":25.0,"enemies":"Spheric Guardian","floor":22.0,"turns":4.0},{"damage":20.0,"enemies":"Snecko","floor":24.0,"turns":4.0},{"damage":6.0,"enemies":"3 Cultists","floor":28.0,"turns":5.0},{"damage":27.0,"enemies":"Book of Stabbing","floor":29.0,"turns":6.0},{"damage":11,"enemies":"Chosen and Byrds","floor":30,"turns":6},{"damage":11,"enemies":"Snecko","floor":31,"turns":6},{"damage":68,"enemies":"Collector","floor":33,"turns":6}],"seed_played":"-9098597564304164494","potions_obtained":[{"floor":2.0,"key":"SteroidPotion"},{"floor":7.0,"key":"SkillPotion"},{"floor":8.0,"key":"Explosive Potion"},{"floor":16.0,"key":"Block Potion"},{"floor":18.0,"key":"Block Potion"},{"floor":30,"key":"FairyPotion"},{"floor":31,"key":"GamblersBrew"}],"is_trial":false,"path_per_floor":["M","M","$","?","M","R","M","E","T","R","$","?","E","M","R","B",null,"M","$","?","$","M","R","M","R","T","?","M","E","M","M","R","B"],"character_chosen":"THE_SILENT","items_purchased":["Discovery","Slice","Footwork","Mind Blast","Envenom","Deadly Poison","Discovery"],"campfire_rested":5,"item_purchase_floors":[3,3,3,11,19,19,19],"current_hp_per_floor":[70,62,62,62,62,62,50,35,35,58,58,43,13,1,24,8,77,61,61,61,61,36,59,39,62,62,62,56,29,18,7,30,0],"gold":183,"neow_bonus":"HUNDRED_GOLD","is_prod":false,"is_daily":false,"chose_seed":false,"campfire_upgraded":1,"win_rate":0,"timestamp":1564762707,"path_taken":["M","?","$","?","M","R","M","E","T","R","$","?","E","M","R","BOSS","M","$","?","$","M","R","M","R","T","?","M","E","?","?","R","BOSS"],"build_version":"2019-07-17","purchased_purges":0,"victory":false,"max_hp_per_floor":[70,70,70,70,70,70,70,77,77,77,77,77,77,77,77,77,77,77,77,77,77,77,77,77,77,77,77,77,77,77,77,77,77],"card_choices":[{"not_picked":["Cloak And Dagger","Heel Hook"],"picked":"PiercingWail","floor":1.0},{"not_picked":["Finisher","Quick Slash"],"picked":"Backflip","floor":2.0},{"not_picked":["PiercingWail","Deadly Poison"],"picked":"Noxious Fumes","floor":5.0},{"not_picked":["Flying Knee","Reflex"],"picked":"Accuracy","floor":7.0},{"not_picked":["Riddle With Holes","Eviscerate"],"picked":"Setup","floor":8.0},{"not_picked":["Blade Dance","Dash"],"picked":"Slice","floor":13.0},{"not_picked":["Heel Hook","Unload","Quick Slash"],"picked":"Deadly Poison","floor":14.0},{"not_picked":["Doppelganger","Storm of Steel","Wraith Form v2"],"picked":"A Thousand Cuts","floor":16.0},{"not_picked":["Dagger Throw+1","Setup","Prepared"],"picked":"Deflect","floor":18.0},{"not_picked":["Dash","Backflip","Deflect"],"picked":"Infinite Blades","floor":22.0},{"not_picked":["Cloak And Dagger+1","Tactician","Dodge and Roll"],"picked":"Deflect","floor":24.0},{"not_picked":["Flying Knee","Calculated Gamble","Riddle With Holes"],"picked":"Prepared","floor":28.0},{"not_picked":["Calculated Gamble","All Out Attack","Riddle With Holes+1"],"picked":"Leg Sweep+1","floor":29.0},{"not_picked":["Slice","Footwork","Blade Dance+1"],"picked":"Cloak And Dagger","floor":30},{"not_picked":["Deadly Poison","Distraction","Dagger Throw"],"picked":"Backflip","floor":31}],"player_experience":272833,"relics_obtained":[{"floor":8.0,"key":"Strawberry"},{"floor":9.0,"key":"Pen Nib"},{"floor":13.0,"key":"Question Card"},{"floor":26.0,"key":"Ornamental Fan"},{"floor":29.0,"key":"Pocketwatch"}],"event_choices":[{"damage_healed":0.0,"max_hp_gain":0.0,"max_hp_loss":0.0,"gold_gain":0.0,"event_name":"Golden Idol","player_choice":"Take Wound","floor":4.0,"gold_loss":0.0,"damage_taken":0.0,"relics_obtained":["Golden Idol"],"cards_obtained":["Injury"]},{"damage_healed":0.0,"max_hp_gain":0.0,"max_hp_loss":0.0,"gold_gain":0.0,"event_name":"Shining Light","player_choice":"Entered Light","floor":12.0,"gold_loss":0.0,"damage_taken":15.0,"cards_upgraded":["Defend_G","Slice"]},{"cards_removed":["Injury"],"damage_healed":0.0,"max_hp_gain":0.0,"max_hp_loss":0.0,"gold_gain":0.0,"event_name":"Back to Basics","player_choice":"Elegance","floor":20.0,"gold_loss":0.0,"damage_taken":0.0},{"damage_healed":0.0,"max_hp_gain":0.0,"max_hp_loss":0.0,"gold_gain":0.0,"event_name":"Duplicator","player_choice":"Copied","floor":27.0,"gold_loss":0.0,"damage_taken":0.0,"cards_obtained":["Discovery"]}],"is_beta":false,"boss_relics":[{"not_picked":["Sozu","Coffee Dripper"],"picked":"Pandora\u0027s Box"}],"items_purged_floors":[],"is_endless":false,"potions_floor_spawned":[2,7,8,16,18,30,31],"killed_by":"Collector","ascension_level":1}