{"gold_per_floor":[113,125,200,210,229,229,33,33,33,33,33,33,62,62,62,157,157,157],"floor_reached":18,"playtime":1342,"items_purged":[],"score":256,"play_id":"61aeabf8-7bd9-4838-bf12-0008363ab7ca","local_time":"20180911011618","is_ascension_mode":true,"campfire_choices":[{"data":"Neutralize","floor":6.0,"key":"SMITH"},{"data":"Defend_G","floor":8.0,"key":"SMITH"},{"data":"Slice","floor":12.0,"key":"SMITH"},{"data":"Noxious Fumes","floor":15.0,"key":"SMITH"}],"neow_cost":"","seed_source_timestamp":0,"circlet_count":0,"master_deck":["Survivor","Neutralize+1","Quick Slash","Slice+1","Slice","Violence","Noxious Fumes+1","Noxious Fumes","Parasite","A Thousand Cuts","Deflect","Dagger Spray","Acrobatics","Sucker Punch","Backflip","Crippling Poison","Poisoned Stab","Blur","Riddle With Holes","Sucker Punch"],"special_seed":0,"relics":["Ring of the Snake","FossilizedHelix","Thread and Needle","Darkstone Periapt","Pandora\u0027s Box"],"potions_floor_usage":[],"damage_taken":[{"damage":4.0,"enemies":"Small Slimes","floor":1.0,"turns":4.0},{"damage":6.0,"enemies":"Cultist","floor":2.0,"turns":5.0},{"damage":1.0,"enemies":"Jaw Worm","floor":4.0,"turns":4.0},{"damage":3.0,"enemies":"Looter","floor":5.0,"turns":3.0},{"damage":0.0,"enemies":"Gremlin Nob","floor":13.0,"turns":5.0},{"damage":0.0,"enemies":"Hexaghost","floor":16.0,"turns":10.0},{"damage":0,"enemies":"Shell Parasite","floor":18,"turns":1}],"seed_played":"-6361453338003089034","potions_obtained":[{"floor":2.0,"key":"EssenceOfSteel"},{"floor":5.0,"key":"GhostInAJar"},{"floor":16.0,"key":"FearPotion"}],"is_trial":false,"path_per_floor":["M","M","?","M","M","R","$","R","T","?","?","R","E","?","R","B",null],"character_chosen":"THE_SILENT","items_purchased":["Violence"],"campfire_rested":0,"item_purchase_floors":[7],"current_hp_per_floor":[66,60,53,52,49,49,49,49,49,49,46,46,46,69,69,69,76,76],"gold":157,"neow_bonus":"","is_prod":false,"is_daily":false,"chose_seed":false,"campfire_upgraded":4,"win_rate":0,"timestamp":1536599778,"path_taken":["M","M","?","M","M","R","$","R","T","?","?","R","E","?","R","BOSS","M"],"build_version":"2018-09-06","purchased_purges":0,"victory":false,"max_hp_per_floor":[70,70,70,70,70,70,70,70,70,70,70,70,70,76,76,76,76,76],"card_choices":[{"not_picked":["Blade Dance","Dagger Spray"],"picked":"Quick Slash","floor":1.0},{"not_picked":["PiercingWail","Calculated Gamble"],"picked":"Slice","floor":2.0},{"not_picked":["Blade Dance","Eviscerate"],"picked":"Slice","floor":4.0},{"not_picked":["Bane","Poisoned Stab","Flying Knee"],"picked":"SKIP","floor":5.0},{"not_picked":["Deadly Poison","Unload"],"picked":"Noxious Fumes","floor":13.0},{"not_picked":["Adrenaline","Night Terror"],"picked":"A Thousand Cuts","floor":16.0}],"player_experience":107328,"relics_obtained":[{"floor":9.0,"key":"FossilizedHelix"},{"floor":13.0,"key":"Darkstone Periapt"}],"event_choices":[{"event_name":"FaceTrader","player_choice":"Touch","floor":3.0,"damage_taken":0.0},{"event_name":"Match and Keep!","player_choice":"1 cards matched","floor":10.0,"damage_taken":0.0},{"event_name":"Match and Keep!","player_choice":"1 cards matched","floor":10.0,"damage_taken":0.0},{"event_name":"Scrap Ooze","player_choice":"success","floor":11.0,"damage_taken":3.0},{"event_name":"Mushrooms","player_choice":"Healed and dodged fight","floor":14.0,"damage_taken":0.0}],"is_beta":false,"boss_relics":[{"not_picked":["Philosopher\u0027s Stone","Calling Bell"],"picked":"Pandora\u0027s Box"}],"items_purged_floors":[],"is_endless":false,"potions_floor_spawned":[2,5,16],"killed_by":"Shell Parasite","ascension_level":2}