{"gold_per_floor":[118,20,31,106,117,117,175,175,224,224],"floor_reached":10,"playtime":647,"items_purged":[],"score":78,"play_id":"082290bd-d638-41d4-9209-508fcdd21b9c","local_time":"20190821194102","is_ascension_mode":true,"campfire_choices":[{"floor":6,"key":"REST"}],"neow_cost":"PERCENT_DAMAGE","seed_source_timestamp":35283646207273,"circlet_count":0,"master_deck":["Strike_B","Strike_B","Strike_B","Strike_B","Defend_B","Defend_B","Defend_B","Defend_B","Zap","Dualcast","Loop","Cold Snap","Compile Driver"],"relics":["Cracked Core","Peace Pipe","Smiling Mask","Golden Idol","Anchor"],"potions_floor_usage":[7,10],"damage_taken":[{"damage":7,"enemies":"Jaw Worm","floor":1,"turns":4},{"damage":0,"enemies":"2 Louse","floor":3,"turns":3},{"damage":0,"enemies":"Small Slimes","floor":5,"turns":3},{"damage":17,"enemies":"Gremlin Nob","floor":7,"turns":4},{"damage":19,"enemies":"Lagavulin","floor":10,"turns":5}],"seed_played":"-6627801826781146825","potions_obtained":[{"floor":1,"key":"FearPotion"},{"floor":7,"key":"Explosive Potion"}],"is_trial":false,"path_per_floor":["M","$","M","?","M","R","?","?","T","E"],"character_chosen":"DEFECT","items_purchased":["Loop","Cold Snap"],"campfire_rested":1,"item_purchase_floors":[2,2],"current_hp_per_floor":[43,43,43,32,32,54,37,19,19,0],"gold":224,"neow_bonus":"ONE_RARE_RELIC","is_prod":false,"is_daily":false,"chose_seed":false,"campfire_upgraded":0,"win_rate":0,"timestamp":1566412862,"path_taken":["M","$","M","?","M","R","?","?","T","E"],"build_version":"2019-07-17","purchased_purges":0,"victory":false,"max_hp_per_floor":[75,75,75,75,75,75,75,75,75,75],"card_choices":[{"not_picked":["Doom and Gloom","Aggregate","Scrape"],"picked":"SKIP","floor":1},{"not_picked":["Sweeping Beam","Leap","Barrage"],"picked":"SKIP","floor":3},{"not_picked":["Rebound","Leap","Sweeping Beam"],"picked":"SKIP","floor":5},{"not_picked":["Static Discharge","Aggregate"],"picked":"Compile Driver","floor":7}],"player_experience":494943,"relics_obtained":[{"floor":7,"key":"Smiling Mask"},{"floor":9,"key":"Anchor"}],"event_choices":[{"damage_healed":0,"gold_gain":75,"player_choice":"Gather Gold","damage_taken":11,"max_hp_gain":0,"max_hp_loss":0,"event_name":"World of Goop","floor":4,"gold_loss":0},{"damage_healed":0,"gold_gain":0,"player_choice":"Searched \u00271\u0027 times","damage_taken":0,"max_hp_gain":0,"max_hp_loss":0,"event_name":"Dead Adventurer","floor":7,"gold_loss":0},{"damage_healed":0,"gold_gain":0,"player_choice":"Take Damage","damage_taken":18,"relics_obtained":["Golden Idol"],"max_hp_gain":0,"max_hp_loss":0,"event_name":"Golden Idol","floor":8,"gold_loss":0}],"is_beta":false,"boss_relics":[],"items_purged_floors":[],"is_endless":false,"potions_floor_spawned":[1,7],"killed_by":"Lagavulin","ascension_level":8}