{"gold_per_floor":[167,13,13,13,27,43,43,83,95,120,132,15,15,38,38,167,167,183,83,83,103,13,13,44,44,115,134,134],"floor_reached":28,"playtime":1130,"items_purged":["Strike_B","Strike_B"],"score":332,"play_id":"432a8d8b-08ed-4520-ac0d-7dd1bd586e08","local_time":"20190128110423","is_ascension_mode":true,"campfire_choices":[{"data":"Conserve Battery","floor":7,"key":"SMITH"},{"floor":15,"key":"REST"},{"floor":23,"key":"REST"},{"data":"Conserve Battery","floor":25,"key":"SMITH"}],"neow_cost":"NONE","seed_source_timestamp":4633531414231561,"circlet_count":0,"master_deck":["Defend_B","Defend_B","Defend_B","Defend_B+1","Zap","Dualcast","Conserve Battery+1","Redo+1","Gash","Rebound","Gash","Redo","Defragment","Conserve Battery","Defragment","Conserve Battery+1","Electrodynamics","Writhe","Undo"],"relics":["Tiny House","Golden Idol","MawBank","Pear","Busted Crown","Orichalcum","Happy Flower","Gremlin Horn"],"potions_floor_usage":[10,14,16,16,27,28],"damage_taken":[{"damage":6,"enemies":"Small Slimes","floor":1,"turns":4},{"damage":2,"enemies":"2 Louse","floor":5,"turns":3},{"damage":0,"enemies":"Cultist","floor":6,"turns":2},{"damage":24,"enemies":"Lagavulin","floor":8,"turns":8},{"damage":19,"enemies":"Exordium Thugs","floor":10,"turns":5},{"damage":8,"enemies":"Exordium Wildlife","floor":14,"turns":8},{"damage":22,"enemies":"The Guardian","floor":16,"turns":14},{"damage":16,"enemies":"Shell Parasite","floor":18,"turns":5},{"damage":29,"enemies":"Chosen","floor":21,"turns":7},{"damage":16,"enemies":"Gremlin Leader","floor":24,"turns":6},{"damage":10,"enemies":"Centurion and Healer","floor":27,"turns":7},{"damage":31,"enemies":"Snake Plant","floor":28,"turns":4}],"seed_played":"2897268806622342171","potions_obtained":[{"floor":0,"key":"Strength Potion"},{"floor":1,"key":"Strength Potion"},{"floor":6,"key":"Dexterity Potion"},{"floor":10,"key":"Ancient Potion"},{"floor":16,"key":"Strength Potion"},{"floor":21,"key":"Swift Potion"},{"floor":27,"key":"AttackPotion"}],"is_trial":false,"path_per_floor":["M","$","?","?","M","M","R","E","T","M","$","$","?","M","R","B",null,"M","$","?","M","?","R","E","R","T","M","M"],"character_chosen":"DEFECT","items_purchased":["Gash","Rebound","Conserve Battery","Defragment"],"campfire_rested":2,"item_purchase_floors":[2,2,12,12],"current_hp_per_floor":[67,67,47,47,45,45,45,21,31,12,12,12,12,4,31,9,70,54,54,54,25,25,52,36,36,36,26,0],"gold":134,"neow_bonus":"BOSS_RELIC","is_prod":false,"is_daily":false,"chose_seed":false,"campfire_upgraded":2,"win_rate":0,"timestamp":1548691463,"path_taken":["M","$","?","?","?","M","R","E","T","M","?","$","?","M","R","BOSS","M","$","?","M","?","R","E","R","T","?","M"],"build_version":"2019-01-23","purchased_purges":2,"victory":false,"max_hp_per_floor":[80,80,80,80,80,80,80,80,90,90,90,90,90,90,90,90,90,90,90,90,90,90,90,90,90,90,90,90],"card_choices":[{"not_picked":["Skim","Turbo"],"picked":"Conserve Battery","floor":0},{"not_picked":["Compile Driver","Turbo"],"picked":"Redo","floor":1},{"not_picked":["Redo","Turbo"],"picked":"Gash","floor":5},{"not_picked":["Hologram","Undo"],"picked":"Redo","floor":6},{"not_picked":["Steam","Skim"],"picked":"Defragment","floor":8},{"not_picked":["Ball Lightning","Recycle","Beam Cell"],"picked":"SKIP","floor":10},{"not_picked":["Skim","White Noise"],"picked":"Conserve Battery","floor":14},{"not_picked":["Echo Form","Reboot"],"picked":"Electrodynamics","floor":16},{"not_picked":["Lockon+1"],"picked":"SKIP","floor":18},{"not_picked":[],"picked":"Undo","floor":21},{"not_picked":["Consume"],"picked":"SKIP","floor":24},{"not_picked":["Hello World"],"picked":"SKIP","floor":27}],"player_experience":358244,"relics_obtained":[{"floor":8,"key":"MawBank"},{"floor":9,"key":"Pear"},{"floor":24,"key":"Happy Flower"},{"floor":26,"key":"Gremlin Horn"}],"event_choices":[{"damage_healed":0,"gold_gain":0,"player_choice":"Take Damage","damage_taken":20,"relics_obtained":["Golden Idol"],"max_hp_gain":0,"max_hp_loss":0,"event_name":"Golden Idol","floor":3,"gold_loss":0},{"cards_removed":["Strike_B"],"damage_healed":0,"gold_gain":0,"player_choice":"Offered Basic","damage_taken":0,"max_hp_gain":0,"max_hp_loss":0,"event_name":"Bonfire Elementals","floor":4,"gold_loss":0},{"damage_healed":0,"gold_gain":0,"player_choice":"Ignored","damage_taken":0,"max_hp_gain":0,"max_hp_loss":0,"event_name":"Shining Light","floor":13,"gold_loss":0},{"damage_healed":0,"gold_gain":0,"player_choice":"Opened","damage_taken":0,"relics_obtained":["Orichalcum"],"max_hp_gain":0,"max_hp_loss":0,"event_name":"The Mausoleum","floor":20,"gold_loss":0,"cards_obtained":["Writhe"]},{"cards_removed":["Strike_B"],"damage_healed":0,"gold_gain":0,"player_choice":"Upgrade and Remove","damage_taken":0,"max_hp_gain":0,"max_hp_loss":0,"event_name":"Designer","floor":22,"gold_loss":90,"cards_upgraded":["Redo"]}],"is_beta":false,"boss_relics":[{"not_picked":["Empty Cage","Orrery"],"picked":"Busted Crown"}],"items_purged_floors":[2,19],"is_endless":false,"potions_floor_spawned":[1,6,10,16,21,27],"killed_by":"Snake Plant","ascension_level":6}