{"gold_per_floor":[109,34,53,53,53,86,86,103,103,103,53,70,81,107,119,131],"floor_reached":16,"playtime":4689,"items_purged":["Defend_R"],"score":132,"play_id":"cad5c837-19e3-411f-bb2e-ec3c143b53a4","local_time":"20190818033100","is_ascension_mode":true,"campfire_choices":[{"floor":7,"key":"REST"},{"data":"Flame Barrier","floor":10,"key":"SMITH"},{"floor":15,"key":"REST"}],"neow_cost":"NONE","seed_source_timestamp":2177275091857700,"circlet_count":0,"master_deck":["Strike_R","Strike_R","Strike_R","Strike_R","Defend_R","Defend_R","Bash","Flame Barrier+1","Shrug It Off","Infernal Blade","Barricade"],"relics":["Burning Blood","Self Forming Clay","Mummified Hand","MawBank"],"potions_floor_usage":[6,16],"damage_taken":[{"damage":3,"enemies":"Jaw Worm","floor":1,"turns":5},{"damage":10,"enemies":"Small Slimes","floor":3,"turns":4},{"damage":64,"enemies":"Lagavulin","floor":6,"turns":9},{"damage":18,"enemies":"Cultist","floor":8,"turns":6},{"damage":0,"enemies":"Gremlin Gang","floor":12,"turns":8},{"damage":8,"enemies":"Blue Slaver","floor":13,"turns":4},{"damage":37,"enemies":"Gremlin Nob","floor":14,"turns":6},{"damage":59,"enemies":"Slime Boss","floor":16,"turns":19}],"seed_played":"5352412573004057655","potions_obtained":[{"floor":1,"key":"Regen Potion"},{"floor":6,"key":"SpeedPotion"},{"floor":12,"key":"SmokeBomb"}],"is_trial":false,"path_per_floor":["M","$","M","?","?","E","R","M","T","R","?","M","M","E","R","B"],"character_chosen":"IRONCLAD","items_purchased":[],"campfire_rested":2,"item_purchase_floors":[],"current_hp_per_floor":[88,88,84,77,82,39,66,54,54,54,54,60,58,27,54,0],"gold":131,"neow_bonus":"TEN_PERCENT_HP_BONUS","is_prod":false,"is_daily":false,"chose_seed":false,"campfire_upgraded":1,"win_rate":0,"timestamp":1566070260,"path_taken":["M","$","M","?","?","E","R","M","T","R","?","M","M","E","R","BOSS"],"build_version":"2019-07-17","purchased_purges":1,"victory":false,"max_hp_per_floor":[88,88,88,88,93,93,93,93,93,93,93,93,93,93,93,93],"card_choices":[{"not_picked":["Sentinel","Clash"],"picked":"Flame Barrier","floor":1},{"not_picked":["Sword Boomerang","Flex","True Grit"],"picked":"SKIP","floor":3},{"not_picked":["Flex","Headbutt"],"picked":"Shrug It Off","floor":6},{"not_picked":["Evolve","Uppercut","Shrug It Off"],"picked":"SKIP","floor":8},{"not_picked":["Intimidate","Havoc"],"picked":"Infernal Blade","floor":12},{"not_picked":["Feel No Pain","Clash","Flex"],"picked":"SKIP","floor":13},{"not_picked":["Metallicize","Armaments"],"picked":"Barricade","floor":14}],"player_experience":723139,"relics_obtained":[{"floor":6,"key":"Self Forming Clay"},{"floor":9,"key":"Mummified Hand"},{"floor":14,"key":"MawBank"}],"event_choices":[{"cards_removed":["Strike_R"],"damage_healed":0,"gold_gain":0,"player_choice":"Card Removal","damage_taken":7,"max_hp_gain":0,"max_hp_loss":0,"event_name":"Golden Wing","floor":4,"gold_loss":0},{"damage_healed":0,"gold_gain":0,"player_choice":"Donut","damage_taken":0,"max_hp_gain":5,"max_hp_loss":0,"event_name":"Big Fish","floor":5,"gold_loss":0},{"cards_removed":["Defend_R"],"damage_healed":0,"gold_gain":0,"player_choice":"Card Removal","damage_taken":0,"max_hp_gain":0,"max_hp_loss":0,"event_name":"The Cleric","floor":11,"gold_loss":50}],"is_beta":false,"boss_relics":[],"items_purged_floors":[2],"is_endless":false,"potions_floor_spawned":[1,6,12],"killed_by":"Slime Boss","ascension_level":4}