{"gold_per_floor":[110,110,60,70,170,170,25,25,25,39,39,39,52,127,127,229,279,297,34,34,48,48,83,83,106,106,106,106,126,144,156,156,256,256,267,35,54,68,3,3,3,13,37,37,52,152,152,172,172,172],"floor_reached":51,"playtime":4713,"items_purged":[],"score":941,"play_id":"6a33e3d5-c33f-4a5c-b479-2ca7994333d6","local_time":"20190821223718","is_ascension_mode":true,"campfire_choices":[{"data":"Zap","floor":6,"key":"SMITH"},{"data":"Leap","floor":8,"key":"SMITH"},{"data":"White Noise","floor":11,"key":"SMITH"},{"floor":15,"key":"REST"},{"data":"Coolheaded","floor":24,"key":"SMITH"},{"data":"Loop","floor":27,"key":"SMITH"},{"floor":32,"key":"REST"},{"floor":40,"key":"REST"},{"floor":44,"key":"REST"},{"floor":47,"key":"REST"},{"floor":49,"key":"REST"}],"neow_cost":"NONE","seed_source_timestamp":41760492639261,"circlet_count":0,"master_deck":["Strike_B+1","Strike_B+1","Strike_B+1","Defend_B+1","Defend_B+1","Defend_B+1","Defend_B+1","Zap+1","Dualcast","White Noise+1","Leap+1","Loop+1","Biased Cognition+1","Coolheaded+1","Coolheaded+1","Go for the Eyes","Barrage+1","Chill","All For One","Gash+1","Cold Snap+1","Consume","Melter","Hologram+1","Defragment+1","Gash","Loop+1","Ball Lightning+1","Ball Lightning+1"],"relics":["Cracked Core","DataDisk","Mummified Hand","Tiny House","Runic Capacitor","Matryoshka","Orichalcum","Pen Nib","The Courier","Dream Catcher","Lizard Tail","Emotion Chip","Anchor","Pocketwatch"],"potions_floor_usage":[13,18,21,23,33,37,37,41,42,42,50],"damage_taken":[{"damage":11,"enemies":"Jaw Worm","floor":1,"turns":4},{"damage":0,"enemies":"2 Louse","floor":4,"turns":2},{"damage":0,"enemies":"Cultist","floor":10,"turns":3},{"damage":3,"enemies":"Large Slime","floor":13,"turns":4},{"damage":33,"enemies":"The Guardian","floor":16,"turns":12},{"damage":3,"enemies":"3 Byrds","floor":18,"turns":6},{"damage":0,"enemies":"Spheric Guardian","floor":21,"turns":4},{"damage":0,"enemies":"Gremlin Leader","floor":23,"turns":4},{"damage":3,"enemies":"3 Cultists","floor":29,"turns":5},{"damage":10,"enemies":"Shelled Parasite and Fungi","floor":30,"turns":4},{"damage":6,"enemies":"Snake Plant","floor":31,"turns":4},{"damage":80,"enemies":"Automaton","floor":33,"turns":13},{"damage":5,"enemies":"3 Darklings","floor":35,"turns":4},{"damage":19,"enemies":"3 Shapes","floor":37,"turns":3},{"damage":0,"enemies":"Maw","floor":38,"turns":7},{"damage":0,"enemies":"Jaw Worm Horde","floor":41,"turns":1},{"damage":18,"enemies":"Writhing Mass","floor":42,"turns":8},{"damage":1,"enemies":"4 Shapes","floor":45,"turns":6},{"damage":15,"enemies":"Mind Bloom Boss Battle","floor":46,"turns":6},{"damage":10,"enemies":"Sphere and 2 Shapes","floor":48,"turns":5},{"damage":29,"enemies":"Donu and Deca","floor":50,"turns":9}],"seed_played":"-4057429078375907449","potions_obtained":[{"floor":4,"key":"AttackPotion"},{"floor":13,"key":"FairyPotion"},{"floor":16,"key":"Fire Potion"},{"floor":17,"key":"Dexterity Potion"},{"floor":18,"key":"Poison Potion"},{"floor":20,"key":"FocusPotion"},{"floor":20,"key":"AttackPotion"},{"floor":31,"key":"LiquidBronze"},{"floor":33,"key":"EntropicBrew"},{"floor":37,"key":"Energy Potion"},{"floor":38,"key":"Explosive Potion"},{"floor":45,"key":"Weak Potion"},{"floor":48,"key":"Swift Potion"}],"is_trial":false,"path_per_floor":["M","?","?","M","?","R","$","R","T","M","R","$","M","?","R","B",null,"M","$","?","M","?","E","R","T","T","R","$","M","M","M","R","B",null,"M","$","M","M","$","R","M","M","T","R","M","?","R","M","R","B",null],"character_chosen":"DEFECT","items_purchased":["DataDisk","Go for the Eyes","Runic Capacitor","Emotion Chip","Melter"],"campfire_rested":6,"item_purchase_floors":[7,19,19,36,39],"current_hp_per_floor":[64,69,69,69,69,69,69,69,69,69,69,69,66,55,81,48,82,79,79,79,79,79,79,79,79,79,79,79,76,66,60,87,7,71,66,66,47,47,47,74,74,56,56,83,82,67,92,82,92,63],"gold":172,"neow_bonus":"TEN_PERCENT_HP_BONUS","is_prod":false,"is_daily":false,"chose_seed":false,"campfire_upgraded":5,"win_rate":0,"timestamp":1566423438,"path_taken":["M","?","?","M","?","R","$","R","T","M","R","$","?","?","R","BOSS","M","$","?","?","?","E","R","?","T","R","$","M","M","M","R","BOSS","M","$","M","M","$","R","M","M","T","R","M","?","R","M","R","BOSS"],"build_version":"2019-07-17","purchased_purges":0,"victory":true,"max_hp_per_floor":[82,87,87,87,87,87,87,87,87,87,87,87,87,87,87,87,92,92,92,92,92,92,92,92,92,92,92,92,92,92,92,92,92,92,92,92,92,92,92,92,92,92,92,92,92,92,92,92,92,92],"card_choices":[{"not_picked":["Stack","Conserve Battery"],"picked":"White Noise","floor":1},{"not_picked":["Force Field","Steam"],"picked":"Leap","floor":4},{"not_picked":["Hologram","Storm","Beam Cell"],"picked":"SKIP","floor":10},{"not_picked":["Compile Driver","Go for the Eyes"],"picked":"Loop","floor":13},{"not_picked":["Buffer","Reboot"],"picked":"Biased Cognition","floor":16},{"not_picked":["Stack","Leap"],"picked":"Coolheaded","floor":17},{"not_picked":["Sunder","Turbo+1"],"picked":"Coolheaded+1","floor":18},{"not_picked":["Chaos","Stack","Rebound"],"picked":"SKIP","floor":21},{"not_picked":["Storm","Fusion"],"picked":"Barrage+1","floor":23},{"not_picked":["Turbo","Rebound"],"picked":"Chill","floor":29},{"not_picked":["Capacitor","Steam","Rebound"],"picked":"SKIP","floor":30},{"not_picked":["Redo","Barrage","Conserve Battery"],"picked":"SKIP","floor":31},{"not_picked":["Multi-Cast","Core Surge"],"picked":"All For One","floor":33},{"not_picked":["Self Repair+1","Conserve Battery"],"picked":"Gash+1","floor":35},{"not_picked":["Streamline","Fusion"],"picked":"Cold Snap+1","floor":37},{"not_picked":["Turbo","Redo"],"picked":"Consume","floor":38},{"not_picked":["Barrage","Conserve Battery"],"picked":"Hologram+1","floor":40},{"not_picked":["Steam Power","Streamline+1","Sunder+1"],"picked":"SKIP","floor":42},{"not_picked":["Capacitor","Compile Driver+1"],"picked":"Defragment+1","floor":44},{"not_picked":["Multi-Cast","Go for the Eyes"],"picked":"Gash","floor":45},{"not_picked":["Cold Snap+1","Sweeping Beam+1"],"picked":"Loop+1","floor":46},{"not_picked":["Coolheaded+1","Aggregate"],"picked":"Ball Lightning+1","floor":47},{"not_picked":["Hologram","Doom and Gloom+1"],"picked":"Ball Lightning+1","floor":48}],"player_experience":501365,"relics_obtained":[{"floor":9,"key":"Mummified Hand"},{"floor":23,"key":"Matryoshka"},{"floor":25,"key":"Orichalcum"},{"floor":25,"key":"Pen Nib"},{"floor":26,"key":"The Courier"},{"floor":26,"key":"Dream Catcher"},{"floor":43,"key":"Anchor"},{"floor":46,"key":"Pocketwatch"}],"event_choices":[{"damage_healed":0,"gold_gain":0,"player_choice":"Donut","damage_taken":0,"max_hp_gain":5,"max_hp_loss":0,"event_name":"Big Fish","floor":2,"gold_loss":0},{"cards_removed":["Strike_B"],"damage_healed":0,"gold_gain":0,"player_choice":"Card Removal","damage_taken":0,"max_hp_gain":0,"max_hp_loss":0,"event_name":"The Cleric","floor":3,"gold_loss":50},{"damage_healed":0,"gold_gain":100,"player_choice":"Gold","damage_taken":0,"max_hp_gain":0,"max_hp_loss":0,"event_name":"Wheel of Change","floor":5,"gold_loss":0},{"damage_healed":0,"gold_gain":75,"player_choice":"Gather Gold","damage_taken":11,"max_hp_gain":0,"max_hp_loss":0,"event_name":"World of Goop","floor":14,"gold_loss":0},{"damage_healed":0,"gold_gain":0,"player_choice":"Got Potions","damage_taken":0,"max_hp_gain":0,"max_hp_loss":0,"event_name":"Lab","floor":20,"gold_loss":0},{"damage_healed":0,"gold_gain":0,"player_choice":"Simplicity","damage_taken":0,"max_hp_gain":0,"max_hp_loss":0,"event_name":"Back to Basics","floor":22,"gold_loss":0,"cards_upgraded":["Strike_B","Strike_B","Strike_B","Defend_B","Defend_B","Defend_B","Defend_B"]},{"damage_healed":0,"gold_gain":0,"player_choice":"Fight","damage_taken":0,"max_hp_gain":0,"max_hp_loss":0,"event_name":"MindBloom","floor":46,"gold_loss":0}],"is_beta":false,"boss_relics":[{"not_picked":["FrozenCore","White Beast Statue"],"picked":"Tiny House"},{"not_picked":["Runic Pyramid","Coffee Dripper"],"picked":"Lizard Tail"}],"items_purged_floors":[],"is_endless":false,"potions_floor_spawned":[4,13,16,18,31,33,37,38,45,48],"ascension_level":9}