{"gold_per_floor":[115,131,146,157,157,157,168,183,183,202,202,216,391,391,391,391],"floor_reached":16,"playtime":721,"items_purged":[],"score":115,"play_id":"eaa54dfc-05ad-4f3f-96a5-74e0a3a48dca","local_time":"20190114213931","is_ascension_mode":true,"campfire_choices":[{"data":"White Noise","floor":6,"key":"SMITH"},{"data":"Conserve Battery","floor":11,"key":"SMITH"},{"data":"Conserve Battery","floor":15,"key":"SMITH"}],"neow_cost":"TEN_PERCENT_HP_LOSS","seed_source_timestamp":3462401360149952,"circlet_count":0,"master_deck":["Strike_B","Strike_B","Strike_B","Defend_B","Defend_B","Defend_B","Zap","Dualcast","Steam","Chill","Cold Snap","Gash","White Noise+1","Conserve Battery+1","Coolheaded","Conserve Battery+1","Consume","Doubt"],"relics":["Cracked Core","Pocketwatch","Golden Idol"],"potions_floor_usage":[16],"damage_taken":[{"damage":0,"enemies":"Small Slimes","floor":1,"turns":3},{"damage":0,"enemies":"2 Louse","floor":2,"turns":2},{"damage":0,"enemies":"Jaw Worm","floor":3,"turns":3},{"damage":3,"enemies":"2 Fungi Beasts","floor":4,"turns":3},{"damage":1,"enemies":"Exordium Thugs","floor":7,"turns":5},{"damage":4,"enemies":"Looter","floor":8,"turns":3},{"damage":3,"enemies":"Blue Slaver","floor":10,"turns":3},{"damage":6,"enemies":"Large Slime","floor":12,"turns":6},{"damage":59,"enemies":"Hexaghost","floor":16,"turns":16}],"seed_played":"-1258033090701105469","potions_obtained":[{"floor":1,"key":"FearPotion"},{"floor":2,"key":"Strength Potion"},{"floor":10,"key":"Regen Potion"}],"is_trial":false,"path_per_floor":["M","M","M","M","?","R","M","M","T","M","R","M","?","?","R","B"],"character_chosen":"DEFECT","items_purchased":[],"campfire_rested":0,"item_purchase_floors":[],"current_hp_per_floor":[68,68,68,65,70,70,69,65,65,62,62,56,56,38,38,0],"gold":391,"neow_bonus":"TRANSFORM_TWO_CARDS","is_prod":false,"is_daily":false,"chose_seed":false,"campfire_upgraded":3,"win_rate":0,"timestamp":1547519971,"path_taken":["M","M","M","M","?","R","M","M","T","M","R","M","?","?","R","BOSS"],"build_version":"2019-01-10","purchased_purges":0,"victory":false,"max_hp_per_floor":[68,68,68,68,73,73,73,73,73,73,73,73,73,73,73,73],"card_choices":[{"not_picked":["Storm","Steam","Auto Shields"],"picked":"SKIP","floor":1},{"not_picked":["Rebound","Beam Cell"],"picked":"Cold Snap","floor":2},{"not_picked":["Conserve Battery","Auto Shields"],"picked":"Gash","floor":3},{"not_picked":["Coolheaded","Streamline"],"picked":"White Noise","floor":4},{"not_picked":["Barrage","Redo"],"picked":"Conserve Battery","floor":7},{"not_picked":["Hologram","Streamline"],"picked":"Coolheaded","floor":8},{"not_picked":["Steam","Biased Cognition"],"picked":"Conserve Battery","floor":10},{"not_picked":["Aggregate","Go for the Eyes"],"picked":"Consume","floor":12}],"player_experience":223102,"relics_obtained":[{"floor":9,"key":"Pocketwatch"}],"event_choices":[{"damage_healed":0,"gold_gain":0,"player_choice":"Donut","damage_taken":0,"max_hp_gain":5,"max_hp_loss":0,"event_name":"Big Fish","floor":5,"gold_loss":0},{"damage_healed":0,"gold_gain":175,"player_choice":"AGREE","damage_taken":0,"max_hp_gain":0,"max_hp_loss":0,"event_name":"Liars Game","floor":13,"gold_loss":0,"cards_obtained":["Doubt"]},{"damage_healed":0,"gold_gain":0,"player_choice":"Take Damage","damage_taken":18,"relics_obtained":["Golden Idol"],"max_hp_gain":0,"max_hp_loss":0,"event_name":"Golden Idol","floor":14,"gold_loss":0}],"is_beta":false,"boss_relics":[],"items_purged_floors":[],"is_endless":false,"potions_floor_spawned":[1,2,10,12],"killed_by":"Hexaghost","ascension_level":4}