{"gold_per_floor":[114,114,126,142,40,40,59,79,79,112,123,44,44],"floor_reached":13,"playtime":1274,"items_purged":[],"score":91,"play_id":"6d4a8511-5d53-44e3-8f33-73b2b846e81f","local_time":"20190812152541","is_ascension_mode":true,"campfire_choices":[{"floor":6.0,"key":"RECALL"}],"neow_cost":"NONE","seed_source_timestamp":27413905075423,"circlet_count":0,"master_deck":["Strike_G","Strike_G","Strike_G","Strike_G","Defend_G+1","Defend_G+1","Defend_G","Defend_G","Defend_G","Survivor","Neutralize","Slice","Outmaneuver","Dodge and Roll","Footwork","Poisoned Stab","Deadly Poison","PiercingWail","Bouncing Flask","Setup","Deadly Poison","Slice"],"special_seed":0,"relics":["Ring of the Snake","Mercury Hourglass","War Paint"],"potions_floor_usage":[],"damage_taken":[{"damage":6.0,"enemies":"Jaw Worm","floor":1.0,"turns":7.0},{"damage":3.0,"enemies":"Cultist","floor":3.0,"turns":5.0},{"damage":0.0,"enemies":"Small Slimes","floor":4.0,"turns":3.0},{"damage":28.0,"enemies":"Gremlin Gang","floor":7.0,"turns":7.0},{"damage":7.0,"enemies":"Large Slime","floor":8.0,"turns":8.0},{"damage":31.0,"enemies":"3 Sentries","floor":10.0,"turns":10.0},{"damage":0.0,"enemies":"Blue Slaver","floor":11.0,"turns":3.0},{"damage":2,"enemies":"Lagavulin","floor":13,"turns":2}],"seed_played":"5651983328206710413","potions_obtained":[{"floor":1.0,"key":"Swift Potion"},{"floor":8.0,"key":"Explosive Potion"}],"is_trial":false,"path_per_floor":["M","?","M","M","$","R","M","M","T","E","M","$","E"],"character_chosen":"THE_SILENT","items_purchased":["Footwork","Poisoned Stab","Deadly Poison","Slice"],"campfire_rested":0,"item_purchase_floors":[5,5,12,12],"current_hp_per_floor":[71,71,68,68,68,68,40,33,33,2,2,2,0],"gold":44,"neow_bonus":"TEN_PERCENT_HP_BONUS","is_prod":false,"is_daily":false,"chose_seed":false,"campfire_upgraded":0,"win_rate":0,"timestamp":1565616341,"path_taken":["M","?","M","M","?","R","M","M","T","E","M","$","E"],"build_version":"2019-07-17","purchased_purges":0,"victory":false,"max_hp_per_floor":[77,77,77,77,77,77,77,77,77,77,77,77,77],"card_choices":[{"not_picked":["Catalyst","All Out Attack"],"picked":"Slice","floor":1.0},{"not_picked":["Bane","Leg Sweep"],"picked":"Outmaneuver","floor":3.0},{"not_picked":["Riddle With Holes","Bane"],"picked":"Dodge and Roll","floor":4.0},{"not_picked":["Prepared","Predator"],"picked":"Deadly Poison","floor":7.0},{"not_picked":["Dagger Throw","Choke"],"picked":"PiercingWail","floor":8.0},{"not_picked":["Backstab","Accuracy"],"picked":"Bouncing Flask","floor":10.0},{"not_picked":["Flechettes","Blade Dance"],"picked":"Setup","floor":11.0}],"player_experience":359776,"relics_obtained":[{"floor":9.0,"key":"Mercury Hourglass"},{"floor":10.0,"key":"War Paint"}],"event_choices":[{"cards_removed":["Strike_G"],"damage_healed":0.0,"max_hp_gain":0.0,"max_hp_loss":0.0,"gold_gain":0.0,"event_name":"Purifier","player_choice":"Purged","floor":2.0,"gold_loss":0.0,"damage_taken":0.0}],"is_beta":false,"boss_relics":[],"items_purged_floors":[],"is_endless":false,"potions_floor_spawned":[1,8],"killed_by":"Lagavulin","ascension_level":1}