{"gold_per_floor":[218,228,241,241,241,6,6,30,75,88,102,102,102,117,117,242,242,255,278,278,17,30,30,45,45,99,124,136],"floor_reached":28,"playtime":2586,"items_purged":[],"score":214,"play_id":"116ab8f3-dd20-480f-a65c-2f9e82d57011","local_time":"20190807105407","is_ascension_mode":false,"campfire_choices":[{"floor":7,"key":"REST"},{"floor":13,"key":"REST"},{"floor":15,"key":"REST"},{"floor":23,"key":"REST"},{"floor":25,"key":"REST"}],"neow_cost":"NONE","seed_source_timestamp":9166508651598,"circlet_count":0,"master_deck":["Strike_B","Strike_B","Strike_B","Strike_B","Defend_B","Defend_B","Defend_B","Defend_B","Zap","Dualcast","Capacitor","Capacitor","Gash","Good Instincts","Static Discharge","Stack","Scrape","Steam","Hello World+1","Turbo","Loop","Seek","Coolheaded+1","Beam Cell","Electrodynamics","Gash","Undo","Amplify","Beam Cell","Gash+1"],"relics":["Cracked Core","Golden Idol","Lantern","Inserter","MawBank"],"potions_floor_usage":[16,22,22,22,24,28],"damage_taken":[{"damage":2,"enemies":"2 Louse","floor":1,"turns":4},{"damage":6,"enemies":"Jaw Worm","floor":2,"turns":4},{"damage":7,"enemies":"Cultist","floor":3,"turns":5},{"damage":19,"enemies":"Looter","floor":8,"turns":4},{"damage":15,"enemies":"Gremlin Gang","floor":10,"turns":4},{"damage":27,"enemies":"Exordium Thugs","floor":11,"turns":4},{"damage":18,"enemies":"Exordium Wildlife","floor":14,"turns":5},{"damage":8,"enemies":"Slime Boss","floor":16,"turns":12},{"damage":16,"enemies":"Spheric Guardian","floor":18,"turns":5},{"damage":40,"enemies":"3 Byrds","floor":19,"turns":6},{"damage":10,"enemies":"Centurion and Healer","floor":22,"turns":6},{"damage":16,"enemies":"Cultist and Chosen","floor":24,"turns":6},{"damage":25,"enemies":"3 Cultists","floor":27,"turns":5},{"damage":22,"enemies":"Centurion and Healer","floor":28,"turns":2}],"seed_played":"-9130280251066240117","potions_obtained":[{"floor":2,"key":"Fire Potion"},{"floor":10,"key":"Weak Potion"},{"floor":11,"key":"Swift Potion"},{"floor":19,"key":"FocusPotion"},{"floor":22,"key":"PowerPotion"},{"floor":24,"key":"GamblersBrew"}],"is_trial":false,"path_per_floor":["M","M","M","?","?","$","R","M","T","M","M","?","R","M","R","B",null,"M","M","?","$","M","R","M","R","T","M","M"],"character_chosen":"DEFECT","items_purchased":["Good Instincts","Static Discharge","Stack","Scrape","Electrodynamics","Gash","Undo"],"campfire_rested":5,"item_purchase_floors":[6,6,6,6,21,21,21],"current_hp_per_floor":[73,67,60,60,53,53,75,56,56,41,14,14,36,18,40,32,75,59,19,19,19,9,31,15,37,37,12,0],"gold":136,"neow_bonus":"HUNDRED_GOLD","is_prod":false,"is_daily":false,"chose_seed":false,"campfire_upgraded":0,"win_rate":0.0,"timestamp":1565168047,"path_taken":["M","M","M","?","?","$","R","M","T","M","?","?","R","M","R","BOSS","M","?","?","$","?","R","M","R","T","M","M"],"build_version":"2019-07-17","purchased_purges":0,"victory":false,"max_hp_per_floor":[75,75,75,75,75,75,75,75,75,75,75,75,75,75,75,75,75,75,75,75,75,75,75,75,75,75,75,75],"card_choices":[{"not_picked":["Beam Cell","Steam"],"picked":"Capacitor","floor":1},{"not_picked":["Aggregate","Streamline"],"picked":"Capacitor","floor":2},{"not_picked":["Rebound","Darkness"],"picked":"Gash","floor":3},{"not_picked":["Cold Snap","Chaos"],"picked":"Steam","floor":8},{"not_picked":["Reinforced Body","Scrape"],"picked":"Hello World","floor":10},{"not_picked":["Cold Snap","Reprogram"],"picked":"Turbo","floor":11},{"not_picked":["Recycle","Compile Driver"],"picked":"Loop","floor":14},{"not_picked":["Multi-Cast","Rainbow"],"picked":"Seek","floor":16},{"not_picked":["Rebound","Fusion"],"picked":"Coolheaded+1","floor":18},{"not_picked":["Ball Lightning","Sweeping Beam"],"picked":"Beam Cell","floor":19},{"not_picked":["Skim","Barrage"],"picked":"Amplify","floor":22},{"not_picked":["Skim","Chill"],"picked":"Beam Cell","floor":24},{"not_picked":["Cold Snap","Steam"],"picked":"Gash+1","floor":27}],"player_experience":305514,"relics_obtained":[{"floor":9,"key":"Lantern"},{"floor":26,"key":"MawBank"}],"event_choices":[{"damage_healed":0,"gold_gain":0,"player_choice":"Take Wound","damage_taken":0,"relics_obtained":["Golden Idol"],"max_hp_gain":0,"max_hp_loss":0,"event_name":"Golden Idol","floor":4,"gold_loss":0,"cards_obtained":["Injury"]},{"damage_healed":0,"gold_gain":0,"player_choice":"Damaged","damage_taken":7,"max_hp_gain":0,"max_hp_loss":0,"event_name":"Wheel of Change","floor":5,"gold_loss":0},{"damage_healed":0,"gold_gain":0,"player_choice":"Upgraded","damage_taken":0,"max_hp_gain":0,"max_hp_loss":0,"event_name":"Upgrade Shrine","floor":12,"gold_loss":0,"cards_upgraded":["Hello World"]},{"cards_removed":["Injury"],"damage_healed":0,"gold_gain":0,"player_choice":"Removed Curses","damage_taken":0,"max_hp_gain":0,"max_hp_loss":0,"event_name":"Fountain of Cleansing","floor":20,"gold_loss":0}],"is_beta":false,"boss_relics":[{"not_picked":["Black Star","Runic Dome"],"picked":"Inserter"}],"items_purged_floors":[],"is_endless":false,"potions_floor_spawned":[2,10,11,14,19,22,24],"killed_by":"Centurion and Healer","ascension_level":0}