{"gold_per_floor":[364,378,303,318,335,370,370,384,452,484,484,484,509,523,523,620,620,632,647,647,666,676,676,687,687],"floor_reached":25,"playtime":2443,"items_purged":["Strike_R"],"score":265,"play_id":"5d33e649-2b73-49e3-b5e6-fd5991913838","local_time":"20190815130935","is_ascension_mode":true,"campfire_choices":[{"floor":7,"key":"RECALL"},{"floor":11,"key":"REST"},{"floor":15,"key":"REST"}],"neow_cost":"TEN_PERCENT_HP_LOSS","seed_source_timestamp":520673690869300,"circlet_count":0,"master_deck":["Strike_R","Strike_R","Strike_R","Strike_R","Defend_R","Defend_R","Defend_R","Defend_R","Bash","Whirlwind","Shrug It Off","Pommel Strike","Barricade+1","Entrench","Body Slam","Metallicize","Iron Wave","Battle Trance","Reaper","Ghostly Armor+1","Entrench+1","Armaments","Pummel","Warcry"],"relics":["Burning Blood","Charon\u0027s Ashes","Mummified Hand","Torii","Blood Vial","Cursed Key","Enchiridion"],"potions_floor_usage":[6,8,16,18,24,24,25,25],"damage_taken":[{"damage":1,"enemies":"Cultist","floor":1,"turns":4},{"damage":7,"enemies":"Small Slimes","floor":2,"turns":5},{"damage":0,"enemies":"2 Louse","floor":4,"turns":2},{"damage":8,"enemies":"Exordium Wildlife","floor":5,"turns":4},{"damage":22,"enemies":"Gremlin Nob","floor":6,"turns":4},{"damage":3,"enemies":"2 Fungi Beasts","floor":8,"turns":3},{"damage":35,"enemies":"3 Sentries","floor":10,"turns":7},{"damage":39,"enemies":"Gremlin Nob","floor":13,"turns":6},{"damage":3,"enemies":"Lots of Slimes","floor":14,"turns":4},{"damage":13,"enemies":"The Guardian","floor":16,"turns":15},{"damage":17,"enemies":"2 Thieves","floor":18,"turns":5},{"damage":18,"enemies":"Spheric Guardian","floor":19,"turns":8},{"damage":0,"enemies":"Centurion and Healer","floor":21,"turns":6},{"damage":19,"enemies":"Cultist and Chosen","floor":22,"turns":5},{"damage":9,"enemies":"Snake Plant","floor":24,"turns":6},{"damage":37,"enemies":"Slavers","floor":25,"turns":2}],"seed_played":"6567591327770265456","potions_obtained":[{"floor":2,"key":"Explosive Potion"},{"floor":4,"key":"Strength Potion"},{"floor":13,"key":"SkillPotion"},{"floor":16,"key":"EssenceOfSteel"},{"floor":18,"key":"SpeedPotion"},{"floor":21,"key":"LiquidBronze"},{"floor":22,"key":"PowerPotion"},{"floor":24,"key":"Poison Potion"}],"is_trial":false,"path_per_floor":["M","M","$","M","M","E","R","M","T","E","R","?","E","M","R","B",null,"M","M","?","M","M","?","M","E"],"character_chosen":"IRONCLAD","items_purchased":[],"campfire_rested":2,"item_purchase_floors":[],"current_hp_per_floor":[72,71,71,72,70,54,54,57,57,28,49,49,16,21,42,37,72,69,59,43,59,48,35,34,0],"gold":687,"neow_bonus":"TWO_FIFTY_GOLD","is_prod":false,"is_daily":false,"chose_seed":false,"campfire_upgraded":0,"win_rate":0,"timestamp":1565845775,"path_taken":["M","M","$","M","M","E","R","?","T","E","R","?","E","M","R","BOSS","M","M","?","M","M","?","M","E"],"build_version":"2019-07-17","purchased_purges":1,"victory":false,"max_hp_per_floor":[72,72,72,72,72,72,72,72,72,72,72,72,72,72,72,72,72,72,72,72,72,72,77,77,77],"card_choices":[{"not_picked":["Thunderclap","Anger"],"picked":"Whirlwind","floor":1},{"not_picked":["Clothesline","Rupture"],"picked":"Shrug It Off","floor":2},{"not_picked":["Shrug It Off","Clothesline"],"picked":"Pommel Strike","floor":4},{"not_picked":["Iron Wave","Shrug It Off"],"picked":"Barricade","floor":5},{"not_picked":["Bloodletting","Metallicize"],"picked":"Entrench","floor":6},{"not_picked":["Pommel Strike","Headbutt"],"picked":"Body Slam","floor":8},{"not_picked":["Perfected Strike","Bludgeon"],"picked":"Metallicize","floor":10},{"not_picked":["Bloodletting","Pummel"],"picked":"Iron Wave","floor":13},{"not_picked":["Corruption","Anger"],"picked":"Battle Trance","floor":14},{"not_picked":["Limit Break","Feed"],"picked":"Reaper","floor":16},{"not_picked":["Clash+1","Headbutt"],"picked":"Ghostly Armor+1","floor":18},{"not_picked":["Power Through","True Grit"],"picked":"Entrench+1","floor":19},{"not_picked":["Clothesline+1","Uppercut"],"picked":"Armaments","floor":21},{"not_picked":["Spot Weakness","Flex+1"],"picked":"Pummel","floor":22},{"not_picked":["Heavy Blade","Power Through"],"picked":"Warcry","floor":24}],"player_experience":22120,"relics_obtained":[{"floor":6,"key":"Charon\u0027s Ashes"},{"floor":9,"key":"Mummified Hand"},{"floor":10,"key":"Torii"},{"floor":13,"key":"Blood Vial"},{"floor":20,"key":"Enchiridion"}],"event_choices":[{"damage_healed":0,"gold_gain":0,"player_choice":"Grow","damage_taken":0,"max_hp_gain":0,"max_hp_loss":0,"event_name":"Living Wall","floor":12,"gold_loss":0,"cards_upgraded":["Barricade"]},{"damage_healed":0,"gold_gain":0,"player_choice":"Obtained Book","damage_taken":16,"max_hp_gain":0,"max_hp_loss":0,"event_name":"Cursed Tome","floor":20,"gold_loss":0},{"damage_healed":0,"gold_gain":0,"player_choice":"Shed Blood","damage_taken":18,"max_hp_gain":5,"max_hp_loss":0,"event_name":"Forgotten Altar","floor":23,"gold_loss":0}],"is_beta":false,"boss_relics":[{"not_picked":["Velvet Choker","Coffee Dripper"],"picked":"Cursed Key"}],"items_purged_floors":[3],"is_endless":false,"potions_floor_spawned":[2,4,13,16,18,21,22,24],"killed_by":"Slavers","ascension_level":1}