{"gold_per_floor":[110,110,126,4,15,15,78,92,92,118,128,144,157,171,171,270,270,283,198,217,17,30,41,41,72,72,19,19,44,64,77,77,77],"floor_reached":33,"playtime":2816,"items_purged":[],"score":288,"play_id":"0ab423b9-9508-44b1-b25e-c8534f1de88c","local_time":"20190805133806","is_ascension_mode":false,"campfire_choices":[{"data":"Zap","floor":6.0,"key":"SMITH"},{"floor":15.0,"key":"REST"},{"floor":24,"key":"REST"},{"floor":28,"key":"REST"},{"floor":32,"key":"REST"}],"neow_cost":"NONE","seed_source_timestamp":623820892580543,"circlet_count":0,"master_deck":["Strike_B","Strike_B","Strike_B","Strike_B","Defend_B","Defend_B","Defend_B+1","Defend_B","Zap+1","Go for the Eyes","Iron Wave","Gash","Self Repair","Redo","Redo","Loop","Capacitor","Beam Cell","Hello World","Steam","Recycle","Stack","Electrodynamics","Rebound+1","Undo","Loop","Melter","Ball Lightning","Cold Snap+1","BootSequence","Aggregate","Normality","Hologram","Pain","Gash","Redo+1"],"special_seed":0,"relics":["Cracked Core","War Paint","Tiny Chest","Art of War","Shuriken","Cursed Key","Strawberry","Red Mask","Matryoshka","Centennial Puzzle","Smiling Mask"],"potions_floor_usage":[23,33,33],"damage_taken":[{"damage":20.0,"enemies":"Jaw Worm","floor":1.0,"turns":4.0},{"damage":1.0,"enemies":"Cultist","floor":3.0,"turns":4.0},{"damage":1.0,"enemies":"2 Louse","floor":5.0,"turns":3.0},{"damage":17.0,"enemies":"Gremlin Nob","floor":7.0,"turns":4.0},{"damage":18.0,"enemies":"Large Slime","floor":8.0,"turns":5.0},{"damage":23.0,"enemies":"Lagavulin","floor":10.0,"turns":6.0},{"damage":9.0,"enemies":"Looter","floor":11.0,"turns":4.0},{"damage":9.0,"enemies":"Blue Slaver","floor":12.0,"turns":4.0},{"damage":5.0,"enemies":"Exordium Wildlife","floor":13.0,"turns":3.0},{"damage":5.0,"enemies":"2 Fungi Beasts","floor":14.0,"turns":4.0},{"damage":25.0,"enemies":"Hexaghost","floor":16.0,"turns":10.0},{"damage":18.0,"enemies":"3 Byrds","floor":18.0,"turns":5.0},{"damage":23.0,"enemies":"2 Thieves","floor":20.0,"turns":4.0},{"damage":12.0,"enemies":"Snecko","floor":22.0,"turns":5.0},{"damage":19,"enemies":"Chosen and Byrds","floor":23,"turns":8},{"damage":19,"enemies":"Masked Bandits","floor":25,"turns":3},{"damage":27,"enemies":"Snake Plant","floor":30,"turns":6},{"damage":20,"enemies":"Centurion and Healer","floor":31,"turns":5},{"damage":53,"enemies":"Collector","floor":33,"turns":6}],"seed_played":"4049294507845526568","potions_obtained":[{"floor":3.0,"key":"AttackPotion"},{"floor":8.0,"key":"Block Potion"},{"floor":11.0,"key":"Explosive Potion"},{"floor":12.0,"key":"Dexterity Potion"},{"floor":14.0,"key":"EntropicBrew"},{"floor":16.0,"key":"AttackPotion"},{"floor":22.0,"key":"Fire Potion"},{"floor":23,"key":"Poison Potion"},{"floor":31,"key":"Ancient Potion"}],"is_trial":false,"path_per_floor":["M","?","M","$","M","R","E","M","T","E","M","M","M","M","R","B",null,"M","?","M","$","M","M","R","?","T","$","R","T","M","M","R","B"],"character_chosen":"DEFECT","items_purchased":["Self Repair","Redo","Loop","Melter","Ball Lightning","Hologram"],"campfire_rested":4,"item_purchase_floors":[4,4,21,21,21,27],"current_hp_per_floor":[55,55,54,54,60,60,50,39,39,23,21,19,21,23,45,27,75,64,71,48,48,36,24,48,29,29,29,53,53,33,13,37,0],"gold":77,"neow_bonus":"RANDOM_COMMON_RELIC","is_prod":false,"is_daily":false,"chose_seed":false,"campfire_upgraded":1,"win_rate":0.0,"timestamp":1565005086,"path_taken":["M","?","?","$","M","R","E","M","T","E","M","?","?","M","R","BOSS","M","?","M","$","M","M","R","?","T","$","R","?","M","M","R","BOSS"],"build_version":"2019-07-17","purchased_purges":0,"victory":false,"max_hp_per_floor":[75,75,75,75,75,75,75,75,75,75,75,75,75,75,75,75,75,75,82,82,82,82,82,82,82,82,82,82,82,82,82,82,82],"card_choices":[{"not_picked":["Stack","Cold Snap"],"picked":"Go for the Eyes","floor":1.0},{"not_picked":["Double Energy","Leap"],"picked":"Gash","floor":3.0},{"not_picked":["Multi-Cast","Sweeping Beam"],"picked":"Redo","floor":5.0},{"not_picked":["Seek","Compile Driver"],"picked":"Loop","floor":7.0},{"not_picked":["Stack","Beam Cell"],"picked":"Capacitor","floor":8.0},{"not_picked":["Steam","Hologram"],"picked":"Beam Cell","floor":10.0},{"not_picked":["Rip and Tear","Blizzard"],"picked":"Hello World","floor":11.0},{"not_picked":["Steam Power","Beam Cell"],"picked":"Steam","floor":12.0},{"not_picked":["Barrage","Coolheaded"],"picked":"Recycle","floor":13.0},{"not_picked":["Core Surge","Go for the Eyes"],"picked":"Stack","floor":14.0},{"not_picked":["Multi-Cast","Meteor Strike"],"picked":"Electrodynamics","floor":16.0},{"not_picked":["Streamline","Turbo"],"picked":"Rebound+1","floor":18.0},{"not_picked":["Cold Snap","Streamline"],"picked":"Undo","floor":20.0},{"not_picked":["Beam Cell","Blizzard"],"picked":"Cold Snap+1","floor":22.0},{"not_picked":["Heatsinks","Streamline"],"picked":"BootSequence","floor":23},{"not_picked":["Cold Snap","Doom and Gloom"],"picked":"Aggregate","floor":25},{"not_picked":["Turbo","Barrage+1"],"picked":"Gash","floor":30},{"not_picked":["Streamline","Sweeping Beam"],"picked":"Redo+1","floor":31}],"player_experience":302698,"relics_obtained":[{"floor":7.0,"key":"Tiny Chest"},{"floor":9.0,"key":"Art of War"},{"floor":10.0,"key":"Shuriken"},{"floor":25,"key":"Red Mask"},{"floor":26,"key":"Matryoshka"},{"floor":29,"key":"Centennial Puzzle"},{"floor":29,"key":"Smiling Mask"}],"event_choices":[{"cards_removed":["Dualcast"],"damage_healed":0.0,"max_hp_gain":0.0,"max_hp_loss":0.0,"gold_gain":0.0,"event_name":"NoteForYourself","player_choice":"Took Card","floor":2.0,"gold_loss":0.0,"damage_taken":0.0,"cards_obtained":["Iron Wave"]},{"damage_healed":0.0,"max_hp_gain":0.0,"max_hp_loss":0.0,"gold_gain":0.0,"event_name":"Addict","player_choice":"Obtained Relic","floor":19.0,"gold_loss":85.0,"damage_taken":0.0,"relics_obtained":["Strawberry"]},{"damage_healed":0,"gold_gain":0,"player_choice":"Fought Bandits","damage_taken":0,"max_hp_gain":0,"max_hp_loss":0,"event_name":"Masked Bandits","floor":25,"gold_loss":0}],"is_beta":false,"boss_relics":[{"not_picked":["Busted Crown","Runic Pyramid"],"picked":"Cursed Key"}],"items_purged_floors":[],"is_endless":false,"potions_floor_spawned":[3,8,11,12,14,16,22,23,31],"killed_by":"Collector","ascension_level":0}