{"gold_per_floor":[113,21,31,31,49,49,81,4,49,115,165,165],"floor_reached":12,"playtime":1227,"items_purged":[],"score":86,"play_id":"bf0ef63d-82b1-498e-9351-5b1f0f3be282","local_time":"20190817184249","is_ascension_mode":true,"campfire_choices":[{"floor":6,"key":"RECALL"}],"neow_cost":"NONE","seed_source_timestamp":13229124069414,"circlet_count":0,"master_deck":["Strike_G","Strike_G","Strike_G","Strike_G","Strike_G","Defend_G","Defend_G","Defend_G","Defend_G","Defend_G","Survivor","Neutralize","Setup","Deflect","Well Laid Plans","Dodge and Roll","Acrobatics","Blade Dance","Poisoned Stab","Slice","Backflip"],"relics":["Ring of the Snake","SsserpentHead","Orichalcum","Bronze Scales","Snake Skull"],"potions_floor_usage":[7,7,12],"damage_taken":[{"damage":0,"enemies":"Small Slimes","floor":1,"turns":4},{"damage":0,"enemies":"Cultist","floor":3,"turns":6},{"damage":2,"enemies":"Jaw Worm","floor":5,"turns":8},{"damage":38,"enemies":"Gremlin Nob","floor":7,"turns":6},{"damage":4,"enemies":"3 Louse","floor":10,"turns":3},{"damage":8,"enemies":"Lagavulin","floor":12,"turns":3}],"seed_played":"5218925203469375524","potions_obtained":[{"floor":0,"key":"Fire Potion"},{"floor":0,"key":"SteroidPotion"},{"floor":0,"key":"LiquidBronze"},{"floor":10,"key":"GamblersBrew"}],"is_trial":false,"path_per_floor":["M","$","M","?","M","R","E","$","T","M","?","E"],"character_chosen":"THE_SILENT","items_purchased":["Deflect","Well Laid Plans","Poisoned Stab","Slice"],"campfire_rested":0,"item_purchase_floors":[2,2,8,8],"current_hp_per_floor":[70,70,70,70,68,68,30,30,30,26,8,0],"gold":165,"neow_bonus":"THREE_SMALL_POTIONS","is_prod":false,"is_daily":false,"chose_seed":false,"campfire_upgraded":0,"win_rate":0,"timestamp":1566060169,"path_taken":["M","$","M","?","M","R","E","$","T","?","?","E"],"build_version":"2019-07-17","purchased_purges":0,"victory":false,"max_hp_per_floor":[70,70,70,70,70,70,70,70,70,70,70,70],"card_choices":[{"not_picked":["Tactician","Heel Hook"],"picked":"Setup","floor":1},{"not_picked":["Blade Dance","Sucker Punch"],"picked":"Dodge and Roll","floor":3},{"not_picked":["Flechettes","Underhanded Strike"],"picked":"Acrobatics","floor":5},{"not_picked":["Phantasmal Killer","Tactician"],"picked":"Blade Dance","floor":7},{"not_picked":["Outmaneuver","Sucker Punch"],"picked":"Backflip","floor":10}],"player_experience":380179,"relics_obtained":[{"floor":7,"key":"Orichalcum"},{"floor":9,"key":"Bronze Scales"}],"event_choices":[{"damage_healed":0,"gold_gain":0,"player_choice":"Trade","damage_taken":0,"relics_obtained":["SsserpentHead"],"max_hp_gain":0,"max_hp_loss":0,"event_name":"FaceTrader","floor":4,"gold_loss":0},{"damage_healed":0,"gold_gain":0,"player_choice":"Success","damage_taken":18,"relics_obtained":["Snake Skull"],"max_hp_gain":0,"max_hp_loss":0,"event_name":"Scrap Ooze","floor":11,"gold_loss":0}],"is_beta":false,"boss_relics":[],"items_purged_floors":[],"is_endless":false,"potions_floor_spawned":[1,10],"killed_by":"Lagavulin","ascension_level":2}