{"gold_per_floor":[116,133,41,41,41,21,36,36,36,56,56,70,70,86,86,86],"floor_reached":16,"playtime":1409,"items_purged":[],"score":92,"play_id":"74c21765-d9dc-4426-a727-108e27e09009","local_time":"20190710095322","is_ascension_mode":false,"campfire_choices":[{"floor":8,"key":"REST"},{"floor":11,"key":"REST"},{"floor":13,"key":"REST"},{"data":"Backflip","floor":15,"key":"SMITH"}],"neow_cost":"NONE","seed_source_timestamp":11607280794906,"circlet_count":0,"master_deck":["Strike_G","Strike_G","Strike_G","Strike_G","Defend_G","Defend_G+1","Defend_G","Defend_G","Defend_G","Survivor","Neutralize","Flechettes","Blur","Backflip+1","Caltrops+1","Dagger Throw","Expertise","Deflect+1","Calculated Gamble+1","Deadly Poison+1"],"relics":["Ring of the Snake","Ornamental Fan","Toxic Egg 2"],"potions_floor_usage":[],"damage_taken":[{"damage":0,"enemies":"Cultist","floor":1,"turns":3},{"damage":0,"enemies":"Small Slimes","floor":2,"turns":4},{"damage":0,"enemies":"Jaw Worm","floor":7,"turns":4},{"damage":18,"enemies":"Lots of Slimes","floor":10,"turns":4},{"damage":13,"enemies":"Exordium Wildlife","floor":12,"turns":5},{"damage":0,"enemies":"Looter","floor":14,"turns":3},{"damage":79,"enemies":"Slime Boss","floor":16,"turns":11}],"seed_played":"1518419562766488314","potions_obtained":[{"floor":2,"key":"Poison Potion"},{"floor":10,"key":"GamblersBrew"},{"floor":12,"key":"SkillPotion"}],"is_trial":false,"path_per_floor":["M","M","$","?","?","?","M","R","T","M","R","M","R","M","R","B"],"character_chosen":"THE_SILENT","items_purchased":["Caltrops","Dagger Throw"],"campfire_rested":3,"item_purchase_floors":[3,3],"current_hp_per_floor":[70,70,70,56,44,44,44,65,65,47,68,55,70,70,70,0],"gold":86,"neow_bonus":"TRANSFORM_CARD","is_prod":false,"is_daily":false,"chose_seed":false,"campfire_upgraded":1,"win_rate":0.0,"timestamp":1562745202,"path_taken":["M","M","$","?","?","?","M","R","T","M","R","M","R","M","R","BOSS"],"build_version":"2019-07-05","purchased_purges":0,"victory":false,"max_hp_per_floor":[70,70,70,70,70,70,70,70,70,70,70,70,70,70,70,70],"card_choices":[{"not_picked":["Bane","Sucker Punch"],"picked":"Blur","floor":1},{"not_picked":["Quick Slash","Blur"],"picked":"Backflip","floor":2},{"not_picked":["Deflect","Dagger Throw"],"picked":"Expertise","floor":7},{"not_picked":["Quick Slash","Doppelganger+1"],"picked":"Deflect+1","floor":10},{"not_picked":["PiercingWail+1","Reflex+1"],"picked":"Calculated Gamble+1","floor":12},{"not_picked":["Underhanded Strike","Quick Slash"],"picked":"Deadly Poison+1","floor":14}],"player_experience":42084,"relics_obtained":[{"floor":9,"key":"Toxic Egg 2"}],"event_choices":[{"damage_healed":0,"gold_gain":0,"player_choice":"Entered Light","damage_taken":14,"max_hp_gain":0,"max_hp_loss":0,"event_name":"Shining Light","floor":4,"gold_loss":0,"cards_upgraded":["Defend_G","Caltrops"]},{"damage_healed":0,"gold_gain":0,"player_choice":"Success","damage_taken":12,"relics_obtained":["Ornamental Fan"],"max_hp_gain":0,"max_hp_loss":0,"event_name":"Scrap Ooze","floor":5,"gold_loss":0},{"damage_healed":0,"gold_gain":0,"player_choice":"Left Gold","damage_taken":0,"max_hp_gain":0,"max_hp_loss":0,"event_name":"World of Goop","floor":6,"gold_loss":20}],"is_beta":false,"boss_relics":[],"items_purged_floors":[],"is_endless":false,"potions_floor_spawned":[2,10,12,14],"killed_by":"Slime Boss","ascension_level":0}