{"gold_per_floor":[111,125,137,137,150,175,175],"floor_reached":7,"playtime":536,"items_purged":[],"score":56,"play_id":"e545e0bf-2381-4e9a-a243-f944f1dd9dc5","local_time":"20190107152940","is_ascension_mode":true,"campfire_choices":[],"neow_cost":"NONE","seed_source_timestamp":2835556874689025,"circlet_count":0,"master_deck":["Defend_G","Defend_G","Defend_G","Defend_G","Defend_G","Strike_G","Strike_G","Strike_G","Strike_G","Strike_G","Survivor","Neutralize","Crippling Poison","Deadly Poison","Poisoned Stab"],"relics":["Ring of the Snake","Omamori","Peace Pipe","Regal Pillow"],"potions_floor_usage":[6,7,7],"damage_taken":[{"damage":0,"enemies":"Small Slimes","floor":1,"turns":3},{"damage":5,"enemies":"Jaw Worm","floor":2,"turns":4},{"damage":2,"enemies":"2 Louse","floor":3,"turns":4},{"damage":16,"enemies":"Large Slime","floor":5,"turns":10},{"damage":24,"enemies":"Gremlin Nob","floor":6,"turns":4},{"damage":22,"enemies":"3 Sentries","floor":7,"turns":6}],"seed_played":"-2977901361091746309","potions_obtained":[{"floor":1,"key":"Explosive Potion"},{"floor":2,"key":"Energy Potion"},{"floor":5,"key":"GamblersBrew"}],"is_trial":false,"path_per_floor":["M","M","M","?","M","E","?"],"character_chosen":"THE_SILENT","items_purchased":[],"campfire_rested":0,"item_purchase_floors":[],"current_hp_per_floor":[77,72,70,58,42,18,0],"gold":175,"neow_bonus":"TEN_PERCENT_HP_BONUS","is_prod":false,"is_daily":false,"chose_seed":false,"campfire_upgraded":0,"win_rate":0,"timestamp":1546892980,"path_taken":["M","M","M","?","M","E","?"],"build_version":"2019-01-03v4","purchased_purges":0,"victory":false,"max_hp_per_floor":[77,77,77,77,77,77,77],"card_choices":[{"not_picked":["Deflect","Calculated Gamble"],"picked":"Crippling Poison","floor":1},{"not_picked":["Cloak And Dagger","Sucker Punch","Eviscerate"],"picked":"SKIP","floor":2},{"not_picked":["Backstab","Poisoned Stab"],"picked":"Deadly Poison","floor":3},{"not_picked":["Sucker Punch","Tactician"],"picked":"Poisoned Stab","floor":5},{"not_picked":["Accuracy","A Thousand Cuts","Dagger Spray"],"picked":"SKIP","floor":6}],"player_experience":77500,"relics_obtained":[{"floor":6,"key":"Peace Pipe"}],"event_choices":[{"damage_healed":0,"gold_gain":0,"player_choice":"Success","damage_taken":12,"relics_obtained":["Omamori"],"max_hp_gain":0,"max_hp_loss":0,"event_name":"Scrap Ooze","floor":4,"gold_loss":0},{"damage_healed":0,"gold_gain":0,"player_choice":"Searched \u00273\u0027 times","damage_taken":0,"relics_obtained":["Regal Pillow"],"max_hp_gain":0,"max_hp_loss":0,"event_name":"Dead Adventurer","floor":7,"gold_loss":0}],"is_beta":false,"boss_relics":[],"items_purged_floors":[],"is_endless":false,"potions_floor_spawned":[1,2,5],"killed_by":"3 Sentries","ascension_level":1}