{"gold_per_floor":[118,130,149,149,149,181,181,191,191,201,230,14,14,32,32,106,106,123,135,135],"floor_reached":20,"playtime":14330,"items_purged":[],"score":344,"play_id":"341be06d-12b9-4c29-8656-ac7e3e940606","local_time":"20190730183032","is_ascension_mode":true,"campfire_choices":[{"floor":7.0,"key":"REST"},{"data":"Crippling Poison","floor":13.0,"key":"SMITH"},{"floor":15.0,"key":"REST"}],"neow_cost":"NONE","seed_source_timestamp":1531703030011846,"circlet_count":0,"master_deck":["AscendersBane","Strike_G","Strike_G","Strike_G","Strike_G","Strike_G","Defend_G","Defend_G","Defend_G","Defend_G","Survivor","Neutralize+1","Backflip","Acrobatics","Choke+1","Crippling Poison+1","Underhanded Strike","Quick Slash","Flying Knee","A Thousand Cuts","Underhanded Strike"],"special_seed":0,"relics":["Snecko Eye","Incense Burner","WingedGreaves","Darkstone Periapt","TwistedFunnel","Fusion Hammer"],"potions_floor_usage":[20,20],"damage_taken":[{"damage":0.0,"enemies":"Cultist","floor":1.0,"turns":4.0},{"damage":4.0,"enemies":"Jaw Worm","floor":2.0,"turns":6.0},{"damage":5.0,"enemies":"Small Slimes","floor":3.0,"turns":5.0},{"damage":12.0,"enemies":"Gremlin Nob","floor":6.0,"turns":4.0},{"damage":3.0,"enemies":"Gremlin Gang","floor":8.0,"turns":3.0},{"damage":1.0,"enemies":"Exordium Wildlife","floor":10.0,"turns":2.0},{"damage":10.0,"enemies":"Lagavulin","floor":11.0,"turns":6.0},{"damage":6.0,"enemies":"Exordium Thugs","floor":14.0,"turns":4.0},{"damage":16.0,"enemies":"Hexaghost","floor":16.0,"turns":9.0},{"damage":22.0,"enemies":"3 Byrds","floor":18.0,"turns":4.0},{"damage":22,"enemies":"Shell Parasite","floor":19,"turns":4},{"damage":14,"enemies":"Snake Plant","floor":20,"turns":2}],"seed_played":"-1186248787836558043","potions_obtained":[{"floor":3.0,"key":"Fire Potion"},{"floor":10.0,"key":"Dexterity Potion"},{"floor":11.0,"key":"Fire Potion"}],"is_trial":false,"path_per_floor":["M","M","M","?","?","E","R","M","T","M","E","$","R","M","R","B",null,"M","M","M"],"character_chosen":"THE_SILENT","items_purchased":["TwistedFunnel"],"campfire_rested":2,"item_purchase_floors":[12],"current_hp_per_floor":[59,55,50,30,30,18,37,34,34,33,23,23,23,17,36,20,55,33,11,0],"gold":135,"neow_bonus":"BOSS_RELIC","is_prod":false,"is_daily":false,"chose_seed":false,"campfire_upgraded":1,"win_rate":0,"timestamp":1564525832,"path_taken":["M","M","?","?","?","E","R","M","T","M","E","$","R","M","R","BOSS","M","M","?"],"build_version":"2019-07-17","purchased_purges":0,"victory":false,"max_hp_per_floor":[66,66,66,66,66,66,66,66,66,66,66,66,66,66,66,66,66,66,66,66],"card_choices":[{"not_picked":["Footwork","Dagger Throw"],"picked":"Backflip","floor":1.0},{"not_picked":["Backstab","Quick Slash"],"picked":"Acrobatics","floor":2.0},{"not_picked":["Escape Plan","Acrobatics"],"picked":"Choke","floor":3.0},{"not_picked":["Heel Hook","Dagger Spray"],"picked":"Crippling Poison","floor":6.0},{"not_picked":["Prepared","Poisoned Stab"],"picked":"Underhanded Strike","floor":8.0},{"not_picked":["Escape Plan","Dagger Spray"],"picked":"Quick Slash","floor":10.0},{"not_picked":["Expertise","Deadly Poison"],"picked":"Flying Knee","floor":11.0},{"not_picked":["All Out Attack","PiercingWail","Sucker Punch"],"picked":"SKIP","floor":14.0},{"not_picked":["Envenom","Phantasmal Killer"],"picked":"A Thousand Cuts","floor":16.0},{"not_picked":["Skewer","Concentrate"],"picked":"Underhanded Strike","floor":18.0},{"not_picked":["Dodge and Roll","Sucker Punch","Prepared"],"picked":"SKIP","floor":19}],"player_experience":947746,"relics_obtained":[{"floor":6.0,"key":"Incense Burner"},{"floor":9.0,"key":"WingedGreaves"},{"floor":11.0,"key":"Darkstone Periapt"}],"event_choices":[{"damage_healed":0.0,"max_hp_gain":0.0,"max_hp_loss":0.0,"gold_gain":0.0,"event_name":"Shining Light","player_choice":"Entered Light","floor":4.0,"gold_loss":0.0,"damage_taken":20.0,"cards_upgraded":["Choke","Neutralize"]},{"cards_removed":["Defend_G"],"damage_healed":0.0,"max_hp_gain":0.0,"max_hp_loss":0.0,"gold_gain":0.0,"event_name":"Bonfire Elementals","player_choice":"Offered Basic","floor":5.0,"gold_loss":0.0,"damage_taken":0.0}],"is_beta":false,"boss_relics":[{"not_picked":["Philosopher\u0027s Stone","Astrolabe"],"picked":"Fusion Hammer"}],"items_purged_floors":[],"is_endless":false,"potions_floor_spawned":[3,10,11,16,19],"killed_by":"Snake Plant","ascension_level":17}