{"gold_per_floor":[118,135,146,221,299,328,79,79,104,104,116,116,116,142,142,246,246,264,284,299,40,54,54,54,54,54,84,96,140,169,201,213,327,339,363,386,415,527,539,579,249,274,274,284,43,43,43,63,63,63],"floor_reached":51,"playtime":5972,"items_purged":["Strike_G","Shame"],"score":780,"play_id":"eb843900-6e98-4117-8659-254542dba8c0","local_time":"20190809215357","is_ascension_mode":false,"campfire_choices":[{"data":"Apotheosis","floor":8,"key":"SMITH"},{"data":"Terror","floor":10,"key":"SMITH"},{"floor":12,"key":"REST"},{"floor":15,"key":"REST"},{"floor":23,"key":"REST"},{"floor":28,"key":"REST"},{"data":"After Image","floor":32,"key":"SMITH"},{"floor":46,"key":"REST"},{"data":"Tools of the Trade","floor":49,"key":"SMITH"}],"neow_cost":"NONE","seed_source_timestamp":0,"circlet_count":0,"master_deck":["Strike_G+1","Strike_G","Strike_G","Defend_G","Defend_G","Defend_G","Survivor","Neutralize+1","Finisher","Expertise","Terror+1","Blade Dance+1","Apotheosis+1","Malaise","After Image+1","A Thousand Cuts","Skewer","Acrobatics","Panache","Footwork","Noxious Fumes","RitualDagger","Terror+1","Backflip","Well Laid Plans","Prepared","Tools of the Trade+1","Wraith Form v2+1","Leg Sweep+1","Phantasmal Killer+1","Finesse","Infinite Blades+1"],"special_seed":0,"relics":["Ring of the Snake","Bottled Lightning","Mango","Whetstone","Mummified Hand","Cursed Key","Sundial","MawBank","Anchor","Astrolabe","Pocketwatch","Darkstone Periapt","Vajra","Orichalcum","The Specimen","Letter Opener"],"potions_floor_usage":[16,20,27,27,27,33,50,50],"damage_taken":[{"damage":7.0,"enemies":"Jaw Worm","floor":1.0,"turns":5.0},{"damage":0,"enemies":"2 Louse","floor":2,"turns":3},{"damage":1,"enemies":"Cultist","floor":3,"turns":4},{"damage":14,"enemies":"Gremlin Nob","floor":6,"turns":4},{"damage":7,"enemies":"3 Louse","floor":11,"turns":3},{"damage":4,"enemies":"Lagavulin","floor":14,"turns":5},{"damage":17,"enemies":"Hexaghost","floor":16,"turns":8},{"damage":4,"enemies":"Spheric Guardian","floor":18,"turns":4},{"damage":0,"enemies":"Chosen","floor":19,"turns":3},{"damage":9,"enemies":"3 Cultists","floor":20,"turns":7},{"damage":5,"enemies":"Sentry and Sphere","floor":22,"turns":6},{"damage":28,"enemies":"Gremlin Leader","floor":27,"turns":5},{"damage":4,"enemies":"Book of Stabbing","floor":29,"turns":5},{"damage":0,"enemies":"Snake Plant","floor":30,"turns":3},{"damage":0,"enemies":"Shelled Parasite and Fungi","floor":31,"turns":3},{"damage":24,"enemies":"Automaton","floor":33,"turns":8},{"damage":0,"enemies":"Orb Walker","floor":35,"turns":4},{"damage":0,"enemies":"3 Darklings","floor":36,"turns":5},{"damage":0,"enemies":"Spire Growth","floor":37,"turns":5},{"damage":8,"enemies":"Mind Bloom Boss Battle","floor":38,"turns":5},{"damage":6,"enemies":"Nemesis","floor":40,"turns":5},{"damage":0,"enemies":"Reptomancer","floor":42,"turns":6},{"damage":11,"enemies":"4 Shapes","floor":44,"turns":5},{"damage":8,"enemies":"Jaw Worm Horde","floor":48,"turns":4},{"damage":27,"enemies":"Donu and Deca","floor":50,"turns":6}],"seed_played":"1645311914292180032","potions_obtained":[{"floor":1.0,"key":"LiquidBronze"},{"floor":3,"key":"PowerPotion"},{"floor":11,"key":"SpeedPotion"},{"floor":18,"key":"EssenceOfSteel"},{"floor":20,"key":"Fire Potion"},{"floor":31,"key":"SkillPotion"},{"floor":33,"key":"Strength Potion"},{"floor":35,"key":"SmokeBomb"},{"floor":38,"key":"GamblersBrew"},{"floor":44,"key":"PowerPotion"}],"is_trial":false,"path_per_floor":["M","M","M","?","T","E","$","R","T","R","M","R","?","E","R","B",null,"M","M","M","$","M","R","$","?","T","E","R","E","M","M","R","B",null,"M","M","M","?","?","E","$","E","T","M","$","R","?","M","R","B",null],"character_chosen":"THE_SILENT","items_purchased":["Apotheosis","Panache","Footwork","Finesse","Vajra","Letter Opener"],"campfire_rested":5,"item_purchase_floors":[7,21,21,41,41,45],"current_hp_per_floor":[70,70,69,58,58,58,58,58,58,58,51,78,78,74,91,74,91,87,87,78,78,73,91,91,85,85,57,84,80,80,80,80,56,91,91,91,91,83,83,77,77,77,83,72,72,97,97,89,89,62],"gold":63,"neow_bonus":"TEN_PERCENT_HP_BONUS","is_prod":false,"is_daily":false,"chose_seed":false,"campfire_upgraded":4,"win_rate":0.0,"timestamp":1565358837,"path_taken":["M","M","M","?","?","E","$","R","T","R","M","R","?","E","R","BOSS","M","M","M","$","M","R","$","?","T","E","R","E","M","M","R","BOSS","M","M","M","?","?","E","$","E","T","M","?","R","?","M","R","BOSS"],"build_version":"2019-07-17","purchased_purges":2,"victory":true,"max_hp_per_floor":[77,77,77,77,77,91,91,91,91,91,91,91,91,91,91,91,91,91,91,91,91,91,91,91,91,91,91,91,91,91,91,91,91,91,91,91,91,91,91,91,91,91,97,97,97,97,97,97,97,97],"card_choices":[{"not_picked":["Sucker Punch","Deflect"],"picked":"Finisher","floor":1.0},{"not_picked":["Flying Knee","Deadly Poison"],"picked":"Expertise","floor":2},{"not_picked":["Sucker Punch","Underhanded Strike"],"picked":"Terror","floor":3},{"not_picked":["Skewer","Outmaneuver"],"picked":"Blade Dance","floor":6},{"not_picked":["PiercingWail","Terror"],"picked":"Malaise","floor":11},{"not_picked":["Predator","Quick Slash"],"picked":"After Image","floor":14},{"not_picked":["Die Die Die","Burst"],"picked":"A Thousand Cuts","floor":16},{"not_picked":["Deadly Poison","Poisoned Stab"],"picked":"Skewer","floor":18},{"not_picked":["Distraction","Dodge and Roll+1"],"picked":"Acrobatics","floor":19},{"not_picked":["Quick Slash","Distraction"],"picked":"Flechettes","floor":20},{"not_picked":["Flying Knee","Dagger Throw"],"picked":"Noxious Fumes","floor":22},{"not_picked":["Flying Knee+1","Slice"],"picked":"Terror+1","floor":27},{"not_picked":["Phantasmal Killer","Masterful Stab"],"picked":"Backflip","floor":29},{"not_picked":["Deflect","Escape Plan+1"],"picked":"Well Laid Plans","floor":30},{"not_picked":["Acrobatics","Flying Knee"],"picked":"Prepared","floor":31},{"not_picked":["Phantasmal Killer","Bullet Time"],"picked":"Tools of the Trade","floor":33},{"not_picked":["Flying Knee+1","Underhanded Strike","Dodge and Roll+1"],"picked":"SKIP","floor":35},{"not_picked":["Dodge and Roll+1","Flying Knee","Sucker Punch+1"],"picked":"SKIP","floor":36},{"not_picked":["Masterful Stab","Dagger Throw+1","Expertise"],"picked":"SKIP","floor":37},{"not_picked":["Backflip+1","Quick Slash+1","Deflect+1"],"picked":"SKIP","floor":40},{"not_picked":["Riddle With Holes+1","Noxious Fumes"],"picked":"Infinite Blades+1","floor":42},{"not_picked":["A Thousand Cuts","Dodge and Roll+1","Skewer+1"],"picked":"SKIP","floor":44},{"not_picked":["Deflect+1","Dagger Spray+1","Sucker Punch+1"],"picked":"SKIP","floor":48}],"player_experience":7970,"relics_obtained":[{"floor":5,"key":"Bottled Lightning"},{"floor":6,"key":"Mango"},{"floor":9,"key":"Whetstone"},{"floor":14,"key":"Mummified Hand"},{"floor":26,"key":"Sundial"},{"floor":27,"key":"MawBank"},{"floor":29,"key":"Anchor"},{"floor":38,"key":"Pocketwatch"},{"floor":40,"key":"Darkstone Periapt"},{"floor":42,"key":"Orichalcum"},{"floor":43,"key":"The Specimen"}],"event_choices":[{"damage_healed":0,"gold_gain":75,"player_choice":"Gather Gold","damage_taken":11,"max_hp_gain":0,"max_hp_loss":0,"event_name":"World of Goop","floor":4,"gold_loss":0},{"damage_healed":0,"gold_gain":0,"player_choice":"Upgraded","damage_taken":0,"max_hp_gain":0,"max_hp_loss":0,"event_name":"Upgrade Shrine","floor":13,"gold_loss":0,"cards_upgraded":["Blade Dance"]},{"damage_healed":0,"gold_gain":0,"player_choice":"Joined the Cult","damage_taken":6,"max_hp_gain":0,"max_hp_loss":0,"event_name":"Nest","floor":25,"gold_loss":0,"cards_obtained":["RitualDagger"]},{"damage_healed":0,"gold_gain":0,"player_choice":"Fight","damage_taken":0,"max_hp_gain":0,"max_hp_loss":0,"event_name":"MindBloom","floor":38,"gold_loss":0},{"cards_removed":["Flechettes"],"damage_healed":0,"gold_gain":0,"player_choice":"Removed Attack","damage_taken":0,"max_hp_gain":0,"max_hp_loss":0,"event_name":"Falling","floor":39,"gold_loss":0},{"cards_removed":["Writhe"],"damage_healed":0,"gold_gain":0,"player_choice":"Purged","damage_taken":0,"max_hp_gain":0,"max_hp_loss":0,"event_name":"Purifier","floor":47,"gold_loss":0}],"is_beta":false,"boss_relics":[{"not_picked":["Empty Cage","Snecko Eye"],"picked":"Cursed Key"},{"not_picked":["Runic Dome","Lizard Tail"],"picked":"Astrolabe"}],"items_purged_floors":[7,41],"is_endless":false,"potions_floor_spawned":[1,3,11,18,20,31,33,35,38,44],"ascension_level":0}