{"gold_per_floor":[117,131,28,47,59,93,93,122,145,170,183,183,17,32,32,128,128,141,168,168,181,181],"floor_reached":22,"playtime":1873,"items_purged":[],"score":227,"play_id":"c9bdee58-6ee0-4ddc-87cf-e7583a376195","local_time":"20190809162316","is_ascension_mode":true,"campfire_choices":[{"floor":7.0,"key":"REST"},{"floor":12.0,"key":"REST"},{"floor":15.0,"key":"RECALL"}],"neow_cost":"NONE","seed_source_timestamp":27640963637693,"circlet_count":0,"master_deck":["Strike_R","Strike_R","Strike_R+1","Strike_R","Strike_R+1","Defend_R","Defend_R","Defend_R","Defend_R","Bash","Feel No Pain","Inflame","Combust","Pommel Strike","Cleave","Inflame","Infernal Blade","Anger","Cleave","Shrug It Off","Rampage","Evolve","Clash","Infernal Blade","Dual Wield","Exhume","Twin Strike+1","Flex+1","Rupture"],"special_seed":0,"relics":["Burning Blood","Orichalcum","Dream Catcher","Philosopher\u0027s Stone","Red Mask","Nloth\u0027s Gift"],"potions_floor_usage":[19,19,19,21],"damage_taken":[{"damage":18.0,"enemies":"Jaw Worm","floor":1.0,"turns":5.0},{"damage":1.0,"enemies":"Cultist","floor":2.0,"turns":3.0},{"damage":2.0,"enemies":"Small Slimes","floor":4.0,"turns":3.0},{"damage":16.0,"enemies":"3 Louse","floor":5.0,"turns":2.0},{"damage":26.0,"enemies":"Lagavulin","floor":6.0,"turns":7.0},{"damage":17.0,"enemies":"Gremlin Nob","floor":8.0,"turns":4.0},{"damage":19.0,"enemies":"3 Sentries","floor":10.0,"turns":6.0},{"damage":0.0,"enemies":"2 Fungi Beasts","floor":11.0,"turns":2.0},{"damage":13.0,"enemies":"Exordium Thugs","floor":14.0,"turns":5.0},{"damage":55.0,"enemies":"Hexaghost","floor":16.0,"turns":10.0},{"damage":43.0,"enemies":"3 Byrds","floor":18.0,"turns":4.0},{"damage":36,"enemies":"Masked Bandits","floor":19,"turns":4},{"damage":28,"enemies":"2 Thieves","floor":21,"turns":3},{"damage":21,"enemies":"Snake Plant","floor":22,"turns":2}],"seed_played":"5303088144169589840","potions_obtained":[{"floor":2.0,"key":"AttackPotion"},{"floor":4.0,"key":"PowerPotion"},{"floor":5.0,"key":"SkillPotion"},{"floor":19,"key":"BloodPotion"}],"is_trial":false,"path_per_floor":["M","M","$","M","M","E","R","E","T","E","M","R","$","M","R","B",null,"M","?","?","M","M"],"character_chosen":"IRONCLAD","items_purchased":["Combust","Pommel Strike","Evolve","Clash","Infernal Blade"],"campfire_rested":2,"item_purchase_floors":[3,3,13,13,13],"current_hp_per_floor":[76,81,81,85,75,55,81,70,70,57,63,88,88,81,81,32,88,51,21,21,21,0],"gold":181,"neow_bonus":"TEN_PERCENT_HP_BONUS","is_prod":false,"is_daily":false,"chose_seed":false,"campfire_upgraded":0,"win_rate":0,"timestamp":1565360596,"path_taken":["M","M","$","M","M","E","R","E","T","E","M","R","$","M","R","BOSS","M","?","?","?","M"],"build_version":"2019-07-17","purchased_purges":0,"victory":false,"max_hp_per_floor":[88,88,88,88,88,88,88,88,88,88,88,88,88,88,88,88,88,88,88,88,88,88],"card_choices":[{"not_picked":["Warcry","Body Slam"],"picked":"Feel No Pain","floor":1.0},{"not_picked":["Pommel Strike","Twin Strike"],"picked":"Inflame","floor":2.0},{"not_picked":["Havoc","Uppercut"],"picked":"Cleave","floor":4.0},{"not_picked":["Combust","Armaments"],"picked":"Inflame","floor":5.0},{"not_picked":["Clothesline","Thunderclap"],"picked":"Infernal Blade","floor":6.0},{"not_picked":["Entrench","Clash"],"picked":"Anger","floor":8.0},{"not_picked":["Dark Embrace","Clothesline"],"picked":"Cleave","floor":10.0},{"not_picked":["Ghostly Armor","Perfected Strike"],"picked":"Shrug It Off","floor":11.0},{"not_picked":["Shrug It Off","Rupture"],"picked":"Rampage","floor":12.0},{"not_picked":["Twin Strike","Shrug It Off"],"picked":"Dual Wield","floor":14.0},{"not_picked":["Limit Break","Fiend Fire"],"picked":"Exhume","floor":16.0},{"not_picked":["Perfected Strike","Wild Strike"],"picked":"Twin Strike+1","floor":18.0},{"not_picked":["Searing Blow","Seeing Red+1"],"picked":"Flex+1","floor":19},{"not_picked":["Intimidate+1","Bloodletting"],"picked":"Rupture","floor":21}],"player_experience":325376,"relics_obtained":[{"floor":6.0,"key":"Orichalcum"},{"floor":8.0,"key":"Whetstone"},{"floor":10.0,"key":"Dream Catcher"},{"floor":19,"key":"Red Mask"}],"event_choices":[{"damage_healed":0,"gold_gain":0,"player_choice":"Fought Bandits","damage_taken":0,"max_hp_gain":0,"max_hp_loss":0,"event_name":"Masked Bandits","floor":19,"gold_loss":0},{"damage_healed":0,"gold_gain":0,"player_choice":"Traded Relic","damage_taken":0,"relics_obtained":["Nloth\u0027s Gift"],"max_hp_gain":0,"max_hp_loss":0,"event_name":"N\u0027loth","floor":20,"relics_lost":["Whetstone"],"gold_loss":0}],"is_beta":false,"boss_relics":[{"not_picked":["Lizard Tail","Ectoplasm"],"picked":"Philosopher\u0027s Stone"}],"items_purged_floors":[],"is_endless":false,"potions_floor_spawned":[2,4,5,16,18,19],"killed_by":"Snake Plant","ascension_level":2}