{"gold_per_floor":[19,37,37,37,0,35,35,69,99,123,48,48,48],"floor_reached":13,"playtime":344,"items_purged":["Injury"],"score":173,"play_id":"df60987d-b51a-4abb-aec3-4b9d2bbc8dbf","local_time":"20190802141441","is_ascension_mode":true,"campfire_choices":[{"data":"Defragment","floor":7.0,"key":"SMITH"},{"data":"Defend_B","floor":12.0,"key":"SMITH"}],"neow_cost":"NO_GOLD","seed_source_timestamp":1792612319780813,"circlet_count":0,"master_deck":["AscendersBane","Strike_B","Strike_B","Strike_B","Strike_B","Defend_B+1","Defend_B","Defend_B","Defend_B","Zap","Dualcast","Buffer+1","Gash","Defragment+1","Leap","Rip and Tear"],"special_seed":0,"relics":["Cracked Core","Golden Idol","Cables","Art of War","Tiny Chest"],"potions_floor_usage":[],"damage_taken":[{"damage":2.0,"enemies":"Jaw Worm","floor":1.0,"turns":4.0},{"damage":8.0,"enemies":"2 Louse","floor":2.0,"turns":3.0},{"damage":32.0,"enemies":"Gremlin Nob","floor":6.0,"turns":5.0},{"damage":6.0,"enemies":"Lagavulin","floor":8.0,"turns":5.0},{"damage":0.0,"enemies":"Cultist","floor":10.0,"turns":3.0},{"damage":25,"enemies":"3 Sentries","floor":13,"turns":4}],"seed_played":"4813823132484356633","potions_obtained":[{"floor":10.0,"key":"Energy Potion"}],"is_trial":false,"path_per_floor":["M","M","?","?","?","E","R","E","T","M","$","R","E"],"character_chosen":"DEFECT","items_purchased":[],"campfire_rested":0,"item_purchase_floors":[],"current_hp_per_floor":[62,54,54,54,54,22,22,16,16,16,16,16,0],"gold":48,"neow_bonus":"THREE_RARE_CARDS","is_prod":false,"is_daily":false,"chose_seed":false,"campfire_upgraded":2,"win_rate":0,"timestamp":1564769681,"path_taken":["M","M","?","?","?","E","R","E","T","?","$","R","E"],"build_version":"2019-07-17","purchased_purges":1,"victory":false,"max_hp_per_floor":[71,71,71,71,71,71,71,71,71,71,71,71,71],"card_choices":[{"not_picked":["Seek","Amplify"],"picked":"Buffer","floor":0.0},{"not_picked":["Hologram","Storm"],"picked":"Gash","floor":1.0},{"not_picked":["Scrape","Stack"],"picked":"Defragment","floor":2.0},{"not_picked":["Heatsinks","Recycle"],"picked":"Leap","floor":6.0},{"not_picked":["Amplify","Reprogram"],"picked":"Rip and Tear","floor":8.0},{"not_picked":["Barrage","Fusion","Compile Driver"],"picked":"SKIP","floor":10.0}],"player_experience":971170,"relics_obtained":[{"floor":6.0,"key":"Cables"},{"floor":8.0,"key":"Art of War"},{"floor":9.0,"key":"Tiny Chest"}],"event_choices":[{"damage_healed":0.0,"max_hp_gain":0.0,"max_hp_loss":0.0,"gold_gain":0.0,"event_name":"Living Wall","player_choice":"Grow","floor":3.0,"gold_loss":0.0,"damage_taken":0.0,"cards_upgraded":["Buffer"]},{"damage_healed":0.0,"max_hp_gain":0.0,"max_hp_loss":0.0,"gold_gain":0.0,"event_name":"Golden Idol","player_choice":"Take Wound","floor":4.0,"gold_loss":0.0,"damage_taken":0.0,"relics_obtained":["Golden Idol"],"cards_obtained":["Injury"]},{"damage_healed":0.0,"max_hp_gain":0.0,"max_hp_loss":0.0,"gold_gain":0.0,"event_name":"World of Goop","player_choice":"Left Gold","floor":5.0,"gold_loss":37.0,"damage_taken":0.0}],"is_beta":false,"boss_relics":[],"items_purged_floors":[11],"is_endless":false,"potions_floor_spawned":[10],"killed_by":"3 Sentries","ascension_level":18}