{"gold_per_floor":[11,28,28,44,44,44,69,69,69,69],"floor_reached":10,"playtime":417,"items_purged":[],"score":61,"play_id":"b29630a9-1ccc-4179-8a48-7e07ae9a30fb","local_time":"20190107152033","is_ascension_mode":true,"campfire_choices":[{"data":"Defend_G","floor":6,"key":"SMITH"},{"data":"Noxious Fumes","floor":8,"key":"SMITH"}],"neow_cost":"NO_GOLD","seed_source_timestamp":2835129160199503,"circlet_count":0,"master_deck":["Defend_G","Defend_G","Defend_G","Defend_G","Defend_G+1","Strike_G","Strike_G","Strike_G","Strike_G","Strike_G","Survivor","Neutralize","Envenom","Dagger Throw","Backflip","Noxious Fumes+1"],"relics":["Ring of the Snake","Golden Idol","Matryoshka"],"potions_floor_usage":[10],"damage_taken":[{"damage":4,"enemies":"Small Slimes","floor":1,"turns":4},{"damage":0,"enemies":"Jaw Worm","floor":2,"turns":4},{"damage":0,"enemies":"2 Louse","floor":4,"turns":3},{"damage":8,"enemies":"Exordium Thugs","floor":7,"turns":6},{"damage":58,"enemies":"Gremlin Nob","floor":10,"turns":5}],"seed_played":"6192120024010979559","potions_obtained":[{"floor":2,"key":"Poison Potion"}],"is_trial":false,"path_per_floor":["M","M","?","M","?","R","M","R","T","E"],"character_chosen":"THE_SILENT","items_purchased":[],"campfire_rested":0,"item_purchase_floors":[],"current_hp_per_floor":[66,66,66,66,49,49,41,41,41,0],"gold":69,"neow_bonus":"THREE_RARE_CARDS","is_prod":false,"is_daily":false,"chose_seed":false,"campfire_upgraded":2,"win_rate":0,"timestamp":1546892433,"path_taken":["M","M","?","M","?","R","M","R","T","E"],"build_version":"2019-01-03v4","purchased_purges":0,"victory":false,"max_hp_per_floor":[70,70,70,70,70,70,70,70,70,70],"card_choices":[{"not_picked":["Venomology","Bullet Time"],"picked":"Envenom","floor":0},{"not_picked":["Prepared","Blade Dance"],"picked":"Dagger Throw","floor":1},{"not_picked":["Bullet Time","Caltrops","Cloak And Dagger"],"picked":"SKIP","floor":2},{"not_picked":["Flying Knee","Underhanded Strike"],"picked":"Backflip","floor":4},{"not_picked":["Footwork","PiercingWail"],"picked":"Noxious Fumes","floor":7}],"player_experience":77083,"relics_obtained":[{"floor":9,"key":"Matryoshka"}],"event_choices":[{"damage_healed":0,"gold_gain":0,"player_choice":"Ignored","damage_taken":0,"max_hp_gain":0,"max_hp_loss":0,"event_name":"Liars Game","floor":3,"gold_loss":0},{"damage_healed":0,"gold_gain":0,"player_choice":"Take Damage","damage_taken":17,"relics_obtained":["Golden Idol"],"max_hp_gain":0,"max_hp_loss":0,"event_name":"Golden Idol","floor":5,"gold_loss":0}],"is_beta":false,"boss_relics":[],"items_purged_floors":[],"is_endless":false,"potions_floor_spawned":[2],"killed_by":"Gremlin Nob","ascension_level":1}