{"gold_per_floor":[118,118,135,95,111,111,141,141,141,156,176,190,190,200,200,200],"floor_reached":16,"playtime":697,"items_purged":[],"score":140,"play_id":"c490694b-7848-4468-9eeb-708f5e94b493","local_time":"20190201214757","is_ascension_mode":true,"campfire_choices":[{"data":"Cloak And Dagger","floor":6,"key":"SMITH"},{"data":"Cloak And Dagger","floor":8,"key":"SMITH"},{"data":"Noxious Fumes","floor":13,"key":"SMITH"},{"data":"Survivor","floor":15,"key":"SMITH"}],"neow_cost":"NONE","seed_source_timestamp":5018196797229605,"circlet_count":0,"master_deck":["Defend_G","Defend_G","Defend_G","Defend_G","Defend_G","Strike_G","Strike_G+1","Strike_G","Strike_G+1","Survivor+1","Neutralize","Dagger Throw","Cloak And Dagger+1","Cloak And Dagger+1","Noxious Fumes+1","Dagger Throw"],"relics":["Coffee Dripper","Whetstone","Blue Candle"],"potions_floor_usage":[10,16],"damage_taken":[{"damage":0,"enemies":"2 Louse","floor":1,"turns":4},{"damage":0,"enemies":"Small Slimes","floor":3,"turns":3},{"damage":0,"enemies":"Cultist","floor":5,"turns":3},{"damage":21,"enemies":"3 Sentries","floor":7,"turns":14},{"damage":0,"enemies":"Looter","floor":10,"turns":2},{"damage":0,"enemies":"2 Fungi Beasts","floor":11,"turns":3},{"damage":6,"enemies":"Lots of Slimes","floor":12,"turns":5},{"damage":17,"enemies":"Exordium Wildlife","floor":14,"turns":5},{"damage":23,"enemies":"The Guardian","floor":16,"turns":10}],"seed_played":"7970969464371839784","potions_obtained":[{"floor":4,"key":"PowerPotion"},{"floor":4,"key":"FairyPotion"},{"floor":4,"key":"FearPotion"},{"floor":10,"key":"SpeedPotion"}],"is_trial":false,"path_per_floor":["M","?","M","?","M","R","E","R","T","M","M","M","R","M","R","B"],"character_chosen":"THE_SILENT","items_purchased":[],"campfire_rested":0,"item_purchase_floors":[],"current_hp_per_floor":[63,56,56,56,56,56,35,35,35,35,35,29,29,12,12,0],"gold":200,"neow_bonus":"BOSS_RELIC","is_prod":false,"is_daily":false,"chose_seed":false,"campfire_upgraded":4,"win_rate":0,"timestamp":1549075677,"path_taken":["M","?","M","?","M","R","E","R","T","M","M","M","R","?","R","BOSS"],"build_version":"2019-01-23","purchased_purges":0,"victory":false,"max_hp_per_floor":[70,70,70,70,70,70,70,70,70,70,70,70,70,70,70,70],"card_choices":[{"not_picked":["Poisoned Stab","Quick Slash"],"picked":"Dagger Throw","floor":1},{"not_picked":["Predator","Blade Dance"],"picked":"Cloak And Dagger","floor":3},{"not_picked":["Outmaneuver","Dodge and Roll","Dagger Spray"],"picked":"SKIP","floor":5},{"not_picked":["Sucker Punch","Slice"],"picked":"Cloak And Dagger","floor":7},{"not_picked":["Dodge and Roll","Terror"],"picked":"Noxious Fumes","floor":10},{"not_picked":["Reflex","Phantasmal Killer","Flechettes"],"picked":"SKIP","floor":11},{"not_picked":["Riddle With Holes","Underhanded Strike","Deflect"],"picked":"SKIP","floor":12},{"not_picked":["Catalyst","Slice"],"picked":"Dagger Throw","floor":14}],"player_experience":388164,"relics_obtained":[{"floor":7,"key":"Whetstone"},{"floor":9,"key":"Blue Candle"}],"event_choices":[{"cards_removed":["Strike_G"],"damage_healed":0,"gold_gain":0,"player_choice":"Card Removal","damage_taken":7,"max_hp_gain":0,"max_hp_loss":0,"event_name":"Golden Wing","floor":2,"gold_loss":0},{"damage_healed":0,"gold_gain":0,"player_choice":"Bought 3 Potions","damage_taken":0,"max_hp_gain":0,"max_hp_loss":0,"event_name":"The Woman in Blue","floor":4,"gold_loss":0}],"is_beta":false,"boss_relics":[],"items_purged_floors":[],"is_endless":false,"potions_floor_spawned":[5,10],"killed_by":"The Guardian","ascension_level":7}