{"gold_per_floor":[118,118,118,135,60,60,70,86,86,99,99,124,136,153,153,256,256,266,266,130,146,161,161,192,212,212,212,231,246,446,461,461,565,565,584,584,122,137,137,150,163,189,269,285,47,59,59,72,72,72,72,72,72,104,104],"floor_reached":56,"playtime":5561,"items_purged":["Defend_R","Writhe","Defend_R","Parasite"],"score":1182,"play_id":"ff14c625-dbf5-4477-93f5-0dd126f376a1","local_time":"20190120203131","is_ascension_mode":false,"campfire_choices":[{"data":"Iron Wave","floor":6.0,"key":"SMITH"},{"data":"Iron Wave","floor":11.0,"key":"SMITH"},{"data":"Bash","floor":15.0,"key":"SMITH"},{"data":"Demon Form","floor":23.0,"key":"SMITH"},{"floor":32.0,"key":"REST"},{"data":"Metallicize","floor":47.0,"key":"SMITH"},{"floor":49.0,"key":"RECALL"},{"data":"Good Instincts","floor":52.0,"key":"SMITH"}],"neow_cost":"NONE","seed_source_timestamp":0,"circlet_count":0,"master_deck":["Strike_R","Strike_R+1","Strike_R","Strike_R","Defend_R","Bash+1","Iron Wave+1","Iron Wave+1","Demon Form+1","True Grit+1","Metallicize","Metallicize+1","Reaper","Shrug It Off","Metallicize+1","Good Instincts+1"],"special_seed":0,"relics":["Runic Pyramid","Darkstone Periapt","Singing Bowl","Calling Bell","Lantern","Pantograph","Charon\u0027s Ashes","Blood Vial","Self Forming Clay","Mark of Pain","FossilizedHelix","Gremlin Horn","Art of War","Shuriken"],"potions_floor_usage":[55,55,55],"damage_taken":[{"damage":0.0,"enemies":"2 Louse","floor":1.0,"turns":3.0},{"damage":5.0,"enemies":"Small Slimes","floor":4.0,"turns":3.0},{"damage":0.0,"enemies":"Cultist","floor":7.0,"turns":3.0},{"damage":0.0,"enemies":"Blue Slaver","floor":8.0,"turns":3.0},{"damage":1.0,"enemies":"2 Fungi Beasts","floor":10.0,"turns":3.0},{"damage":13.0,"enemies":"Gremlin Nob","floor":12.0,"turns":4.0},{"damage":0.0,"enemies":"Exordium Thugs","floor":13.0,"turns":5.0},{"damage":0.0,"enemies":"Large Slime","floor":14.0,"turns":6.0},{"damage":46.0,"enemies":"Hexaghost","floor":16.0,"turns":14.0},{"damage":37.0,"enemies":"Spheric Guardian","floor":18.0,"turns":6.0},{"damage":30.0,"enemies":"3 Byrds","floor":21.0,"turns":8.0},{"damage":17.0,"enemies":"Centurion and Healer","floor":22.0,"turns":29.0},{"damage":32.0,"enemies":"Slavers","floor":24.0,"turns":8.0},{"damage":1.0,"enemies":"3 Cultists","floor":25.0,"turns":6.0},{"damage":15.0,"enemies":"Snecko","floor":28.0,"turns":5.0},{"damage":10.0,"enemies":"Snake Plant","floor":29.0,"turns":6.0},{"damage":1.0,"enemies":"Chosen and Byrds","floor":31.0,"turns":9.0},{"damage":40.0,"enemies":"Automaton","floor":33.0,"turns":9.0},{"damage":13.0,"enemies":"Orb Walker","floor":35.0,"turns":5.0},{"damage":7.0,"enemies":"3 Shapes","floor":38.0,"turns":6.0},{"damage":0.0,"enemies":"Maw","floor":40.0,"turns":8.0},{"damage":65.0,"enemies":"4 Shapes","floor":41.0,"turns":8.0},{"damage":42.0,"enemies":"Reptomancer","floor":42.0,"turns":7.0},{"damage":10.0,"enemies":"3 Darklings","floor":44.0,"turns":5.0},{"damage":0.0,"enemies":"Maw","floor":46.0,"turns":7.0},{"damage":8.0,"enemies":"Sphere and 2 Shapes","floor":48.0,"turns":6.0},{"damage":38.0,"enemies":"Awakened One","floor":50.0,"turns":12.0},{"damage":33,"enemies":"Shield and Spear","floor":54,"turns":11},{"damage":120,"enemies":"The Heart","floor":55,"turns":10}],"seed_played":"5429455255938635743","potions_obtained":[{"floor":1.0,"key":"SpeedPotion"},{"floor":7.0,"key":"Energy Potion"},{"floor":12.0,"key":"Regen Potion"},{"floor":18.0,"key":"SpeedPotion"},{"floor":22.0,"key":"Explosive Potion"},{"floor":29.0,"key":"LiquidBronze"},{"floor":31.0,"key":"SpeedPotion"},{"floor":33.0,"key":"Block Potion"},{"floor":38.0,"key":"LiquidBronze"},{"floor":44.0,"key":"Regen Potion"},{"floor":54,"key":"Weak Potion"}],"is_trial":false,"path_per_floor":["M","?","?","M","$","R","M","M","T","M","R","E","M","M","R","B",null,"M","?","$","M","M","R","E","M","T","?","M","M","?","M","R","B",null,"M","?","$","M","?","M","M","E","T","M","$","M","R","M","R","B",null,"R","$","E","B",null],"character_chosen":"IRONCLAD","items_purchased":["Metallicize","Shrug It Off","FossilizedHelix","Good Instincts"],"campfire_rested":1,"item_purchase_floors":[20,37,37,45],"current_hp_per_floor":[80,64,64,59,59,59,59,59,59,58,58,47,49,51,51,5,104,67,67,67,39,39,39,9,10,10,46,35,29,29,32,66,53,116,111,111,111,120,120,122,81,73,73,112,112,123,123,127,127,117,127,127,127,97,17],"gold":104,"neow_bonus":"BOSS_RELIC","is_prod":false,"is_daily":false,"chose_seed":false,"campfire_upgraded":6,"win_rate":0,"timestamp":1548034291,"path_taken":["M","?","?","M","$","R","M","M","T","M","R","E","M","M","R","BOSS","M","?","$","M","?","R","E","M","T","?","M","M","?","M","R","BOSS","M","?","$","M","?","M","M","E","T","M","$","M","R","?","R","BOSS","R","$","E","BOSS"],"build_version":"2019-01-17v2","purchased_purges":4,"victory":true,"max_hp_per_floor":[80,80,80,80,80,80,80,80,80,80,80,82,84,86,86,86,104,104,104,104,106,108,108,110,110,110,110,112,114,114,116,116,116,116,118,118,118,120,120,122,124,124,124,126,123,125,125,127,127,127,127,127,127,129,129],"card_choices":[{"not_picked":["Feel No Pain","Warcry","Headbutt"],"picked":"SKIP","floor":1.0},{"not_picked":["Searing Blow","Blood for Blood"],"picked":"Iron Wave","floor":4.0},{"not_picked":["Dropkick","Blood for Blood","Havoc"],"picked":"SKIP","floor":7.0},{"not_picked":["Wild Strike","Armaments"],"picked":"Iron Wave","floor":8.0},{"not_picked":["Sentinel","Sever Soul","Twin Strike"],"picked":"SKIP","floor":10.0},{"not_picked":["Heavy Blade","Anger","Disarm"],"picked":"Singing Bowl","floor":12.0},{"not_picked":["Seeing Red","Feed","True Grit"],"picked":"Singing Bowl","floor":13.0},{"not_picked":["Sword Boomerang","Cleave","Thunderclap"],"picked":"Singing Bowl","floor":14.0},{"not_picked":["Dark Embrace","Barricade"],"picked":"Demon Form","floor":16.0},{"not_picked":["Sword Boomerang+1","Pummel"],"picked":"True Grit+1","floor":18.0},{"not_picked":["Clothesline+1","Clash","Body Slam"],"picked":"Singing Bowl","floor":21.0},{"not_picked":["Clothesline","Clash+1","Spot Weakness"],"picked":"Singing Bowl","floor":22.0},{"not_picked":["Clothesline+1","Flex+1","Uppercut"],"picked":"Singing Bowl","floor":24.0},{"not_picked":["Clash","Barricade"],"picked":"Metallicize+1","floor":25.0},{"not_picked":["Carnage","Second Wind+1","Feel No Pain"],"picked":"Singing Bowl","floor":28.0},{"not_picked":["Body Slam","Flex","Thunderclap"],"picked":"Singing Bowl","floor":29.0},{"not_picked":["Cleave","Warcry","Metallicize"],"picked":"Singing Bowl","floor":31.0},{"not_picked":["Bludgeon","Juggernaut"],"picked":"Reaper","floor":33.0},{"not_picked":["Thunderclap","Body Slam+1","Clash"],"picked":"Singing Bowl","floor":35.0},{"not_picked":["Cleave","Perfected Strike","Clothesline+1"],"picked":"Singing Bowl","floor":38.0},{"not_picked":["Searing Blow+1","Sever Soul","Whirlwind+1"],"picked":"Singing Bowl","floor":40.0},{"not_picked":["Warcry+1","Cleave+1","Wild Strike+1"],"picked":"Singing Bowl","floor":41.0},{"not_picked":["Perfected Strike+1","Thunderclap"],"picked":"Metallicize","floor":42.0},{"not_picked":["Pummel","Twin Strike","Intimidate+1"],"picked":"Singing Bowl","floor":44.0},{"not_picked":["Flex","Infernal Blade","Sever Soul+1"],"picked":"Singing Bowl","floor":46.0},{"not_picked":["Corruption","Burning Pact+1","Bloodletting"],"picked":"Singing Bowl","floor":48.0},{"not_picked":["Seeing Red+1","Reckless Charge+1","Entrench"],"picked":"Singing Bowl","floor":54}],"player_experience":275466,"relics_obtained":[{"floor":9.0,"key":"Darkstone Periapt"},{"floor":12.0,"key":"Singing Bowl"},{"floor":17.0,"key":"Lantern"},{"floor":17.0,"key":"Pantograph"},{"floor":17.0,"key":"Charon\u0027s Ashes"},{"floor":24.0,"key":"Blood Vial"},{"floor":26.0,"key":"Self Forming Clay"},{"floor":42.0,"key":"Art of War"},{"floor":54,"key":"Shuriken"}],"event_choices":[{"damage_healed":0.0,"max_hp_gain":0.0,"max_hp_loss":0.0,"gold_gain":0.0,"event_name":"Shining Light","player_choice":"Entered Light","floor":2.0,"gold_loss":0.0,"damage_taken":16.0,"cards_upgraded":["Strike_R","Defend_R"]},{"cards_removed":["Strike_R"],"damage_healed":0.0,"max_hp_gain":0.0,"max_hp_loss":0.0,"gold_gain":0.0,"event_name":"Living Wall","player_choice":"Forget","floor":3.0,"gold_loss":0.0,"damage_taken":0.0},{"cards_removed":["Regret"],"damage_healed":0.0,"max_hp_gain":0.0,"max_hp_loss":0.0,"gold_gain":0.0,"event_name":"Wheel of Change","player_choice":"Card Removal","floor":19.0,"gold_loss":0.0,"damage_taken":0.0},{"damage_healed":36.0,"max_hp_gain":0.0,"max_hp_loss":0.0,"gold_gain":0.0,"event_name":"The Library","player_choice":"Heal","floor":27.0,"gold_loss":0.0,"damage_taken":0.0},{"damage_healed":0.0,"max_hp_gain":0.0,"max_hp_loss":0.0,"gold_gain":250.0,"event_name":"The Joust","player_choice":"Bet on Owner","floor":30.0,"gold_loss":50.0,"damage_taken":0.0},{"cards_removed":["Defend_R"],"damage_healed":0.0,"max_hp_gain":0.0,"max_hp_loss":0.0,"gold_gain":0.0,"event_name":"Falling","player_choice":"Removed Skill","floor":36.0,"gold_loss":0.0,"damage_taken":0.0},{"damage_healed":0.0,"max_hp_gain":0.0,"max_hp_loss":0.0,"gold_gain":0.0,"event_name":"WeMeetAgain","player_choice":"Gave Potion","floor":39.0,"gold_loss":0.0,"damage_taken":0.0,"relics_obtained":["Gremlin Horn"]}],"is_beta":false,"boss_relics":[{"not_picked":["Orrery","Tiny House"],"picked":"Calling Bell"},{"not_picked":["Lizard Tail","Astrolabe"],"picked":"Mark of Pain"}],"items_purged_floors":[5,20,37,45],"is_endless":false,"potions_floor_spawned":[1,7,12,18,22,29,31,33,38,44,48,54],"ascension_level":0}