{"gold_per_floor":[115,115,131,151,167,167,202,202,202,202,202,5,36,52,52,156,156,172,184,198,208,14,14,40,40,65,82,82],"floor_reached":28,"playtime":2598,"items_purged":["Defend_R"],"score":375,"play_id":"304032a4-0ac6-49bd-af68-92dd97ad7b07","local_time":"20190819023217","is_ascension_mode":true,"campfire_choices":[{"floor":6,"key":"REST"},{"floor":8,"key":"REST"},{"data":"Reaper","floor":10,"key":"SMITH"},{"data":"Metamorphosis","floor":15,"key":"SMITH"},{"floor":23,"key":"REST"},{"floor":25,"key":"REST"}],"neow_cost":"NONE","seed_source_timestamp":2262256530544800,"circlet_count":0,"master_deck":["Strike_R+1","Strike_R","Strike_R+1","Strike_R","Defend_R","Defend_R","Defend_R","Bash","Carnage+1","Brutality","Shrug It Off","Reaper+1","Rage","Metamorphosis+1","Pommel Strike+1","Double Tap","Shrug It Off","Secret Weapon","Ghostly Armor"],"relics":["Burning Blood","The Courier","Matryoshka","Art of War","Lizard Tail","Shuriken","Ancient Tea Set","Whetstone"],"potions_floor_usage":[13,16,18,19,20,24],"damage_taken":[{"damage":7,"enemies":"Jaw Worm","floor":1,"turns":3},{"damage":0,"enemies":"Cultist","floor":3,"turns":2},{"damage":2,"enemies":"2 Louse","floor":4,"turns":2},{"damage":38,"enemies":"Exordium Thugs","floor":5,"turns":7},{"damage":55,"enemies":"Lagavulin","floor":7,"turns":7},{"damage":40,"enemies":"3 Sentries","floor":13,"turns":8},{"damage":9,"enemies":"2 Fungi Beasts","floor":14,"turns":3},{"damage":3,"enemies":"Slime Boss","floor":16,"turns":4},{"damage":21,"enemies":"2 Thieves","floor":18,"turns":4},{"damage":31,"enemies":"Chosen","floor":19,"turns":7},{"damage":41,"enemies":"Centurion and Healer","floor":20,"turns":6},{"damage":18,"enemies":"3 Cultists","floor":21,"turns":4},{"damage":76,"enemies":"Slavers","floor":24,"turns":6},{"damage":47,"enemies":"Shelled Parasite and Fungi","floor":27,"turns":4},{"damage":32,"enemies":"Snake Plant","floor":28,"turns":4}],"seed_played":"8344037438638546978","potions_obtained":[{"floor":3,"key":"BloodPotion"},{"floor":5,"key":"SpeedPotion"},{"floor":7,"key":"Fire Potion"},{"floor":14,"key":"Block Potion"},{"floor":19,"key":"Strength Potion"},{"floor":21,"key":"FearPotion"},{"floor":27,"key":"FairyPotion"}],"is_trial":false,"path_per_floor":["M","?","M","M","M","R","E","R","T","R","?","$","E","M","R","B",null,"M","M","M","M","$","R","E","R","T","M","M"],"character_chosen":"IRONCLAD","items_purchased":["Metamorphosis","Shrug It Off","Secret Weapon"],"campfire_rested":4,"item_purchase_floors":[12,22,22],"current_hp_per_floor":[79,63,69,73,41,65,16,40,40,40,40,40,40,47,47,50,73,68,57,22,20,20,44,23,47,47,16,0],"gold":82,"neow_bonus":"THREE_CARDS","is_prod":false,"is_daily":false,"chose_seed":false,"campfire_upgraded":2,"win_rate":0,"timestamp":1566153137,"path_taken":["M","?","M","M","M","R","E","R","T","R","?","$","E","M","R","BOSS","M","M","M","M","$","R","E","R","T","?","M"],"build_version":"2019-07-17","purchased_purges":1,"victory":false,"max_hp_per_floor":[80,80,80,80,80,80,80,80,80,80,80,80,80,80,80,80,80,80,80,80,80,80,80,80,80,80,80,80],"card_choices":[{"not_picked":["Sword Boomerang","Headbutt"],"picked":"Carnage","floor":0},{"not_picked":["Body Slam","True Grit","Dual Wield"],"picked":"SKIP","floor":1},{"not_picked":["Warcry","Flex"],"picked":"Brutality","floor":3},{"not_picked":["Carnage","Headbutt"],"picked":"Shrug It Off","floor":4},{"not_picked":["Anger","Iron Wave","Pommel Strike"],"picked":"SKIP","floor":5},{"not_picked":["Shockwave","Cleave"],"picked":"Reaper","floor":7},{"not_picked":["Barricade","Power Through"],"picked":"Pommel Strike","floor":13},{"not_picked":["Thunderclap","Clothesline","Second Wind"],"picked":"SKIP","floor":14},{"not_picked":["Barricade","Limit Break"],"picked":"Double Tap","floor":16},{"not_picked":["Uppercut+1","True Grit+1","Whirlwind"],"picked":"SKIP","floor":18},{"not_picked":["Headbutt","Bloodletting","Intimidate"],"picked":"SKIP","floor":19},{"not_picked":["Headbutt","Cleave+1","Anger"],"picked":"SKIP","floor":20},{"not_picked":["Havoc","Sever Soul+1","Rage"],"picked":"SKIP","floor":21},{"not_picked":["Corruption","Headbutt","Heavy Blade"],"picked":"SKIP","floor":24},{"not_picked":["Havoc","Immolate"],"picked":"Ghostly Armor","floor":27}],"player_experience":734273,"relics_obtained":[{"floor":7,"key":"The Courier"},{"floor":9,"key":"Matryoshka"},{"floor":13,"key":"Art of War"},{"floor":24,"key":"Shuriken"},{"floor":26,"key":"Ancient Tea Set"},{"floor":26,"key":"Whetstone"}],"event_choices":[{"damage_healed":0,"gold_gain":0,"player_choice":"Entered Light","damage_taken":16,"max_hp_gain":0,"max_hp_loss":0,"event_name":"Shining Light","floor":2,"gold_loss":0,"cards_upgraded":["Strike_R","Strike_R"]},{"damage_healed":0,"gold_gain":0,"cards_transformed":["Strike_R"],"player_choice":"Transformed","damage_taken":0,"max_hp_gain":0,"max_hp_loss":0,"event_name":"Transmorgrifier","floor":11,"gold_loss":0,"cards_obtained":["Rage"]}],"is_beta":false,"boss_relics":[{"not_picked":["Snecko Eye","Coffee Dripper"],"picked":"Lizard Tail"}],"items_purged_floors":[12],"is_endless":false,"potions_floor_spawned":[3,5,7,14,19,21,27],"killed_by":"Snake Plant","ascension_level":5}