{"gold_per_floor":[113,113,132,132,148,148,166,140,140,140,150,160,160,72,72,144,144,160,171,171,171],"floor_reached":21,"playtime":960,"items_purged":[],"score":316,"play_id":"2b50c020-1ebb-4c76-ab94-9b070aa00b92","local_time":"20190730133925","is_ascension_mode":true,"campfire_choices":[{"data":"Neutralize","floor":6,"key":"SMITH"},{"floor":10,"key":"REST"},{"data":"Footwork","floor":13,"key":"SMITH"},{"floor":15,"key":"REST"}],"neow_cost":"CURSE","seed_source_timestamp":1530731991118498,"circlet_count":0,"master_deck":["AscendersBane","Strike_G","Strike_G","Strike_G","Strike_G","Strike_G+1","Defend_G","Defend_G","Defend_G","Defend_G","Defend_G","Survivor","Neutralize+1","Injury","Storm of Steel+1","Heel Hook","Choke","Escape Plan","Heel Hook","Flying Knee","Footwork+1","After Image","Night Terror","Deadly Poison"],"relics":["Ring of the Snake","Mercury Hourglass","Matryoshka","Busted Crown"],"potions_floor_usage":[],"damage_taken":[{"damage":7,"enemies":"Jaw Worm","floor":1,"turns":3},{"damage":2,"enemies":"Small Slimes","floor":3,"turns":3},{"damage":1,"enemies":"2 Louse","floor":5,"turns":3},{"damage":16,"enemies":"Exordium Thugs","floor":7,"turns":4},{"damage":1,"enemies":"Large Slime","floor":11,"turns":5},{"damage":0,"enemies":"Gremlin Gang","floor":12,"turns":3},{"damage":20,"enemies":"The Guardian","floor":16,"turns":12},{"damage":22,"enemies":"Shell Parasite","floor":18,"turns":3},{"damage":25,"enemies":"2 Thieves","floor":19,"turns":5},{"damage":8,"enemies":"Sentry and Sphere","floor":21,"turns":5}],"seed_played":"-4054888512319568766","potions_obtained":[{"floor":1,"key":"Dexterity Potion"},{"floor":3,"key":"LiquidBronze"}],"is_trial":false,"path_per_floor":["M","?","M","?","M","R","M","$","T","R","M","M","R","$","R","B",null,"M","M","$","M"],"character_chosen":"THE_SILENT","items_purchased":["Flying Knee","After Image"],"campfire_rested":2,"item_purchase_floors":[8,14],"current_hp_per_floor":[52,32,30,19,18,18,2,2,2,21,20,20,20,20,39,19,54,32,7,7,0],"gold":171,"neow_bonus":"THREE_RARE_CARDS","is_prod":false,"is_daily":false,"chose_seed":false,"campfire_upgraded":2,"win_rate":0,"timestamp":1564508365,"path_taken":["M","?","M","?","M","R","M","$","T","R","M","M","R","$","R","BOSS","M","M","$","M"],"build_version":"2019-07-17","purchased_purges":0,"victory":false,"max_hp_per_floor":[66,66,66,66,66,66,66,66,66,66,66,66,66,66,66,66,66,66,66,66,66],"card_choices":[{"not_picked":["After Image","Bullet Time"],"picked":"Storm of Steel","floor":0},{"not_picked":["Calculated Gamble","Dagger Spray"],"picked":"Heel Hook","floor":1},{"not_picked":["Slice","Concentrate"],"picked":"Choke","floor":3},{"not_picked":["Dodge and Roll","Prepared"],"picked":"Escape Plan","floor":5},{"not_picked":["Dagger Spray","Underhanded Strike"],"picked":"Heel Hook","floor":7},{"not_picked":["Underhanded Strike","PiercingWail","Eviscerate"],"picked":"SKIP","floor":11},{"not_picked":["Prepared","Backstab"],"picked":"Footwork","floor":12},{"not_picked":["Die Die Die","Phantasmal Killer"],"picked":"Night Terror","floor":16},{"not_picked":["PiercingWail"],"picked":"SKIP","floor":18},{"not_picked":[],"picked":"Deadly Poison","floor":19}],"player_experience":946786,"relics_obtained":[{"floor":9,"key":"Matryoshka"}],"event_choices":[{"damage_healed":0,"gold_gain":0,"player_choice":"Entered Light","damage_taken":20,"max_hp_gain":0,"max_hp_loss":0,"event_name":"Shining Light","floor":2,"gold_loss":0,"cards_upgraded":["Storm of Steel","Strike_G"]},{"damage_healed":0,"gold_gain":0,"player_choice":"Success","damage_taken":11,"relics_obtained":["Mercury Hourglass"],"max_hp_gain":0,"max_hp_loss":0,"event_name":"Scrap Ooze","floor":4,"gold_loss":0}],"is_beta":false,"boss_relics":[{"not_picked":["Eternal Feather","Calling Bell"],"picked":"Busted Crown"}],"items_purged_floors":[],"is_endless":false,"potions_floor_spawned":[1,3,7],"killed_by":"Sentry and Sphere","ascension_level":17}