{"gold_per_floor":[164,184,18,38,57,86,86,86,110,124,134,168,181,200,200,297,297,307,307,287,302,302],"floor_reached":22,"playtime":1155,"items_purged":["Strike_R"],"score":240,"play_id":"8be466d1-09d3-48d2-8424-f94fd8b9b32e","local_time":"20190113175846","is_ascension_mode":true,"campfire_choices":[{"data":"Spot Weakness","floor":8,"key":"SMITH"},{"floor":15,"key":"REST"}],"neow_cost":"NONE","seed_source_timestamp":3362319314452629,"circlet_count":0,"master_deck":["Strike_R","Strike_R","Defend_R","Defend_R","Defend_R+1","Bash","Shrug It Off","Dropkick","Uppercut","Iron Wave","Iron Wave","Pommel Strike","Spot Weakness+1","Battle Trance","Pommel Strike","Juggernaut","Shrug It Off+1"],"relics":["Tiny House","Bronze Scales","Pen Nib","Oddly Smooth Stone","Empty Cage"],"potions_floor_usage":[6,12,16,16,21,21,22],"damage_taken":[{"damage":6,"enemies":"Cultist","floor":1,"turns":3},{"damage":4,"enemies":"2 Louse","floor":2,"turns":2},{"damage":0,"enemies":"Small Slimes","floor":4,"turns":4},{"damage":6,"enemies":"Red Slaver","floor":5,"turns":3},{"damage":27,"enemies":"Gremlin Nob","floor":6,"turns":4},{"damage":2,"enemies":"Large Slime","floor":10,"turns":4},{"damage":13,"enemies":"Exordium Thugs","floor":11,"turns":4},{"damage":12,"enemies":"3 Sentries","floor":12,"turns":5},{"damage":4,"enemies":"Exordium Wildlife","floor":13,"turns":3},{"damage":0,"enemies":"Large Slime","floor":14,"turns":4},{"damage":22,"enemies":"The Guardian","floor":16,"turns":9},{"damage":35,"enemies":"2 Thieves","floor":18,"turns":4},{"damage":16,"enemies":"Colosseum Slavers","floor":19,"turns":6},{"damage":15,"enemies":"Shell Parasite","floor":21,"turns":5},{"damage":20,"enemies":"Shelled Parasite and Fungi","floor":22,"turns":8}],"seed_played":"4087047708047279001","potions_obtained":[{"floor":0,"key":"SpeedPotion"},{"floor":1,"key":"SpeedPotion"},{"floor":5,"key":"FearPotion"},{"floor":11,"key":"Swift Potion"},{"floor":13,"key":"Dexterity Potion"},{"floor":18,"key":"SteroidPotion"},{"floor":20,"key":"EssenceOfSteel"}],"is_trial":false,"path_per_floor":["M","M","$","M","M","E","?","R","T","M","M","E","M","M","R","B",null,"M","?","?","M","M"],"character_chosen":"IRONCLAD","items_purchased":["Uppercut","Iron Wave"],"campfire_rested":1,"item_purchase_floors":[3,3],"current_hp_per_floor":[79,75,75,75,69,42,42,42,42,40,27,15,11,11,36,14,85,50,34,34,19,0],"gold":302,"neow_bonus":"BOSS_RELIC","is_prod":false,"is_daily":false,"chose_seed":false,"campfire_upgraded":1,"win_rate":0,"timestamp":1547420326,"path_taken":["M","M","$","M","M","E","?","R","T","M","?","E","M","?","R","BOSS","M","?","?","M","?"],"build_version":"2019-01-10","purchased_purges":1,"victory":false,"max_hp_per_floor":[85,85,85,85,85,85,85,85,85,85,85,85,85,85,85,85,85,85,85,85,85,85],"card_choices":[{"not_picked":["Heavy Blade","Fire Breathing"],"picked":"Shrug It Off","floor":1},{"not_picked":["Armaments","Clothesline"],"picked":"Dropkick","floor":2},{"not_picked":["Armaments","Intimidate"],"picked":"Iron Wave","floor":4},{"not_picked":["Iron Wave","Flex"],"picked":"Pommel Strike","floor":5},{"not_picked":["Reckless Charge","Infernal Blade"],"picked":"Spot Weakness","floor":6},{"not_picked":["Warcry","Twin Strike","Body Slam"],"picked":"SKIP","floor":10},{"not_picked":["Second Wind","Perfected Strike","Twin Strike"],"picked":"SKIP","floor":11},{"not_picked":["Blood for Blood","Hemokinesis","Anger"],"picked":"SKIP","floor":12},{"not_picked":["Berserk","Cleave"],"picked":"Battle Trance","floor":13},{"not_picked":["Whirlwind","Warcry"],"picked":"Pommel Strike","floor":14},{"not_picked":["Fiend Fire","Offering"],"picked":"Juggernaut","floor":16},{"not_picked":["Headbutt","Rupture","Power Through+1"],"picked":"SKIP","floor":18},{"not_picked":["Seeing Red","Sever Soul"],"picked":"Shrug It Off+1","floor":21}],"player_experience":207922,"relics_obtained":[{"floor":6,"key":"Bronze Scales"},{"floor":9,"key":"Pen Nib"},{"floor":12,"key":"Oddly Smooth Stone"}],"event_choices":[{"cards_removed":["Defend_R"],"damage_healed":0,"gold_gain":0,"player_choice":"Purged","damage_taken":0,"max_hp_gain":0,"max_hp_loss":0,"event_name":"Purifier","floor":7,"gold_loss":0},{"damage_healed":0,"gold_gain":0,"player_choice":"Fight","damage_taken":0,"max_hp_gain":0,"max_hp_loss":0,"event_name":"Colosseum","floor":19,"gold_loss":0},{"damage_healed":0,"gold_gain":0,"player_choice":"Fled From Nobs","damage_taken":0,"max_hp_gain":0,"max_hp_loss":0,"event_name":"Colosseum","floor":19,"gold_loss":0},{"damage_healed":0,"gold_gain":0,"player_choice":"Bought 1 Potion","damage_taken":0,"max_hp_gain":0,"max_hp_loss":0,"event_name":"The Woman in Blue","floor":20,"gold_loss":0}],"is_beta":false,"boss_relics":[{"not_picked":["White Beast Statue","Ectoplasm"],"picked":"Empty Cage"}],"items_purged_floors":[3],"is_endless":false,"potions_floor_spawned":[1,5,11,13,18],"killed_by":"Shelled Parasite and Fungi","ascension_level":4}