{"gold_per_floor":[112,3,78,78,52,95,118,118,169,182,207,243,243,92,92,92],"floor_reached":16,"playtime":913,"items_purged":["Strike_G","Injury"],"score":160,"play_id":"2aa72ca4-857c-4489-a8d3-cf1a5144cb62","local_time":"20181019184845","is_ascension_mode":true,"campfire_choices":[{"data":"Terror","floor":8,"key":"SMITH"},{"floor":13,"key":"REST"},{"data":"Venomology","floor":15,"key":"SMITH"}],"neow_cost":"NONE","seed_source_timestamp":773486620045000,"circlet_count":0,"master_deck":["Defend_G","Defend_G","Defend_G","Defend_G","Defend_G","Strike_G","Strike_G","Strike_G","Strike_G","Survivor","Neutralize","Endless Agony","Terror+1","Deflect","Heel Hook","Heel Hook","Venomology+1","PiercingWail"],"relics":["Ring of the Snake","NeowsBlessing","Golden Idol","Omamori","Juzu Bracelet","Dodecahedron"],"potions_floor_usage":[11,11,11,12,12,16,16],"damage_taken":[{"damage":0,"enemies":"2 Louse","floor":1,"turns":1},{"damage":0,"enemies":"Lagavulin","floor":6,"turns":1},{"damage":0,"enemies":"Cultist","floor":7,"turns":1},{"damage":2,"enemies":"Jaw Worm","floor":10,"turns":5},{"damage":1,"enemies":"Red Slaver","floor":11,"turns":4},{"damage":27,"enemies":"3 Sentries","floor":12,"turns":8},{"damage":71,"enemies":"Slime Boss","floor":16,"turns":9}],"seed_played":"7350415037635322713","potions_obtained":[{"floor":1,"key":"SkillPotion"},{"floor":7,"key":"SkillPotion"},{"floor":10,"key":"Regen Potion"}],"is_trial":false,"path_per_floor":["M","$","?","?","$","E","M","R","T","M","M","E","R","$","R"],"character_chosen":"THE_SILENT","items_purchased":["Terror","Deflect","Weak Potion"],"campfire_rested":1,"item_purchase_floors":[2,5,14],"current_hp_per_floor":[70,70,63,63,63,63,63,63,63,61,69,42,63,63,63,0],"gold":92,"neow_bonus":"THREE_ENEMY_KILL","is_prod":false,"is_daily":false,"chose_seed":false,"campfire_upgraded":2,"win_rate":0,"timestamp":1539946125,"path_taken":["M","$","?","?","$","E","M","R","T","M","M","E","R","?","R","BOSS"],"build_version":"2018-10-18","purchased_purges":2,"victory":false,"max_hp_per_floor":[70,70,70,70,70,70,70,70,70,70,70,70,70,70,70,70],"card_choices":[{"not_picked":["Prepared","Choke"],"picked":"Endless Agony","floor":1},{"not_picked":["Outmaneuver","Dagger Spray"],"picked":"Heel Hook","floor":6},{"not_picked":["Underhanded Strike","Skewer"],"picked":"Heel Hook","floor":7},{"not_picked":["Dagger Throw","Flying Knee"],"picked":"Venomology","floor":10},{"not_picked":["Setup","Expertise"],"picked":"PiercingWail","floor":11},{"not_picked":["Distraction","Blade Dance","Escape Plan"],"picked":"SKIP","floor":12}],"player_experience":435644,"relics_obtained":[{"floor":6,"key":"Omamori"},{"floor":9,"key":"Juzu Bracelet"},{"floor":12,"key":"Dodecahedron"}],"event_choices":[{"damage_healed":0,"gold_gain":75,"player_choice":"Touch","damage_taken":7,"max_hp_gain":0,"max_hp_loss":0,"event_name":"FaceTrader","floor":3,"gold_loss":0},{"damage_healed":0,"gold_gain":0,"player_choice":"Take Wound","damage_taken":0,"relics_obtained":["Golden Idol"],"max_hp_gain":0,"max_hp_loss":0,"event_name":"Golden Idol","floor":4,"gold_loss":0,"cards_obtained":["Injury"]}],"is_beta":false,"boss_relics":[],"items_purged_floors":[2,14],"is_endless":false,"potions_floor_spawned":[1,7,10],"killed_by":"Slime Boss","ascension_level":4}