{"gold_per_floor":[118,137,67,67,67,67,93,105,105,138,138,151,151,163,163,268,268,281,251,137,137,148,148,148,160,187,42,42,57,73,73,73,168,168,182,202,26,26,39,39,39,39,339,339,354,9,109,209,209,209],"floor_reached":51,"playtime":3771,"items_purged":["Strike_G","Slice"],"score":957,"play_id":"c5e98364-d39d-4e3c-bdf3-1148bc8ccc45","local_time":"20190822202017","is_ascension_mode":true,"campfire_choices":[{"data":"Well Laid Plans","floor":6.0,"key":"SMITH"},{"floor":11.0,"key":"REST"},{"floor":15.0,"key":"REST"},{"data":"Noxious Fumes","floor":23.0,"key":"SMITH"},{"floor":28,"key":"REST"},{"floor":32,"key":"REST"},{"floor":40,"key":"REST"},{"data":"Backflip","floor":42,"key":"SMITH"},{"data":"Noxious Fumes","floor":49,"key":"SMITH"}],"neow_cost":"NONE","seed_source_timestamp":120873113189075,"circlet_count":0,"master_deck":["Strike_G+1","Strike_G+1","Strike_G+1","Defend_G+1","Defend_G+1","Defend_G+1","Defend_G+1","Defend_G+1","Survivor","Neutralize","Bouncing Flask+1","Well Laid Plans+1","Crippling Poison+1","PiercingWail+1","Noxious Fumes+1","Dash","After Image","Noxious Fumes","Deflect+1","PiercingWail","Doppelganger","Deadly Poison+1","Backflip+1","Noxious Fumes+1","Catalyst+1"],"special_seed":0,"relics":["Ring of the Serpent","Ninja Scroll","Blood Vial","Boot","Anchor","War Paint","Velvet Choker","Old Coin","Lee\u0027s Waffle","Oddly Smooth Stone","FossilizedHelix"],"potions_floor_usage":[25,30,36,50,50,50,50],"damage_taken":[{"damage":0.0,"enemies":"Small Slimes","floor":1.0,"turns":4.0},{"damage":0.0,"enemies":"Jaw Worm","floor":2.0,"turns":3.0},{"damage":14.0,"enemies":"Gremlin Nob","floor":7.0,"turns":4.0},{"damage":0.0,"enemies":"Cultist","floor":8.0,"turns":3.0},{"damage":23.0,"enemies":"Lagavulin","floor":10.0,"turns":6.0},{"damage":5.0,"enemies":"Large Slime","floor":12.0,"turns":4.0},{"damage":0.0,"enemies":"Exordium Thugs","floor":13.0,"turns":1.0},{"damage":1.0,"enemies":"Looter","floor":14.0,"turns":4.0},{"damage":15.0,"enemies":"The Guardian","floor":16.0,"turns":10.0},{"damage":15.0,"enemies":"Chosen","floor":18.0,"turns":6.0},{"damage":3.0,"enemies":"Shell Parasite","floor":22.0,"turns":7.0},{"damage":0,"enemies":"Cultist and Chosen","floor":25,"turns":6},{"damage":0,"enemies":"Chosen and Byrds","floor":29,"turns":6},{"damage":4,"enemies":"3 Cultists","floor":30,"turns":6},{"damage":79,"enemies":"Champ","floor":33,"turns":16},{"damage":5,"enemies":"3 Darklings","floor":35,"turns":5},{"damage":2,"enemies":"Orb Walker","floor":36,"turns":5},{"damage":12,"enemies":"Jaw Worm Horde","floor":39,"turns":4},{"damage":15,"enemies":"3 Darklings","floor":45,"turns":5},{"damage":0,"enemies":"Mind Bloom Boss Battle","floor":47,"turns":5},{"damage":41,"enemies":"Time Eater","floor":50,"turns":14}],"seed_played":"6332406284286677551","potions_obtained":[{"floor":0.0,"key":"Energy Potion"},{"floor":0.0,"key":"SmokeBomb"},{"floor":0.0,"key":"AttackPotion"},{"floor":2.0,"key":"Block Potion"},{"floor":7.0,"key":"SneckoOil"},{"floor":12.0,"key":"Swift Potion"},{"floor":19.0,"key":"Fruit Juice"},{"floor":19.0,"key":"FairyPotion"},{"floor":22.0,"key":"SteroidPotion"},{"floor":25,"key":"SneckoOil"},{"floor":33,"key":"SpeedPotion"},{"floor":36,"key":"Strength Potion"},{"floor":45,"key":"GhostInAJar"},{"floor":47,"key":"EntropicBrew"}],"is_trial":false,"path_per_floor":["M","M","$","?","?","R","E","M","T","E","R","M","M","M","R","B",null,"M","?","$","?","M","R","?","M","T","$","R","M","M","?","R","B",null,"M","M","$","?","M","R","?","R","T","?","M","$","?","?","R","B",null],"character_chosen":"THE_SILENT","items_purchased":["Well Laid Plans","Noxious Fumes","War Paint","Noxious Fumes","Lee\u0027s Waffle","Oddly Smooth Stone"],"campfire_rested":5,"item_purchase_floors":[3,20,27,37,46,46],"current_hp_per_floor":[63,63,63,68,68,68,54,54,54,33,55,52,54,55,75,60,71,58,58,58,58,57,57,43,45,45,45,69,71,69,61,80,1,60,57,62,62,62,52,77,77,77,77,77,64,92,92,92,92,51],"gold":209,"neow_bonus":"THREE_SMALL_POTIONS","is_prod":false,"is_daily":false,"chose_seed":false,"campfire_upgraded":4,"win_rate":0,"timestamp":1566501617,"path_taken":["M","M","$","?","?","R","E","M","T","E","R","M","M","?","R","BOSS","M","?","?","?","M","R","?","M","T","$","R","?","?","?","R","BOSS","M","M","$","?","M","R","?","R","T","?","M","?","?","?","R","BOSS"],"build_version":"2019-07-17","purchased_purges":2,"victory":true,"max_hp_per_floor":[70,70,70,75,75,75,75,75,75,75,75,75,75,75,75,75,75,75,75,75,75,75,75,80,80,80,80,80,80,80,80,80,80,80,80,85,85,85,85,85,85,85,85,85,85,92,92,92,92,92],"card_choices":[{"not_picked":["Tactician","Choke"],"picked":"Bouncing Flask","floor":1.0},{"not_picked":["Flying Knee","Sucker Punch"],"picked":"Slice","floor":2.0},{"not_picked":["Backstab","Tactician"],"picked":"Crippling Poison","floor":7.0},{"not_picked":["Bane","Caltrops"],"picked":"PiercingWail","floor":8.0},{"not_picked":["Venomology","Predator"],"picked":"Noxious Fumes","floor":10.0},{"not_picked":["Prepared","PiercingWail"],"picked":"Dash","floor":12.0},{"not_picked":["Caltrops","Quick Slash","Acrobatics"],"picked":"SKIP","floor":14.0},{"not_picked":["Glass Knife","Burst"],"picked":"After Image","floor":16.0},{"not_picked":["Underhanded Strike","Blade Dance+1","Acrobatics"],"picked":"SKIP","floor":18.0},{"not_picked":["Acrobatics","Deadly Poison"],"picked":"Deflect+1","floor":22.0},{"not_picked":["Masterful Stab","Deadly Poison+1"],"picked":"PiercingWail","floor":25},{"not_picked":["Acrobatics","Skewer","Dagger Spray"],"picked":"SKIP","floor":29},{"not_picked":["Outmaneuver","Slice","Bane"],"picked":"SKIP","floor":30},{"not_picked":["Unload","Glass Knife"],"picked":"Doppelganger","floor":33},{"not_picked":["Flying Knee+1","Poisoned Stab+1"],"picked":"Deadly Poison+1","floor":35},{"not_picked":["Slice+1","Setup+1"],"picked":"Backflip","floor":36},{"not_picked":["Prepared+1","Slice+1"],"picked":"Catalyst+1","floor":39},{"not_picked":["Sucker Punch+1","Slice+1","PiercingWail"],"picked":"SKIP","floor":45}],"player_experience":523545,"relics_obtained":[{"floor":7.0,"key":"Ninja Scroll"},{"floor":9.0,"key":"Blood Vial"},{"floor":10.0,"key":"Boot"},{"floor":26,"key":"Anchor"},{"floor":43,"key":"Old Coin"},{"floor":47,"key":"FossilizedHelix"}],"event_choices":[{"damage_healed":0.0,"max_hp_gain":5.0,"max_hp_loss":0.0,"gold_gain":0.0,"event_name":"Big Fish","player_choice":"Donut","floor":4.0,"gold_loss":0.0,"damage_taken":0.0},{"damage_healed":0.0,"max_hp_gain":0.0,"max_hp_loss":0.0,"gold_gain":0.0,"event_name":"Upgrade Shrine","player_choice":"Upgraded","floor":5.0,"gold_loss":0.0,"damage_taken":0.0,"cards_upgraded":["Bouncing Flask"]},{"damage_healed":0.0,"max_hp_gain":0.0,"max_hp_loss":0.0,"gold_gain":0.0,"event_name":"The Woman in Blue","player_choice":"Bought 2 Potions","floor":19.0,"gold_loss":0.0,"damage_taken":0.0},{"damage_healed":0.0,"max_hp_gain":0.0,"max_hp_loss":0.0,"gold_gain":0.0,"event_name":"Back to Basics","player_choice":"Simplicity","floor":21.0,"gold_loss":0.0,"damage_taken":0.0,"cards_upgraded":["Strike_G","Strike_G","Strike_G","Strike_G","Defend_G","Defend_G","Defend_G","Defend_G","Defend_G"]},{"damage_healed":0.0,"max_hp_gain":5.0,"max_hp_loss":0.0,"gold_gain":0.0,"event_name":"Forgotten Altar","player_choice":"Shed Blood","floor":24.0,"gold_loss":0.0,"damage_taken":19.0},{"damage_healed":0,"gold_gain":0,"player_choice":"Damaged","damage_taken":8,"max_hp_gain":0,"max_hp_loss":0,"event_name":"Wheel of Change","floor":31,"gold_loss":0},{"damage_healed":0,"gold_gain":0,"player_choice":"Memory 1","damage_taken":0,"max_hp_gain":0,"max_hp_loss":0,"event_name":"SensoryStone","floor":38,"gold_loss":0},{"cards_removed":["Strike_G"],"damage_healed":0,"gold_gain":0,"player_choice":"Removed Attack","damage_taken":0,"max_hp_gain":0,"max_hp_loss":0,"event_name":"Falling","floor":41,"gold_loss":0},{"damage_healed":0,"gold_gain":0,"player_choice":"Ignored","damage_taken":0,"max_hp_gain":0,"max_hp_loss":0,"event_name":"Mysterious Sphere","floor":44,"gold_loss":0},{"damage_healed":0,"gold_gain":0,"player_choice":"Fight","damage_taken":0,"max_hp_gain":0,"max_hp_loss":0,"event_name":"MindBloom","floor":47,"gold_loss":0},{"damage_healed":0,"gold_gain":100,"player_choice":"Pray","damage_taken":0,"max_hp_gain":0,"max_hp_loss":0,"event_name":"Golden Shrine","floor":48,"gold_loss":0}],"is_beta":false,"boss_relics":[{"not_picked":["Lizard Tail","Runic Pyramid"],"picked":"Ring of the Serpent"},{"not_picked":["Orrery","Black Star"],"picked":"Velvet Choker"}],"items_purged_floors":[20,37],"is_endless":false,"potions_floor_spawned":[2,7,12,13,22,25,33,36,39,45,47],"ascension_level":8}