{"gold_per_floor":[117,128,143,143,156,156,190,190,490,490,504,530,545,558,558,661,661,661,661,661,661,661,661,661,661,661,290,290,290,290,290,290,290,290,290,29,29,29,29,29,29,29,29,29,29,29],"floor_reached":46,"playtime":7058,"items_purged":["Strike_G"],"score":698,"play_id":"c17ba7fa-36c9-49f9-a047-2f98273be568","local_time":"20181012053428","is_ascension_mode":true,"campfire_choices":[{"data":"Dagger Spray","floor":6,"key":"SMITH"},{"data":"Dagger Spray","floor":8,"key":"SMITH"},{"floor":10,"key":"REST"},{"data":"1","floor":15,"key":"LIFT"},{"data":"2","floor":23,"key":"LIFT"},{"data":"3","floor":25,"key":"LIFT"},{"data":"Prepared","floor":28,"key":"SMITH"},{"data":"Dagger Spray","floor":30,"key":"SMITH"},{"floor":32,"key":"REST"},{"floor":40,"key":"REST"},{"floor":45,"key":"REST"}],"neow_cost":"NONE","seed_source_timestamp":0,"circlet_count":0,"master_deck":["Defend_G","Defend_G","Defend_G","Defend_G","Strike_G","Survivor","Neutralize","Dagger Spray+1","Finisher","Prepared+1","Blade Dance","Dagger Spray+1","Dagger Spray+1","Dagger Spray","Blade Dance","PiercingWail","PiercingWail+1","Adrenaline","Venomology","PiercingWail+1","Deflect+1","Terror+1"],"special_seed":0,"relics":["Ring of the Snake","Thread and Needle","Old Coin","Girya","Ectoplasm","Vajra","Bronze Scales","Anchor","Orichalcum","Empty Cage","Molten Egg 2","Blood Vial","The Courier","Juzu Bracelet"],"potions_floor_usage":[12,12,21,33,41,42,44,44,44,46],"damage_taken":[{"damage":1,"enemies":"Cultist","floor":1,"turns":5},{"damage":2,"enemies":"Jaw Worm","floor":2,"turns":3},{"damage":6,"enemies":"2 Louse","floor":3,"turns":3},{"damage":1,"enemies":"Looter","floor":5,"turns":3},{"damage":29,"enemies":"Lagavulin","floor":7,"turns":7},{"damage":0,"enemies":"3 Louse","floor":11,"turns":1},{"damage":0,"enemies":"Gremlin Nob","floor":12,"turns":2},{"damage":0,"enemies":"Gremlin Gang","floor":13,"turns":1},{"damage":0,"enemies":"Exordium Wildlife","floor":14,"turns":4},{"damage":4,"enemies":"Slime Boss","floor":16,"turns":7},{"damage":0,"enemies":"3 Byrds","floor":18,"turns":3},{"damage":0,"enemies":"Chosen","floor":20,"turns":3},{"damage":11,"enemies":"Shelled Parasite and Fungi","floor":21,"turns":5},{"damage":8,"enemies":"Colosseum Slavers","floor":24,"turns":3},{"damage":0,"enemies":"Slavers","floor":29,"turns":2},{"damage":11,"enemies":"Snecko","floor":31,"turns":5},{"damage":30,"enemies":"Automaton","floor":33,"turns":7},{"damage":0,"enemies":"3 Darklings","floor":35,"turns":2},{"damage":18,"enemies":"3 Shapes","floor":37,"turns":2},{"damage":26,"enemies":"Sphere and 2 Shapes","floor":39,"turns":1},{"damage":0,"enemies":"2 Orb Walkers","floor":41,"turns":3},{"damage":0,"enemies":"Spire Growth","floor":42,"turns":3},{"damage":6,"enemies":"Nemesis","floor":44,"turns":3},{"damage":69,"enemies":"Giant Head","floor":46,"turns":7}],"seed_played":"-6123996269196745084","potions_obtained":[{"floor":3,"key":"Fire Potion"},{"floor":11,"key":"Swift Potion"},{"floor":12,"key":"Fire Potion"},{"floor":16,"key":"Dexterity Potion"},{"floor":29,"key":"SmokeBomb"},{"floor":33,"key":"SteroidPotion"},{"floor":37,"key":"SteroidPotion"}],"is_trial":false,"path_per_floor":["M","M","M","?","M","R","E","R","T","R","M","E","M","M","R","B",null,"M","?","M","M","?","R","?","R","T","$","R","E","R","M","R","B",null,"M","$","M","?","M","R","E","M","T","E","R"],"character_chosen":"THE_SILENT","items_purchased":["Bronze Scales","Anchor","Molten Egg 2"],"campfire_rested":4,"item_purchase_floors":[27,27,36],"current_hp_per_floor":[69,67,61,61,60,60,31,31,31,52,52,52,52,52,52,48,70,70,70,70,59,59,59,51,51,51,51,51,51,51,40,61,31,70,70,70,52,52,26,45,45,47,47,43,62,0],"gold":29,"neow_bonus":"TRANSFORM_CARD","is_prod":false,"is_daily":false,"chose_seed":false,"campfire_upgraded":4,"win_rate":0,"timestamp":1539293668,"path_taken":["M","M","?","?","M","R","E","R","T","R","?","E","?","M","R","BOSS","M","?","M","?","?","R","?","R","T","$","R","E","R","M","R","BOSS","M","$","M","?","?","R","E","?","T","E","R","E"],"build_version":"2018-10-04v2","purchased_purges":1,"victory":false,"max_hp_per_floor":[70,70,70,70,70,70,70,70,70,70,70,70,70,70,70,70,70,70,70,70,70,70,70,70,70,70,70,70,70,70,70,70,70,70,70,70,70,66,66,66,66,66,66,66,66,66],"card_choices":[{"not_picked":["Bane","Backflip"],"picked":"Finisher","floor":1},{"not_picked":["Finisher","Choke"],"picked":"Prepared","floor":2},{"not_picked":["Slice","Eviscerate"],"picked":"Blade Dance","floor":3},{"not_picked":["Flying Knee","Quick Slash"],"picked":"Dagger Spray","floor":5},{"not_picked":["Flying Knee","Night Terror"],"picked":"Dagger Spray","floor":7},{"not_picked":["Flying Knee","Acrobatics","Deadly Poison"],"picked":"SKIP","floor":11},{"not_picked":["Backstab","Grand Finale"],"picked":"Dagger Spray","floor":12},{"not_picked":["Deadly Poison","Finisher"],"picked":"Blade Dance","floor":13},{"not_picked":["Bane","Flechettes","Finisher"],"picked":"SKIP","floor":14},{"not_picked":["Underhanded Strike","Concentrate","Bane+1"],"picked":"SKIP","floor":18},{"not_picked":["Dagger Spray","Finisher+1","Bane"],"picked":"SKIP","floor":20},{"not_picked":["Flying Knee+1","Escape Plan","Outmaneuver"],"picked":"SKIP","floor":21},{"not_picked":["Slice","Setup"],"picked":"PiercingWail+1","floor":29},{"not_picked":["Outmaneuver","Caltrops"],"picked":"Adrenaline","floor":31},{"not_picked":["Corpse Explosion","Phantasmal Killer"],"picked":"Venomology","floor":33},{"not_picked":["Flying Knee+1","Dagger Throw","Backstab+1"],"picked":"SKIP","floor":35},{"not_picked":["Skewer+1","Blade Dance+1"],"picked":"PiercingWail+1","floor":37},{"not_picked":["Underhanded Strike+1","PiercingWail","Acrobatics+1"],"picked":"SKIP","floor":39},{"not_picked":["Dagger Throw+1","Well Laid Plans+1"],"picked":"Deflect+1","floor":41},{"not_picked":["Concentrate","Flying Knee+1"],"picked":"Terror+1","floor":42},{"not_picked":["Dodge and Roll","Distraction+1","Calculated Gamble+1"],"picked":"SKIP","floor":44}],"player_experience":384826,"relics_obtained":[{"floor":7,"key":"Thread and Needle"},{"floor":9,"key":"Old Coin"},{"floor":12,"key":"Girya"},{"floor":26,"key":"Vajra"},{"floor":29,"key":"Orichalcum"},{"floor":41,"key":"Blood Vial"},{"floor":43,"key":"The Courier"},{"floor":44,"key":"Juzu Bracelet"}],"event_choices":[{"event_name":"Wheel of Change","player_choice":"Card Removal","floor":4,"damage_taken":0},{"event_name":"Vampires","player_choice":"Ignored","floor":19,"damage_taken":0},{"event_name":"The Library","player_choice":"Read","floor":22,"damage_taken":0},{"event_name":"Colosseum","player_choice":"Fight","floor":24,"damage_taken":0},{"event_name":"Colosseum","player_choice":"Fled From Nobs","floor":24,"damage_taken":0},{"event_name":"Winding Halls","player_choice":"Max HP","floor":38,"damage_taken":0}],"is_beta":false,"boss_relics":[{"not_picked":["HoveringKite","Snecko Eye"],"picked":"Ectoplasm"},{"not_picked":["WristBlade","Cursed Key"],"picked":"Empty Cage"}],"items_purged_floors":[27],"is_endless":false,"potions_floor_spawned":[3,11,12,16,29,33,37,39],"killed_by":"Giant Head","ascension_level":3}