{"gold_per_floor":[119,137,148,118,32,32,46,80,126,126,126,201,221,22,22,124,124,143,93,103,116,135,135,19,37,61,61],"floor_reached":27,"playtime":3122,"items_purged":[],"score":215,"play_id":"bc04ac8b-c846-4ce1-9b54-a746389d2032","local_time":"20190721171426","is_ascension_mode":false,"campfire_choices":[{"data":"Terror","floor":6,"key":"SMITH"},{"floor":10,"key":"REST"},{"floor":15,"key":"REST"},{"floor":23,"key":"REST"}],"neow_cost":"NONE","seed_source_timestamp":2574843527328,"circlet_count":0,"master_deck":["Strike_G","Strike_G","Strike_G","Strike_G","Strike_G","Defend_G","Defend_G","Defend_G","Defend_G","Defend_G","Survivor","Neutralize","Dramatic Entrance","Outmaneuver","Expertise","Terror+1","Deflect","Escape Plan","Acrobatics","Crippling Poison","Footwork","Well Laid Plans","Accuracy","Outmaneuver","Backstab","Adrenaline","Blade Dance","Sucker Punch+1","Deadly Poison+1","Deadly Poison+1","Infinite Blades","Blade Dance","Blade Dance+1"],"relics":["Ring of the Snake","Gremlin Horn","Pen Nib","WristBlade","PreservedInsect"],"potions_floor_usage":[],"damage_taken":[{"damage":0,"enemies":"Small Slimes","floor":1,"turns":3},{"damage":0,"enemies":"2 Louse","floor":2,"turns":2},{"damage":6,"enemies":"Cultist","floor":3,"turns":4},{"damage":0,"enemies":"Looter","floor":4,"turns":4},{"damage":7,"enemies":"3 Louse","floor":7,"turns":5},{"damage":27,"enemies":"Lagavulin","floor":8,"turns":9},{"damage":2,"enemies":"Exordium Thugs","floor":13,"turns":4},{"damage":25,"enemies":"The Guardian","floor":16,"turns":21},{"damage":14,"enemies":"3 Byrds","floor":18,"turns":7},{"damage":4,"enemies":"Spheric Guardian","floor":20,"turns":6},{"damage":22,"enemies":"Chosen and Byrds","floor":21,"turns":9},{"damage":17,"enemies":"Shelled Parasite and Fungi","floor":22,"turns":5},{"damage":19,"enemies":"Sentry and Sphere","floor":25,"turns":5},{"damage":22,"enemies":"3 Cultists","floor":27,"turns":3}],"seed_played":"-5943064646050044528","potions_obtained":[{"floor":3,"key":"Weak Potion"},{"floor":7,"key":"SpeedPotion"},{"floor":13,"key":"Weak Potion"},{"floor":20,"key":"Explosive Potion"}],"is_trial":false,"path_per_floor":["M","M","M","M","$","R","M","E","T","R","?","?","M","$","R","B",null,"M","?","M","M","M","R","$","M","T","M"],"character_chosen":"THE_SILENT","items_purchased":["Escape Plan","Acrobatics","Accuracy","Outmaneuver","Backstab","Infinite Blades","Blade Dance"],"campfire_rested":3,"item_purchase_floors":[5,5,14,14,14,24,24],"current_hp_per_floor":[70,70,64,64,64,64,57,30,30,51,51,40,38,38,59,34,70,56,56,52,30,13,34,34,15,15,0],"gold":61,"neow_bonus":"RANDOM_COLORLESS","is_prod":false,"is_daily":false,"chose_seed":false,"campfire_upgraded":1,"win_rate":0.0,"timestamp":1563722066,"path_taken":["M","M","M","M","$","R","M","E","T","R","?","?","M","$","R","BOSS","M","?","M","M","M","R","$","M","T","M"],"build_version":"2019-07-17","purchased_purges":0,"victory":false,"max_hp_per_floor":[70,70,70,70,70,70,70,70,70,70,70,70,70,70,70,70,70,70,70,70,70,70,70,70,70,70,70],"card_choices":[{"not_picked":["Acrobatics","Underhanded Strike"],"picked":"Outmaneuver","floor":1},{"not_picked":["Acrobatics","Dagger Spray"],"picked":"Expertise","floor":2},{"not_picked":["Expertise","Poisoned Stab"],"picked":"Terror","floor":3},{"not_picked":["Reflex","Eviscerate"],"picked":"Deflect","floor":4},{"not_picked":["Heel Hook","Sucker Punch"],"picked":"Crippling Poison","floor":7},{"not_picked":["Leg Sweep","Reflex"],"picked":"Footwork","floor":8},{"not_picked":["Choke","Heel Hook"],"picked":"Well Laid Plans","floor":13},{"not_picked":["Malaise","Glass Knife"],"picked":"Adrenaline","floor":16},{"not_picked":["Outmaneuver","Skewer"],"picked":"Blade Dance","floor":18},{"not_picked":["Quick Slash","Masterful Stab"],"picked":"Sucker Punch+1","floor":20},{"not_picked":["Outmaneuver","Flying Knee"],"picked":"Deadly Poison+1","floor":21},{"not_picked":["Blade Dance","Backstab+1"],"picked":"Deadly Poison+1","floor":22},{"not_picked":["Crippling Poison","Doppelganger"],"picked":"Blade Dance+1","floor":25}],"player_experience":163512,"relics_obtained":[{"floor":8,"key":"Gremlin Horn"},{"floor":9,"key":"Pen Nib"},{"floor":26,"key":"PreservedInsect"}],"event_choices":[{"damage_healed":0,"gold_gain":0,"player_choice":"Leave","damage_taken":0,"max_hp_gain":0,"max_hp_loss":0,"event_name":"The Cleric","floor":11,"gold_loss":0},{"damage_healed":0,"gold_gain":75,"player_choice":"Gather Gold","damage_taken":11,"max_hp_gain":0,"max_hp_loss":0,"event_name":"World of Goop","floor":12,"gold_loss":0},{"damage_healed":0,"gold_gain":0,"player_choice":"Bet on Owner","damage_taken":0,"max_hp_gain":0,"max_hp_loss":0,"event_name":"The Joust","floor":19,"gold_loss":50}],"is_beta":false,"boss_relics":[{"not_picked":["Orrery","Astrolabe"],"picked":"WristBlade"}],"items_purged_floors":[],"is_endless":false,"potions_floor_spawned":[3,7,13,20,22],"killed_by":"3 Cultists","ascension_level":0}