{"gold_per_floor":[13,13,28,39,49,49,76,91,91,91,91,104,124,142,142,237,237,251,262,187,204,36,36,36],"floor_reached":24,"playtime":1563,"items_purged":["Strike_R","Strike_R"],"score":273,"play_id":"e0aa3f1e-64df-4eab-a07a-770f9924a37f","local_time":"20190821225817","is_ascension_mode":true,"campfire_choices":[{"data":"Rampage","floor":6,"key":"SMITH"},{"floor":11,"key":"REST"},{"floor":15,"key":"REST"},{"floor":23,"key":"REST"}],"neow_cost":"NO_GOLD","seed_source_timestamp":2509645699578800,"circlet_count":0,"master_deck":["Strike_R","Defend_R","Defend_R","Bash","Pommel Strike","True Grit","Rampage+1","Double Tap","True Grit+1","Shrug It Off","Battle Trance"],"relics":["Burning Blood","Regal Pillow","Frozen Egg 2","Bottled Flame","Empty Cage"],"potions_floor_usage":[16,16,16,19,24],"damage_taken":[{"damage":1,"enemies":"Cultist","floor":1,"turns":3},{"damage":0,"enemies":"Small Slimes","floor":3,"turns":3},{"damage":2,"enemies":"2 Louse","floor":4,"turns":3},{"damage":33,"enemies":"Exordium Thugs","floor":5,"turns":6},{"damage":28,"enemies":"Gremlin Nob","floor":7,"turns":4},{"damage":4,"enemies":"3 Louse","floor":8,"turns":5},{"damage":6,"enemies":"Blue Slaver","floor":12,"turns":5},{"damage":4,"enemies":"Exordium Thugs","floor":13,"turns":4},{"damage":47,"enemies":"Lots of Slimes","floor":14,"turns":5},{"damage":42,"enemies":"The Guardian","floor":16,"turns":9},{"damage":23,"enemies":"3 Byrds","floor":18,"turns":7},{"damage":5,"enemies":"Chosen","floor":19,"turns":4},{"damage":28,"enemies":"Sentry and Sphere","floor":21,"turns":6},{"damage":86,"enemies":"Book of Stabbing","floor":24,"turns":7}],"seed_played":"-1814540475367172170","potions_obtained":[{"floor":1,"key":"EssenceOfSteel"},{"floor":8,"key":"EssenceOfSteel"},{"floor":12,"key":"SkillPotion"},{"floor":13,"key":"BloodPotion"},{"floor":14,"key":"EssenceOfSteel"},{"floor":16,"key":"Regen Potion"},{"floor":18,"key":"Ancient Potion"},{"floor":19,"key":"EssenceOfSteel"}],"is_trial":false,"path_per_floor":["M","$","M","M","M","R","E","M","T","T","R","M","M","M","R","B",null,"M","M","$","M","$","R","E"],"character_chosen":"IRONCLAD","items_purchased":["Battle Trance"],"campfire_rested":3,"item_purchase_floors":[22],"current_hp_per_floor":[77,77,80,80,53,53,31,33,33,33,72,72,74,33,72,36,69,52,62,62,40,40,79,0],"gold":36,"neow_bonus":"REMOVE_TWO","is_prod":false,"is_daily":false,"chose_seed":false,"campfire_upgraded":1,"win_rate":0,"timestamp":1566399497,"path_taken":["M","?","M","M","M","R","E","M","T","?","R","M","M","M","R","BOSS","M","M","?","?","$","R","E"],"build_version":"2019-07-17","purchased_purges":2,"victory":false,"max_hp_per_floor":[80,80,80,80,80,80,80,80,80,80,80,80,80,80,80,80,80,80,80,80,80,80,80,80],"card_choices":[{"not_picked":["Sever Soul","Seeing Red"],"picked":"Pommel Strike","floor":1},{"not_picked":["Clash","Wild Strike"],"picked":"True Grit","floor":3},{"not_picked":["Shrug It Off","Clothesline"],"picked":"Rampage","floor":4},{"not_picked":["Armaments","Rupture","Anger"],"picked":"SKIP","floor":5},{"not_picked":["Carnage","Feel No Pain","Feed"],"picked":"SKIP","floor":7},{"not_picked":["Rage","Sentinel","Body Slam"],"picked":"SKIP","floor":8},{"not_picked":["Searing Blow","Iron Wave","Anger"],"picked":"SKIP","floor":12},{"not_picked":["Body Slam","Cleave","Seeing Red"],"picked":"SKIP","floor":13},{"not_picked":["Dropkick","Sentinel","Hemokinesis"],"picked":"SKIP","floor":14},{"not_picked":["Demon Form+1","Reaper"],"picked":"Double Tap","floor":16},{"not_picked":["Rupture+1","Thunderclap"],"picked":"True Grit+1","floor":18},{"not_picked":["Body Slam","Flex"],"picked":"Shrug It Off","floor":19},{"not_picked":["Dual Wield+1","Pummel","Flex"],"picked":"SKIP","floor":21}],"player_experience":828809,"relics_obtained":[{"floor":7,"key":"Regal Pillow"},{"floor":9,"key":"Frozen Egg 2"},{"floor":10,"key":"Bottled Flame"}],"event_choices":[],"is_beta":false,"boss_relics":[{"not_picked":["Runic Dome","Tiny House"],"picked":"Empty Cage"}],"items_purged_floors":[20,22],"is_endless":false,"potions_floor_spawned":[1,8,12,13,14,16,18,19],"killed_by":"Book of Stabbing","ascension_level":7}