{"gold_per_floor":[110,123,137,157,157,157,190,153,200,214,233,2,2,2,2,77,77,90,100,50,62,37,37,65,65,143,156,26,26],"floor_reached":29,"playtime":3126,"items_purged":["Strike_G"],"score":453,"play_id":"343c0b8b-0ce6-46cf-960d-08fe19906510","local_time":"20190730210330","is_ascension_mode":true,"campfire_choices":[{"data":"Catalyst","floor":6.0,"key":"SMITH"},{"data":"Noxious Fumes","floor":15,"key":"SMITH"},{"data":"Backflip","floor":23,"key":"SMITH"},{"data":"Survivor","floor":25,"key":"SMITH"}],"neow_cost":"NONE","seed_source_timestamp":1555190874924840,"circlet_count":0,"master_deck":["AscendersBane","Strike_G","Strike_G","Strike_G","Defend_G","Defend_G","Defend_G","Defend_G","Defend_G","Survivor+1","Neutralize","Quick Slash","Deadly Poison","Catalyst+1","Flying Knee","Backflip+1","Noxious Fumes+1","Dagger Throw","Deadly Poison","Tools of the Trade+1","Underhanded Strike","Escape Plan","Blade Dance+1","Deadly Poison","Blade Dance+1","Backflip"],"special_seed":0,"relics":["Coffee Dripper","Kunai","Omamori","Lee\u0027s Waffle","Happy Flower","Runic Pyramid","Bag of Marbles","Mercury Hourglass"],"potions_floor_usage":[21,24],"damage_taken":[{"damage":1.0,"enemies":"Cultist","floor":1.0,"turns":4.0},{"damage":1.0,"enemies":"2 Louse","floor":2.0,"turns":4.0},{"damage":1.0,"enemies":"Small Slimes","floor":3.0,"turns":3.0},{"damage":5.0,"enemies":"Red Slaver","floor":4.0,"turns":3.0},{"damage":35.0,"enemies":"3 Sentries","floor":7.0,"turns":12.0},{"damage":6.0,"enemies":"Exordium Thugs","floor":10.0,"turns":4.0},{"damage":0,"enemies":"Looter","floor":11,"turns":2},{"damage":38,"enemies":"Hexaghost","floor":16,"turns":7},{"damage":0,"enemies":"Spheric Guardian","floor":18,"turns":3},{"damage":4,"enemies":"Chosen","floor":19,"turns":5},{"damage":21,"enemies":"3 Cultists","floor":21,"turns":6},{"damage":34,"enemies":"Book of Stabbing","floor":24,"turns":5},{"damage":4,"enemies":"Centurion and Healer","floor":27,"turns":5},{"damage":1,"enemies":"Snake Plant","floor":29,"turns":1}],"seed_played":"3940938401350162524","potions_obtained":[{"floor":1.0,"key":"SteroidPotion"},{"floor":7.0,"key":"Strength Potion"},{"floor":10.0,"key":"Strength Potion"},{"floor":16,"key":"AttackPotion"},{"floor":18,"key":"Poison Potion"},{"floor":27,"key":"Dexterity Potion"}],"is_trial":false,"path_per_floor":["M","M","M","M","?","R","E","$","T","M","M","$","?","$","R","B",null,"M","M","?","M","$","R","E","R","T","M","$","M"],"character_chosen":"THE_SILENT","items_purchased":["Noxious Fumes","Lee\u0027s Waffle","Deadly Poison","Backflip"],"campfire_rested":0,"item_purchase_floors":[8,12,22,28],"current_hp_per_floor":[58,57,56,51,51,51,16,16,16,10,10,73,73,73,73,35,64,64,60,60,39,39,39,5,5,5,1,1,0],"gold":26,"neow_bonus":"BOSS_RELIC","is_prod":false,"is_daily":false,"chose_seed":false,"campfire_upgraded":4,"win_rate":0,"timestamp":1564535010,"path_taken":["M","M","?","M","?","R","E","$","T","M","M","?","?","$","R","BOSS","M","M","?","M","$","R","E","R","T","M","?","M"],"build_version":"2019-07-17","purchased_purges":1,"victory":false,"max_hp_per_floor":[66,66,66,66,66,66,66,66,66,66,66,73,73,73,73,73,73,73,73,73,73,73,73,73,73,73,73,73,73],"card_choices":[{"not_picked":["Finisher","Eviscerate"],"picked":"Quick Slash","floor":1.0},{"not_picked":["Concentrate","Expertise"],"picked":"Deadly Poison","floor":2.0},{"not_picked":["Dagger Throw","Endless Agony"],"picked":"Catalyst","floor":3.0},{"not_picked":["Backflip","Dagger Throw"],"picked":"Flying Knee","floor":4.0},{"not_picked":["Deflect","Slice"],"picked":"Backflip","floor":7.0},{"not_picked":["Backstab","Predator"],"picked":"Dagger Throw","floor":10.0},{"not_picked":["Quick Slash","Blur"],"picked":"Deadly Poison","floor":11},{"not_picked":["Bullet Time","Grand Finale"],"picked":"Tools of the Trade","floor":16},{"not_picked":["Slice+1","All Out Attack"],"picked":"Underhanded Strike","floor":18},{"not_picked":["Concentrate","Finisher"],"picked":"Escape Plan","floor":19},{"not_picked":["Deflect","Backstab"],"picked":"Blade Dance+1","floor":21},{"not_picked":["Dagger Spray","Eviscerate","Finisher"],"picked":"SKIP","floor":24},{"not_picked":["Prepared","Sucker Punch"],"picked":"Blade Dance+1","floor":27}],"player_experience":962076,"relics_obtained":[{"floor":7.0,"key":"Kunai"},{"floor":9.0,"key":"Omamori"},{"floor":24,"key":"Bag of Marbles"},{"floor":26,"key":"Mercury Hourglass"}],"event_choices":[{"cards_removed":["Strike_G"],"damage_healed":0.0,"max_hp_gain":0.0,"max_hp_loss":0.0,"gold_gain":0.0,"event_name":"Purifier","player_choice":"Purged","floor":5.0,"gold_loss":0.0,"damage_taken":0.0},{"damage_healed":0,"gold_gain":0,"player_choice":"Gave Potion","damage_taken":0,"relics_obtained":["Happy Flower"],"max_hp_gain":0,"max_hp_loss":0,"event_name":"WeMeetAgain","floor":13,"gold_loss":0},{"damage_healed":0,"gold_gain":0,"player_choice":"Upgrade","damage_taken":0,"max_hp_gain":0,"max_hp_loss":0,"event_name":"Designer","floor":20,"gold_loss":50,"cards_upgraded":["Tools of the Trade"]}],"is_beta":false,"boss_relics":[{"not_picked":["Orrery","WristBlade"],"picked":"Runic Pyramid"}],"items_purged_floors":[28],"is_endless":false,"potions_floor_spawned":[1,7,10,16,18,27],"killed_by":"Snake Plant","ascension_level":17}