{"gold_per_floor":[115,130,156,106,106,106,30,30,60,60,81,95,95,128,140,282,294,326,338],"floor_reached":19,"playtime":1654,"items_purged":[],"score":182,"play_id":"8b2bdcf2-b0b3-4f45-84d5-71e2f8ebc1dd","local_time":"20180730224059","is_ascension_mode":true,"campfire_choices":[{"data":"Neutralize","floor":6,"key":"SMITH"},{"data":"Infinite Blades","floor":8,"key":"SMITH"},{"data":"Defend_G","floor":10,"key":"SMITH"},{"data":"Defend_G","floor":13,"key":"SMITH"},{"floor":15,"key":"REST"}],"neow_cost":"NONE","seed_source_timestamp":717327795112245,"circlet_count":0,"master_deck":["Defend_G+1","Defend_G+1","Defend_G","Defend_G","Defend_G","Strike_G","Strike_G","Strike_G","Strike_G","Survivor","Neutralize+1","Bullet Time","Deflect","Infinite Blades+1","Deadly Poison","Poisoned Stab","Burst","Tools of the Trade","Noxious Fumes"],"relics":["Ring of the Snake","Pen Nib","Golden Idol","Tiny Chest","MawBank"],"potions_floor_usage":[14,16,16],"damage_taken":[{"damage":0,"enemies":"Cultist","floor":1,"turns":5},{"damage":0,"enemies":"Small Slimes","floor":2,"turns":4},{"damage":5,"enemies":"2 Louse","floor":11,"turns":3},{"damage":0,"enemies":"Large Slime","floor":12,"turns":6},{"damage":10,"enemies":"Gremlin Nob","floor":14,"turns":3},{"damage":20,"enemies":"The Guardian","floor":16,"turns":15},{"damage":21,"enemies":"Spheric Guardian","floor":18,"turns":6},{"damage":52,"enemies":"3 Byrds","floor":19,"turns":3}],"seed_played":"-4525323915841760926","potions_obtained":[{"floor":1,"key":"FearPotion"},{"floor":2,"key":"AttackPotion"},{"floor":12,"key":"Fire Potion"}],"is_trial":false,"path_per_floor":["M","M","T","?","?","R","$","R","T","R","M","M","R","E","R","B",null,"M"],"character_chosen":"THE_SILENT","items_purchased":["Infinite Blades"],"campfire_rested":1,"item_purchase_floors":[7],"current_hp_per_floor":[70,70,70,70,53,53,53,53,53,53,48,48,48,38,59,39,70,49,0],"gold":338,"neow_bonus":"ONE_RANDOM_RARE_CARD","is_prod":false,"is_daily":false,"chose_seed":false,"campfire_upgraded":4,"win_rate":0,"timestamp":1532961659,"path_taken":["M","M","?","?","?","R","$","R","T","R","M","?","R","E","R","BOSS","M","M"],"build_version":"2018-07-26","purchased_purges":0,"victory":false,"max_hp_per_floor":[70,70,70,70,70,70,70,70,70,70,70,70,70,70,70,70,70,70,70],"card_choices":[{"not_picked":["Skewer","Underhanded Strike","Dagger Spray"],"picked":"SKIP","floor":1},{"not_picked":["Slice","Escape Plan"],"picked":"Deflect","floor":2},{"not_picked":["Terror","Poisoned Stab"],"picked":"Deadly Poison","floor":11},{"not_picked":["Outmaneuver","Bane"],"picked":"Poisoned Stab","floor":12},{"not_picked":["Bane","Flying Knee"],"picked":"Burst","floor":14},{"not_picked":["Envenom","Night Terror"],"picked":"Tools of the Trade","floor":16},{"not_picked":["Predator+1","Acrobatics"],"picked":"Noxious Fumes","floor":18}],"player_experience":86741,"relics_obtained":[{"floor":3,"key":"Pen Nib"},{"floor":9,"key":"Tiny Chest"},{"floor":14,"key":"MawBank"}],"event_choices":[{"event_name":"The Cleric","player_choice":"Card Removal","floor":4,"damage_taken":0},{"event_name":"Golden Idol","player_choice":"Take Damage","floor":5,"damage_taken":0}],"is_beta":false,"boss_relics":[{"not_picked":["Runic Dome","Snecko Eye","Velvet Choker"]}],"items_purged_floors":[],"is_endless":false,"potions_floor_spawned":[1,2,12],"killed_by":"3 Byrds","ascension_level":2}