{"gold_per_floor":[113,113,113,129,144,144,165,165,165,186,209,209,15,15,15,141,141,131,155,155,174,174,174,174,190,190,190],"floor_reached":27,"playtime":2776,"items_purged":[],"score":230,"play_id":"c6a60e4f-605d-4f4a-84d4-06dccd809fa2","local_time":"20190724131034","is_ascension_mode":false,"campfire_choices":[{"floor":6,"key":"REST"},{"data":"Loop","floor":8,"key":"SMITH"},{"floor":12,"key":"REST"},{"data":"Capacitor","floor":15,"key":"SMITH"},{"floor":23,"key":"REST"}],"neow_cost":"NONE","seed_source_timestamp":17620308976293,"circlet_count":0,"master_deck":["Strike_B","Strike_B","Strike_B","Defend_B","Defend_B","Defend_B","Defend_B","Zap","Dualcast","Cold Snap","Rainbow","Streamline","Redo","Loop+1","Glacier","Redo","Capacitor+1","Gash","Coolheaded","Ball Lightning","Creative AI","Heatsinks","Beam Cell","Writhe","Gash","Genetic Algorithm+1"],"relics":["Cracked Core","Golden Idol","Pear","FossilizedHelix","Fusion Hammer","Ginger","Regal Pillow"],"potions_floor_usage":[],"damage_taken":[{"damage":5,"enemies":"Small Slimes","floor":1,"turns":3},{"damage":0,"enemies":"2 Louse","floor":4,"turns":3},{"damage":0,"enemies":"Cultist","floor":5,"turns":3},{"damage":5,"enemies":"Looter","floor":7,"turns":4},{"damage":38,"enemies":"Gremlin Gang","floor":10,"turns":4},{"damage":11,"enemies":"Large Slime","floor":11,"turns":9},{"damage":45,"enemies":"Hexaghost","floor":16,"turns":10},{"damage":2,"enemies":"2 Thieves","floor":18,"turns":4},{"damage":16,"enemies":"Spheric Guardian","floor":19,"turns":6},{"damage":38,"enemies":"Centurion and Healer","floor":21,"turns":11},{"damage":21,"enemies":"Snake Plant","floor":25,"turns":3},{"damage":49,"enemies":"3 Cultists","floor":27,"turns":5}],"seed_played":"-7062233929633400592","potions_obtained":[{"floor":1,"key":"PowerPotion"},{"floor":11,"key":"AttackPotion"},{"floor":16,"key":"AttackPotion"},{"floor":18,"key":"Explosive Potion"}],"is_trial":false,"path_per_floor":["M","?","?","M","M","R","M","R","T","M","M","R","$","?","R","B",null,"M","M","?","M","?","R","?","M","T","M"],"character_chosen":"DEFECT","items_purchased":["Capacitor","Gash","Coolheaded","Ball Lightning"],"campfire_rested":3,"item_purchase_floors":[13,13,13,13],"current_hp_per_floor":[77,57,57,57,57,81,76,76,86,48,37,64,64,64,64,19,92,90,74,74,36,36,63,63,42,42,0],"gold":190,"neow_bonus":"TEN_PERCENT_HP_BONUS","is_prod":false,"is_daily":false,"chose_seed":false,"campfire_upgraded":2,"win_rate":0.0,"timestamp":1563966634,"path_taken":["M","?","?","M","?","R","M","R","T","M","M","R","$","?","R","BOSS","M","?","?","M","?","R","?","M","T","M"],"build_version":"2019-07-17","purchased_purges":0,"victory":false,"max_hp_per_floor":[82,82,82,82,82,82,82,82,92,92,92,92,92,92,92,92,92,92,92,92,92,92,92,92,92,92,92],"card_choices":[{"not_picked":["BootSequence","Gash"],"picked":"Cold Snap","floor":1},{"not_picked":["Ball Lightning","Biased Cognition"],"picked":"Streamline","floor":4},{"not_picked":["Consume","Go for the Eyes"],"picked":"Redo","floor":5},{"not_picked":["Beam Cell","Barrage"],"picked":"Loop","floor":7},{"not_picked":["Steam","Blizzard"],"picked":"Glacier","floor":10},{"not_picked":["Sweeping Beam","Steam"],"picked":"Redo","floor":11},{"not_picked":["Buffer","Fission"],"picked":"Creative AI","floor":16},{"not_picked":["Rip and Tear","Skim"],"picked":"Heatsinks","floor":18},{"not_picked":["Sweeping Beam","Scrape"],"picked":"Beam Cell","floor":19},{"not_picked":["Compile Driver+1","Leap"],"picked":"Gash","floor":21},{"not_picked":["Seek","Stack"],"picked":"Genetic Algorithm+1","floor":25}],"player_experience":194757,"relics_obtained":[{"floor":9,"key":"Pear"},{"floor":26,"key":"Regal Pillow"}],"event_choices":[{"damage_healed":0,"gold_gain":0,"player_choice":"Take Damage","damage_taken":20,"relics_obtained":["Golden Idol"],"max_hp_gain":0,"max_hp_loss":0,"event_name":"Golden Idol","floor":2,"gold_loss":0},{"damage_healed":0,"gold_gain":0,"cards_transformed":["Strike_B"],"player_choice":"Transformed","damage_taken":0,"max_hp_gain":0,"max_hp_loss":0,"event_name":"Transmorgrifier","floor":3,"gold_loss":0,"cards_obtained":["Rainbow"]},{"damage_healed":0,"gold_gain":0,"player_choice":"Gave Potion","damage_taken":0,"relics_obtained":["FossilizedHelix"],"max_hp_gain":0,"max_hp_loss":0,"event_name":"WeMeetAgain","floor":14,"gold_loss":0},{"damage_healed":0,"gold_gain":0,"player_choice":"Opened","damage_taken":0,"relics_obtained":["Ginger"],"max_hp_gain":0,"max_hp_loss":0,"event_name":"The Mausoleum","floor":20,"gold_loss":0,"cards_obtained":["Writhe"]},{"damage_healed":0,"gold_gain":0,"player_choice":"Ignored","damage_taken":0,"max_hp_gain":0,"max_hp_loss":0,"event_name":"Ghosts","floor":22,"gold_loss":0},{"damage_healed":0,"gold_gain":0,"player_choice":"Ignored","damage_taken":0,"max_hp_gain":0,"max_hp_loss":0,"event_name":"Beggar","floor":24,"gold_loss":0}],"is_beta":false,"boss_relics":[{"not_picked":["Busted Crown","Runic Dome"],"picked":"Fusion Hammer"}],"items_purged_floors":[],"is_endless":false,"potions_floor_spawned":[1,11,16,18,21],"killed_by":"3 Cultists","ascension_level":0}