{"gold_per_floor":[113,113,132,147,162,188,188,113,186,196,221,176,176,201,201,276,276,291,307,324,152,152,180,200,213,213,213,55,80,95,125,125,198,198,208,208,208,224,244,244,261,296,320,346,72,99,99,113,113,113,113,113,38,64,64],"floor_reached":55,"playtime":3882,"items_purged":["Defend_B"],"score":1851,"play_id":"e304878d-0f2f-4526-a90a-536f5f91ae76","local_time":"20190725221835","is_ascension_mode":true,"campfire_choices":[{"data":"Fission","floor":7.0,"key":"SMITH"},{"floor":13.0,"key":"REST"},{"data":"Defragment","floor":15.0,"key":"SMITH"},{"floor":27,"key":"REST"},{"data":"Rainbow","floor":32,"key":"SMITH"},{"floor":40,"key":"RECALL"},{"data":"Reinforced Body","floor":47,"key":"SMITH"},{"floor":49,"key":"REST"},{"data":"Streamline","floor":52,"key":"SMITH"}],"neow_cost":"TEN_PERCENT_HP_LOSS","seed_source_timestamp":1126934591591197,"circlet_count":0,"master_deck":["AscendersBane","Strike_B","Strike_B","Strike_B","Defend_B","Defend_B","Defend_B","Zap","Dualcast","Cold Snap+1","Fission+1","Defragment+1","Cold Snap+1","Chill","Lockon","Coolheaded","Echo Form","Rainbow+1","Cold Snap","Reinforced Body+1","Fission+1","Streamline+1","Cold Snap","Glacier","Echo Form","Madness","Madness","Cold Snap","Conserve Battery","Capacitor+1"],"special_seed":0,"relics":["Cracked Core","Gambling Chip","Calipers","Cables","Whetstone","Gremlin Horn","Busted Crown","Bronze Scales","DataDisk","Bag of Preparation","Symbiotic Virus","Ornamental Fan","Sozu","Sundial","Pen Nib","Nunchaku","Strange Spoon","Frozen Egg 2","Pear"],"potions_floor_usage":[23,50,55],"damage_taken":[{"damage":1.0,"enemies":"2 Louse","floor":1.0,"turns":3.0},{"damage":6.0,"enemies":"Cultist","floor":3.0,"turns":3.0},{"damage":4.0,"enemies":"Jaw Worm","floor":4.0,"turns":3.0},{"damage":5.0,"enemies":"2 Fungi Beasts","floor":5.0,"turns":3.0},{"damage":17.0,"enemies":"Gremlin Nob","floor":6.0,"turns":5.0},{"damage":0.0,"enemies":"3 Louse","floor":10.0,"turns":3.0},{"damage":20.0,"enemies":"Lagavulin","floor":11.0,"turns":5.0},{"damage":0.0,"enemies":"Gremlin Nob","floor":14.0,"turns":2.0},{"damage":15.0,"enemies":"The Guardian","floor":16.0,"turns":9.0},{"damage":14,"enemies":"2 Thieves","floor":18,"turns":3},{"damage":3,"enemies":"Shell Parasite","floor":19,"turns":4},{"damage":0,"enemies":"Centurion and Healer","floor":20,"turns":6},{"damage":2,"enemies":"Slavers","floor":23,"turns":4},{"damage":19,"enemies":"Snake Plant","floor":24,"turns":5},{"damage":0,"enemies":"Chosen and Byrds","floor":25,"turns":6},{"damage":0,"enemies":"Gremlin Leader","floor":29,"turns":6},{"damage":0,"enemies":"Sentry and Sphere","floor":30,"turns":3},{"damage":0,"enemies":"Book of Stabbing","floor":31,"turns":4},{"damage":0,"enemies":"Automaton","floor":33,"turns":11},{"damage":0,"enemies":"Orb Walker","floor":35,"turns":2},{"damage":0,"enemies":"3 Darklings","floor":38,"turns":5},{"damage":1,"enemies":"Sphere and 2 Shapes","floor":39,"turns":6},{"damage":0,"enemies":"Jaw Worm Horde","floor":41,"turns":4},{"damage":13,"enemies":"Reptomancer","floor":42,"turns":7},{"damage":4,"enemies":"Nemesis","floor":44,"turns":7},{"damage":0,"enemies":"Giant Head","floor":46,"turns":8},{"damage":0,"enemies":"Transient","floor":48,"turns":6},{"damage":0,"enemies":"Time Eater","floor":50,"turns":15},{"damage":17,"enemies":"Shield and Spear","floor":54,"turns":9},{"damage":68,"enemies":"The Heart","floor":55,"turns":5}],"seed_played":"6564736305690968084","potions_obtained":[{"floor":3.0,"key":"Energy Potion"},{"floor":5.0,"key":"FearPotion"},{"floor":14.0,"key":"Dexterity Potion"},{"floor":16.0,"key":"Regen Potion"},{"floor":18,"key":"Strength Potion"},{"floor":19,"key":"Swift Potion"},{"floor":23,"key":"EssenceOfSteel"}],"is_trial":false,"path_per_floor":["M","?","M","M","M","E","R","?","T","M","E","?","R","E","R","B",null,"M","M","M","$","?","E","M","M","T","R","$","E","M","E","R","B",null,"M","?","?","M","M","R","M","E","T","E","$","E","R","M","R","B",null,"R","$","E","B"],"character_chosen":"DEFECT","items_purchased":["Bronze Scales","Bag of Preparation","Strange Spoon","Conserve Battery"],"campfire_rested":3,"item_purchase_floors":[21,28,45,45],"current_hp_per_floor":[63,63,57,53,48,31,31,31,31,31,11,11,30,30,30,15,52,38,35,35,35,35,33,14,14,14,33,33,33,33,33,33,33,56,56,44,44,44,43,43,43,30,30,26,26,26,26,26,45,45,59,59,59,52,0],"gold":64,"neow_bonus":"ONE_RARE_RELIC","is_prod":false,"is_daily":false,"chose_seed":false,"campfire_upgraded":5,"win_rate":0,"timestamp":1564107515,"path_taken":["M","?","M","M","?","E","R","?","T","M","E","?","R","E","R","BOSS","M","M","M","$","?","E","?","M","T","R","$","E","M","E","R","BOSS","M","?","?","M","M","R","M","E","T","E","$","E","R","M","R","BOSS","R","$","E","BOSS"],"build_version":"2019-07-17","purchased_purges":1,"victory":false,"max_hp_per_floor":[64,64,64,64,64,64,64,64,64,64,64,64,64,64,64,64,64,64,64,64,64,64,64,64,64,64,64,64,64,64,64,64,64,64,64,64,64,64,64,64,64,64,64,64,64,64,64,64,64,64,64,64,64,74,74],"card_choices":[{"not_picked":["Steam","Rebound"],"picked":"Cold Snap","floor":1.0},{"not_picked":["Conserve Battery","Steam"],"picked":"Defragment","floor":3.0},{"not_picked":["Beam Cell","FTL"],"picked":"Cold Snap","floor":4.0},{"not_picked":["Melter","Turbo"],"picked":"Chill","floor":5.0},{"not_picked":["Compile Driver","Stack"],"picked":"Lockon","floor":6.0},{"not_picked":["Barrage","Steam","Creative AI"],"picked":"SKIP","floor":10.0},{"not_picked":["Redo","Turbo"],"picked":"Coolheaded","floor":11.0},{"not_picked":["Steam","Turbo"],"picked":"Echo Form","floor":14.0},{"not_picked":["Core Surge","Meteor Strike"],"picked":"Rainbow","floor":16.0},{"not_picked":[],"picked":"Cold Snap","floor":18},{"not_picked":[],"picked":"Reinforced Body","floor":19},{"not_picked":["Hologram"],"picked":"SKIP","floor":20},{"not_picked":[],"picked":"Streamline","floor":23},{"not_picked":[],"picked":"Cold Snap","floor":24},{"not_picked":["Force Field"],"picked":"SKIP","floor":25},{"not_picked":["Auto Shields"],"picked":"SKIP","floor":29},{"not_picked":["Auto Shields"],"picked":"SKIP","floor":30},{"not_picked":[],"picked":"Glacier","floor":31},{"not_picked":[],"picked":"Echo Form","floor":33},{"not_picked":["Sunder"],"picked":"SKIP","floor":35},{"not_picked":["Beam Cell"],"picked":"SKIP","floor":38},{"not_picked":["Recycle"],"picked":"SKIP","floor":39},{"not_picked":[],"picked":"Cold Snap","floor":41},{"not_picked":["White Noise"],"picked":"SKIP","floor":42},{"not_picked":["All For One"],"picked":"SKIP","floor":44},{"not_picked":["Go for the Eyes"],"picked":"SKIP","floor":46},{"not_picked":["Gash+1"],"picked":"SKIP","floor":48},{"not_picked":[],"picked":"Capacitor+1","floor":54}],"player_experience":939534,"relics_obtained":[{"floor":6.0,"key":"Calipers"},{"floor":9.0,"key":"Cables"},{"floor":11.0,"key":"Whetstone"},{"floor":14.0,"key":"Gremlin Horn"},{"floor":23,"key":"DataDisk"},{"floor":29,"key":"Symbiotic Virus"},{"floor":31,"key":"Ornamental Fan"},{"floor":42,"key":"Sundial"},{"floor":43,"key":"Pen Nib"},{"floor":44,"key":"Nunchaku"},{"floor":46,"key":"Frozen Egg 2"},{"floor":54,"key":"Pear"}],"event_choices":[{"damage_healed":0.0,"max_hp_gain":0.0,"max_hp_loss":0.0,"gold_gain":0.0,"event_name":"Match and Keep!","player_choice":"1 cards matched","floor":2.0,"gold_loss":0.0,"damage_taken":0.0,"cards_obtained":["Fission"]},{"cards_removed":["Strike_B"],"damage_healed":0.0,"max_hp_gain":0.0,"max_hp_loss":0.0,"gold_gain":0.0,"event_name":"The Cleric","player_choice":"Card Removal","floor":8.0,"gold_loss":75.0,"damage_taken":0.0},{"damage_healed":0.0,"max_hp_gain":0.0,"max_hp_loss":0.0,"gold_gain":0.0,"event_name":"World of Goop","player_choice":"Left Gold","floor":12.0,"gold_loss":45.0,"damage_taken":0.0},{"damage_healed":0,"gold_gain":0,"player_choice":"Copied","damage_taken":0,"max_hp_gain":0,"max_hp_loss":0,"event_name":"Duplicator","floor":22,"gold_loss":0,"cards_obtained":["Fission"]},{"damage_healed":0,"gold_gain":0,"player_choice":"Embrace Madness","damage_taken":12,"max_hp_gain":0,"max_hp_loss":0,"event_name":"Winding Halls","floor":36,"gold_loss":0,"cards_obtained":["Madness","Madness"]},{"damage_healed":0,"gold_gain":0,"player_choice":"Ignored","damage_taken":0,"max_hp_gain":0,"max_hp_loss":0,"event_name":"Tomb of Lord Red Mask","floor":37,"gold_loss":0}],"is_beta":false,"boss_relics":[{"not_picked":["Pandora\u0027s Box","Velvet Choker"],"picked":"Busted Crown"},{"not_picked":["FrozenCore","Lizard Tail"],"picked":"Sozu"}],"items_purged_floors":[53],"is_endless":false,"potions_floor_spawned":[3,5,14,16,18,19,23,29,30,42,46,48],"killed_by":"The Heart","ascension_level":17}