{"gold_per_floor":[118,44,62,75,91,110,35,66,139,139,139,139,152,164,164,261,261,281,221,43,43,43,43,43,43,67,80,92,105,125,150,150,249,249,260,260,260,278,25,25,355,373,396,421,438,61,75,91,91,91],"floor_reached":51,"playtime":3886,"items_purged":["Strike_B","Strike_B","Defend_B"],"score":964,"play_id":"9cf6515c-6dde-4f9c-ba64-86774b4e0e7c","local_time":"20190127210023","is_ascension_mode":true,"campfire_choices":[{"data":"Hologram","floor":10.0,"key":"SMITH"},{"data":"Hologram","floor":12.0,"key":"SMITH"},{"data":"Glacier","floor":15.0,"key":"SMITH"},{"data":"Blizzard","floor":23.0,"key":"SMITH"},{"data":"Undo","floor":25.0,"key":"SMITH"},{"floor":32.0,"key":"REST"},{"data":"Chill","floor":40,"key":"SMITH"},{"data":"Coolheaded","floor":49,"key":"SMITH"}],"neow_cost":"NONE","seed_source_timestamp":0,"circlet_count":0,"master_deck":["Defend_B","Defend_B","Defend_B","Zap","Dualcast","Hologram+1","Glacier+1","Hologram+1","Blizzard+1","Coolheaded","Coolheaded+1","Undo+1","Coolheaded+1","Chill+1","Redo+1","Electrodynamics","Conserve Battery+1","Loop+1","Self Repair","Coolheaded","Machine Learning","Double Energy+1"],"special_seed":0,"relics":["Philosopher\u0027s Stone","DataDisk","Pantograph","Thread and Needle","Nuclear Battery","Whetstone","Oddly Smooth Stone","Coffee Dripper","Letter Opener","Old Coin","Pen Nib","Question Card","Bottled Tornado"],"potions_floor_usage":[44,50,50,50],"damage_taken":[{"damage":2.0,"enemies":"Cultist","floor":1.0,"turns":4.0},{"damage":0.0,"enemies":"Jaw Worm","floor":3.0,"turns":5.0},{"damage":5.0,"enemies":"Small Slimes","floor":4.0,"turns":5.0},{"damage":1.0,"enemies":"Exordium Wildlife","floor":5.0,"turns":5.0},{"damage":4.0,"enemies":"Blue Slaver","floor":6.0,"turns":5.0},{"damage":29.0,"enemies":"3 Sentries","floor":8.0,"turns":10.0},{"damage":0.0,"enemies":"3 Louse","floor":13.0,"turns":4.0},{"damage":0.0,"enemies":"Large Slime","floor":14.0,"turns":5.0},{"damage":21.0,"enemies":"Slime Boss","floor":16.0,"turns":10.0},{"damage":21.0,"enemies":"Chosen","floor":18.0,"turns":9.0},{"damage":0.0,"enemies":"2 Thieves","floor":19.0,"turns":4.0},{"damage":0.0,"enemies":"Snake Plant","floor":27.0,"turns":6.0},{"damage":0.0,"enemies":"Shelled Parasite and Fungi","floor":28.0,"turns":6.0},{"damage":0.0,"enemies":"Snecko","floor":29.0,"turns":6.0},{"damage":5.0,"enemies":"Snake Plant","floor":30.0,"turns":6.0},{"damage":11.0,"enemies":"Book of Stabbing","floor":31.0,"turns":9.0},{"damage":43.0,"enemies":"Automaton","floor":33.0,"turns":14.0},{"damage":0.0,"enemies":"Orb Walker","floor":35.0,"turns":6.0},{"damage":0,"enemies":"3 Darklings","floor":38,"turns":2},{"damage":0,"enemies":"Reptomancer","floor":41,"turns":6},{"damage":0,"enemies":"Jaw Worm Horde","floor":42,"turns":5},{"damage":12,"enemies":"Giant Head","floor":44,"turns":11},{"damage":17,"enemies":"Maw","floor":45,"turns":10},{"damage":6,"enemies":"Transient","floor":47,"turns":5},{"damage":6,"enemies":"3 Darklings","floor":48,"turns":3},{"damage":7,"enemies":"Awakened One","floor":50,"turns":15}],"seed_played":"6527841665409979927","potions_obtained":[{"floor":3.0,"key":"Fire Potion"},{"floor":6.0,"key":"Energy Potion"},{"floor":16.0,"key":"AttackPotion"},{"floor":18.0,"key":"Regen Potion"},{"floor":33.0,"key":"Swift Potion"},{"floor":38,"key":"Explosive Potion"},{"floor":45,"key":"Ancient Potion"}],"is_trial":false,"path_per_floor":["M","$","M","M","M","M","$","E","T","R","?","R","M","M","R","B",null,"M","M","$","?","?","R","$","R","T","M","M","M","M","E","R","B",null,"M","?","?","M","$","R","E","M","T","E","M","$","M","M","R","B",null],"character_chosen":"DEFECT","items_purchased":["Glacier","Undo","Letter Opener","Bottled Tornado"],"campfire_rested":1,"item_purchase_floors":[2,20,39,46],"current_hp_per_floor":[73,73,73,68,67,63,63,34,34,34,27,27,27,27,27,31,64,43,43,43,29,29,29,29,29,29,29,29,29,24,13,37,19,65,65,65,65,65,65,65,65,72,72,67,57,57,58,59,59,80],"gold":91,"neow_bonus":"BOSS_RELIC","is_prod":false,"is_daily":false,"chose_seed":false,"campfire_upgraded":7,"win_rate":0,"timestamp":1548640823,"path_taken":["M","$","M","?","?","M","$","E","T","R","?","R","M","M","R","BOSS","M","M","$","?","?","R","?","R","T","M","M","?","M","E","R","BOSS","M","?","?","M","$","R","E","M","T","E","M","?","M","M","R","BOSS"],"build_version":"2019-01-23","purchased_purges":3,"victory":true,"max_hp_per_floor":[75,75,75,75,75,75,75,75,75,75,75,75,75,75,75,75,75,75,75,75,80,80,80,80,80,80,80,80,80,80,80,80,80,80,80,80,80,80,80,80,80,80,80,80,80,80,80,80,80,80],"card_choices":[{"not_picked":["Rebound","Stack"],"picked":"Hologram","floor":1.0},{"not_picked":["Undo","Sunder"],"picked":"Hologram","floor":3.0},{"not_picked":["Aggregate","Beam Cell","Stack"],"picked":"SKIP","floor":4.0},{"not_picked":["Streamline","Cold Snap","Sweeping Beam"],"picked":"SKIP","floor":5.0},{"not_picked":["Steam Power","Hello World"],"picked":"Blizzard","floor":6.0},{"not_picked":["Meteor Strike","Leap","Steam"],"picked":"SKIP","floor":8.0},{"not_picked":["Melter","Gash","Static Discharge"],"picked":"SKIP","floor":13.0},{"not_picked":["Reinforced Body","Gash"],"picked":"Coolheaded","floor":14.0},{"not_picked":["Barrage","Lockon"],"picked":"Coolheaded","floor":18.0},{"not_picked":["Beam Cell","Turbo","Aggregate"],"picked":"SKIP","floor":19.0},{"not_picked":["Gash+1","Compile Driver"],"picked":"Coolheaded+1","floor":27.0},{"not_picked":["Sweeping Beam","Loop"],"picked":"Chill","floor":28.0},{"not_picked":["Sunder","Leap+1","Meteor Strike"],"picked":"SKIP","floor":29.0},{"not_picked":["Conserve Battery+1","Heatsinks+1"],"picked":"Redo+1","floor":30.0},{"not_picked":["Hologram","Genetic Algorithm","Go for the Eyes+1"],"picked":"SKIP","floor":31.0},{"not_picked":["Creative AI","Thunder Strike"],"picked":"Electrodynamics","floor":33.0},{"not_picked":["Skim","Streamline"],"picked":"Conserve Battery+1","floor":35.0},{"not_picked":["Beam Cell","Sweeping Beam"],"picked":"Loop+1","floor":38},{"not_picked":["White Noise","Lockon"],"picked":"Self Repair","floor":41},{"not_picked":["Chaos","Stack","Storm"],"picked":"SKIP","floor":42},{"not_picked":["Heatsinks+1","Reinforced Body+1"],"picked":"Coolheaded","floor":44},{"not_picked":["Go for the Eyes","Aggregate+1","Ball Lightning+1","Conserve Battery"],"picked":"SKIP","floor":45},{"not_picked":["Coolheaded","Melter+1","Darkness+1"],"picked":"Machine Learning","floor":47},{"not_picked":["Ball Lightning+1","Redo","Skim+1"],"picked":"Double Energy+1","floor":48}],"player_experience":351705,"relics_obtained":[{"floor":8.0,"key":"DataDisk"},{"floor":9.0,"key":"Pantograph"},{"floor":26.0,"key":"Whetstone"},{"floor":31.0,"key":"Oddly Smooth Stone"},{"floor":41,"key":"Old Coin"},{"floor":43,"key":"Pen Nib"},{"floor":44,"key":"Question Card"}],"event_choices":[{"damage_healed":0.0,"max_hp_gain":0.0,"max_hp_loss":0.0,"gold_gain":0.0,"event_name":"Scrap Ooze","player_choice":"Success","floor":11.0,"gold_loss":0.0,"damage_taken":7.0,"relics_obtained":["Thread and Needle"]},{"damage_healed":0.0,"max_hp_gain":5.0,"max_hp_loss":0.0,"gold_gain":0.0,"event_name":"Forgotten Altar","player_choice":"Shed Blood","floor":21.0,"gold_loss":0.0,"damage_taken":19.0},{"cards_removed":["Strike_B"],"damage_healed":0.0,"max_hp_gain":0.0,"max_hp_loss":0.0,"gold_gain":0.0,"event_name":"Back to Basics","player_choice":"Elegance","floor":22.0,"gold_loss":0.0,"damage_taken":0.0},{"damage_healed":0,"gold_gain":0,"player_choice":"Ignored","damage_taken":0,"max_hp_gain":0,"max_hp_loss":0,"event_name":"Mysterious Sphere","floor":36,"gold_loss":0},{"cards_removed":["Strike_B"],"damage_healed":0,"gold_gain":0,"player_choice":"Removed Attack","damage_taken":0,"max_hp_gain":0,"max_hp_loss":0,"event_name":"Falling","floor":37,"gold_loss":0}],"is_beta":false,"boss_relics":[{"not_picked":["Ectoplasm","Astrolabe"],"picked":"Nuclear Battery"},{"not_picked":["Lizard Tail","Empty Cage"],"picked":"Coffee Dripper"}],"items_purged_floors":[7,20,46],"is_endless":false,"potions_floor_spawned":[3,6,16,18,27,33,38,45],"ascension_level":5}