{"gold_per_floor":[111,2,16,29,104,104,138,138,138,138,149,149,22,33,33,130,130,130,130,11,11,11,11,11,11,11,11,11,11,11,11,11,11,11,11,11,11,11,11,11,11,11],"floor_reached":42,"playtime":3730,"items_purged":[],"score":421,"play_id":"e9446d00-e3a1-408b-a839-95405461b182","local_time":"20190723131852","is_ascension_mode":false,"campfire_choices":[{"data":"Envenom","floor":6.0,"key":"SMITH"},{"floor":12.0,"key":"REST"},{"floor":15.0,"key":"REST"},{"floor":23.0,"key":"REST"},{"floor":29.0,"key":"REST"},{"floor":32.0,"key":"REST"},{"floor":40,"key":"REST"}],"neow_cost":"NONE","seed_source_timestamp":15574344317498,"circlet_count":0,"master_deck":["Strike_G+1","Strike_G+1","Strike_G+1","Strike_G+1","Strike_G+1","Defend_G+1","Defend_G+1","Defend_G+1","Defend_G+1","Defend_G+1","Survivor","Neutralize","Envenom+1","Catalyst","Bouncing Flask","Infinite Blades","Dodge and Roll","Dodge and Roll","Dagger Spray","Accuracy","Swift Strike","Escape Plan","Footwork","Deflect","Quick Slash","Corpse Explosion","Underhanded Strike","Acrobatics","Mind Blast","Outmaneuver","Terror+1","Escape Plan","Distraction+1","Adrenaline","Infinite Blades","Dagger Spray+1","Outmaneuver+1"],"special_seed":0,"relics":["Ring of the Snake","Letter Opener","Blood Vial","Ectoplasm","Nilry\u0027s Codex","StoneCalendar","Sundial","Fusion Hammer","Question Card","Mercury Hourglass"],"potions_floor_usage":[],"damage_taken":[{"damage":2.0,"enemies":"Small Slimes","floor":1.0,"turns":4.0},{"damage":0.0,"enemies":"Cultist","floor":3.0,"turns":3.0},{"damage":7.0,"enemies":"Jaw Worm","floor":4.0,"turns":4.0},{"damage":28.0,"enemies":"3 Sentries","floor":7.0,"turns":11.0},{"damage":0.0,"enemies":"3 Louse","floor":11.0,"turns":4.0},{"damage":18.0,"enemies":"Gremlin Gang","floor":14.0,"turns":5.0},{"damage":35.0,"enemies":"Slime Boss","floor":16.0,"turns":8.0},{"damage":27.0,"enemies":"Spheric Guardian","floor":18.0,"turns":6.0},{"damage":0.0,"enemies":"Chosen","floor":19.0,"turns":5.0},{"damage":7.0,"enemies":"Centurion and Healer","floor":22.0,"turns":4.0},{"damage":18.0,"enemies":"Sentry and Sphere","floor":30.0,"turns":7.0},{"damage":20.0,"enemies":"Snake Plant","floor":31.0,"turns":5.0},{"damage":19.0,"enemies":"Collector","floor":33.0,"turns":7.0},{"damage":4.0,"enemies":"3 Shapes","floor":35.0,"turns":5.0},{"damage":38.0,"enemies":"3 Darklings","floor":37.0,"turns":3.0},{"damage":22,"enemies":"Jaw Worm Horde","floor":39,"turns":5},{"damage":37,"enemies":"Spire Growth","floor":42,"turns":3}],"seed_played":"-5082920271453109808","potions_obtained":[{"floor":7.0,"key":"Regen Potion"},{"floor":11.0,"key":"Swift Potion"},{"floor":16.0,"key":"PowerPotion"},{"floor":19.0,"key":"AttackPotion"},{"floor":31.0,"key":"Explosive Potion"},{"floor":33.0,"key":"Block Potion"},{"floor":35.0,"key":"Regen Potion"}],"is_trial":false,"path_per_floor":["M","$","M","M","?","R","E","?","T","?","M","R","$","M","R","B",null,"M","M","$","?","M","R","?","?","T","?","?","R","M","M","R","B",null,"M","?","M","T","M","R","?","M"],"character_chosen":"THE_SILENT","items_purchased":["Bouncing Flask","Infinite Blades","Footwork","Deflect","Mind Blast","Outmaneuver"],"campfire_rested":6,"item_purchase_floors":[2,2,13,13,20,20],"current_hp_per_floor":[68,68,68,61,50,50,22,8,8,8,10,31,31,15,36,18,70,43,45,45,29,24,45,45,45,45,45,45,66,50,32,53,36,70,66,66,30,30,10,31,31,0],"gold":11,"neow_bonus":"ONE_RANDOM_RARE_CARD","is_prod":false,"is_daily":false,"chose_seed":false,"campfire_upgraded":1,"win_rate":0.0,"timestamp":1563880732,"path_taken":["M","$","M","M","?","R","E","?","T","?","M","R","$","M","R","BOSS","M","M","$","?","M","R","?","?","T","?","?","R","M","?","R","BOSS","M","?","M","?","M","R","?","?"],"build_version":"2019-07-17","purchased_purges":0,"victory":false,"max_hp_per_floor":[70,70,70,70,70,70,70,70,70,70,70,70,70,70,70,70,70,70,70,70,70,70,70,70,70,70,70,70,70,70,70,70,70,70,70,70,70,70,70,70,70,70],"card_choices":[{"not_picked":["Blade Dance","Dodge and Roll"],"picked":"Catalyst","floor":1.0},{"not_picked":["Bane","Reflex"],"picked":"Dodge and Roll","floor":3.0},{"not_picked":["Dagger Spray","Slice"],"picked":"Dodge and Roll","floor":4.0},{"not_picked":["Skewer","Doppelganger"],"picked":"Dagger Spray","floor":7.0},{"not_picked":["Blade Dance","Finisher"],"picked":"Escape Plan","floor":11.0},{"not_picked":["Flechettes","Flying Knee"],"picked":"Quick Slash","floor":14.0},{"not_picked":["Burst","Envenom"],"picked":"Corpse Explosion","floor":16.0},{"not_picked":["Heel Hook","Prepared"],"picked":"Underhanded Strike","floor":18.0},{"not_picked":["Skewer","Blade Dance"],"picked":"Acrobatics","floor":19.0},{"not_picked":["Crippling Poison","Deflect"],"picked":"Terror+1","floor":22.0},{"not_picked":["Blade Dance","Flying Knee"],"picked":"Escape Plan","floor":30.0},{"not_picked":["Dagger Throw","Outmaneuver"],"picked":"Distraction+1","floor":31.0},{"not_picked":["Grand Finale","Doppelganger"],"picked":"Adrenaline","floor":33.0},{"not_picked":["Flechettes+1","Poisoned Stab+1"],"picked":"Infinite Blades","floor":35.0},{"not_picked":["Leg Sweep","Slice"],"picked":"Dagger Spray+1","floor":37.0},{"not_picked":["Blade Dance+1","Flying Knee+1","Sucker Punch"],"picked":"Outmaneuver+1","floor":39}],"player_experience":181064,"relics_obtained":[{"floor":7.0,"key":"Letter Opener"},{"floor":9.0,"key":"Blood Vial"},{"floor":21.0,"key":"Nilry\u0027s Codex"},{"floor":26.0,"key":"StoneCalendar"},{"floor":38.0,"key":"Question Card"}],"event_choices":[{"damage_healed":0.0,"max_hp_gain":0.0,"max_hp_loss":0.0,"gold_gain":75.0,"event_name":"World of Goop","player_choice":"Gather Gold","floor":5.0,"gold_loss":0.0,"damage_taken":11.0},{"damage_healed":0.0,"max_hp_gain":0.0,"max_hp_loss":0.0,"gold_gain":0.0,"event_name":"Shining Light","player_choice":"Entered Light","floor":8.0,"gold_loss":0.0,"damage_taken":14.0,"cards_upgraded":["Strike_G","Defend_G"]},{"damage_healed":0.0,"max_hp_gain":0.0,"max_hp_loss":0.0,"gold_gain":0.0,"event_name":"Match and Keep!","player_choice":"2 cards matched","floor":10.0,"gold_loss":0.0,"damage_taken":0.0,"cards_obtained":["Accuracy","Swift Strike"]},{"damage_healed":0.0,"max_hp_gain":0.0,"max_hp_loss":0.0,"gold_gain":0.0,"event_name":"Cursed Tome","player_choice":"Obtained Book","floor":21.0,"gold_loss":0.0,"damage_taken":16.0},{"damage_healed":0.0,"max_hp_gain":0.0,"max_hp_loss":0.0,"gold_gain":0.0,"event_name":"Ghosts","player_choice":"Ignored","floor":24.0,"gold_loss":0.0,"damage_taken":0.0},{"damage_healed":0.0,"max_hp_gain":0.0,"max_hp_loss":0.0,"gold_gain":0.0,"event_name":"Back to Basics","player_choice":"Simplicity","floor":25.0,"gold_loss":0.0,"damage_taken":0.0,"cards_upgraded":["Strike_G","Strike_G","Strike_G","Strike_G","Defend_G","Defend_G","Defend_G","Defend_G"]},{"damage_healed":0.0,"max_hp_gain":0.0,"max_hp_loss":0.0,"gold_gain":0.0,"event_name":"Addict","player_choice":"Stole Relic","floor":27.0,"gold_loss":0.0,"damage_taken":0.0,"relics_obtained":["Sundial"],"cards_obtained":["Shame"]},{"cards_removed":["Shame"],"damage_healed":0.0,"max_hp_gain":0.0,"max_hp_loss":0.0,"gold_gain":0.0,"event_name":"Fountain of Cleansing","player_choice":"Removed Curses","floor":28.0,"gold_loss":0.0,"damage_taken":0.0},{"damage_healed":0.0,"max_hp_gain":0.0,"max_hp_loss":0.0,"gold_gain":0.0,"event_name":"Mysterious Sphere","player_choice":"Ignored","floor":36.0,"gold_loss":0.0,"damage_taken":0.0},{"damage_healed":0,"gold_gain":0,"player_choice":"Gave Potion","damage_taken":0,"relics_obtained":["Mercury Hourglass"],"max_hp_gain":0,"max_hp_loss":0,"event_name":"WeMeetAgain","floor":41,"gold_loss":0}],"is_beta":false,"boss_relics":[{"not_picked":["Velvet Choker","Runic Dome"],"picked":"Ectoplasm"},{"not_picked":["Runic Pyramid","Empty Cage"],"picked":"Fusion Hammer"}],"items_purged_floors":[],"is_endless":false,"potions_floor_spawned":[7,11,16,19,31,33,35],"killed_by":"Spire Growth","ascension_level":0}