{"gold_per_floor":[115,115,290,290,290,325,339,339,339,369,369,428,444,87,87,185,185,201,201,201,216,242,275,287,287,287,299,58,58,8,37,37,135,135,155,80,90,110,110,110,124,124,124,0,0,0,0,17,17,17],"floor_reached":50,"playtime":4972,"items_purged":["Strike_G","Strike_G+1","Defend_G+1","Strike_G+1","Burst+1"],"score":641,"play_id":"7a71247a-45f0-477c-8bf1-8fc442a41aad","local_time":"20181014182045","is_ascension_mode":true,"campfire_choices":[{"data":"Infinite Blades","floor":8,"key":"SMITH"},{"data":"Neutralize","floor":11,"key":"SMITH"},{"floor":15,"key":"REST"},{"data":"Finisher","floor":25,"key":"SMITH"},{"floor":29,"key":"REST"},{"data":"Cloak And Dagger","floor":32,"key":"SMITH"},{"floor":40,"key":"REST"},{"data":"Accuracy","floor":45,"key":"SMITH"},{"floor":49,"key":"REST"}],"neow_cost":"NONE","seed_source_timestamp":335758495005800,"circlet_count":0,"master_deck":["Defend_G+1","Defend_G+1","Defend_G+1","Defend_G+1","Strike_G+1","Strike_G+1","Survivor+1","Neutralize+1","Cloak And Dagger+1","Infinite Blades+1","PiercingWail+1","Panache+1","PiercingWail+1","Burst+1","Finisher+1","Leg Sweep+1","Infinite Blades+1","Cloak And Dagger+1","Blade Dance+1","Accuracy+1"],"relics":["Ring of the Serpent","NeowsBlessing","Boot","Sundial","Ninja Scroll","Paper Crane","Bottled Flame","WristBlade","Smiling Mask","Red Mask","Snake Skull","Pantograph","DollysMirror","Mercury Hourglass","Mark of the Bloom","WingedGreaves"],"potions_floor_usage":[12,16,16,24,33,50,50],"damage_taken":[{"damage":0,"enemies":"Cultist","floor":1,"turns":1},{"damage":0,"enemies":"3 Sentries","floor":6,"turns":1},{"damage":0,"enemies":"2 Louse","floor":7,"turns":1},{"damage":27,"enemies":"Lagavulin","floor":10,"turns":7},{"damage":16,"enemies":"Lagavulin Event","floor":12,"turns":7},{"damage":0,"enemies":"Jaw Worm","floor":13,"turns":2},{"damage":10,"enemies":"The Guardian","floor":16,"turns":13},{"damage":5,"enemies":"2 Thieves","floor":18,"turns":4},{"damage":0,"enemies":"Chosen","floor":21,"turns":4},{"damage":13,"enemies":"Masked Bandits","floor":22,"turns":5},{"damage":5,"enemies":"Gremlin Leader","floor":23,"turns":8},{"damage":9,"enemies":"Shelled Parasite and Fungi","floor":24,"turns":7},{"damage":0,"enemies":"Cultist and Chosen","floor":27,"turns":7},{"damage":0,"enemies":"Book of Stabbing","floor":31,"turns":4},{"damage":10,"enemies":"Champ","floor":33,"turns":10},{"damage":6,"enemies":"3 Darklings","floor":35,"turns":4},{"damage":3,"enemies":"3 Shapes","floor":37,"turns":4},{"damage":0,"enemies":"Maw","floor":38,"turns":7},{"damage":6,"enemies":"Spire Growth","floor":41,"turns":4},{"damage":0,"enemies":"Transient","floor":48,"turns":5},{"damage":56,"enemies":"Donu and Deca","floor":50,"turns":6}],"seed_played":"3487609350017955468","potions_obtained":[{"floor":1,"key":"SkillPotion"},{"floor":2,"key":"PowerPotion"},{"floor":2,"key":"LiquidBronze"},{"floor":2,"key":"Dexterity Potion"},{"floor":12,"key":"Strength Potion"},{"floor":12,"key":"AttackPotion"},{"floor":21,"key":"AttackPotion"},{"floor":22,"key":"EssenceOfSteel"},{"floor":33,"key":"FairyPotion"},{"floor":35,"key":"EntropicBrew"},{"floor":41,"key":"SteroidPotion"},{"floor":48,"key":"Weak Potion"}],"is_trial":false,"path_per_floor":["M","?","?","?","?","E","M","R","T","E","R","?","M","$","R","B",null,"M","?","?","M","?","E","M","R","T","M","$","R","$","E","R","B",null,"M","$","M","M","?","R","M","$","T","$","R","?","$","M","R"],"character_chosen":"THE_SILENT","items_purchased":["Panache","Regen Potion","DollysMirror","Blade Dance","Accuracy"],"campfire_rested":4,"item_purchase_floors":[14,14,28,36,44],"current_hp_per_floor":[70,70,70,67,67,67,67,67,67,40,40,24,24,24,45,50,70,65,65,65,65,52,47,38,38,38,38,38,59,59,59,59,60,70,64,64,61,61,61,61,55,55,55,55,55,55,55,55,55,0],"gold":17,"neow_bonus":"THREE_ENEMY_KILL","is_prod":false,"is_daily":false,"chose_seed":false,"campfire_upgraded":5,"win_rate":0,"timestamp":1539512445,"path_taken":["M","?","?","?","?","E","?","R","T","E","R","?","M","$","R","BOSS","M","?","?","M","?","E","M","R","T","M","$","R","$","E","R","BOSS","M","$","M","M","?","R","M","$","T","$","R","?","?","M","R","BOSS"],"build_version":"2018-10-11","purchased_purges":5,"victory":false,"max_hp_per_floor":[70,70,70,70,70,70,70,70,70,70,70,70,70,70,70,70,70,70,70,70,70,70,70,70,70,70,70,70,70,70,70,70,70,70,70,70,70,70,70,70,70,70,70,70,70,70,70,70,70,70],"card_choices":[{"not_picked":["Predator","Escape Plan"],"picked":"Cloak And Dagger","floor":1},{"not_picked":["Deadly Poison","Poisoned Stab","Flechettes"],"picked":"SKIP","floor":6},{"not_picked":["Deadly Poison","Blade Dance"],"picked":"Infinite Blades","floor":7},{"not_picked":["Poisoned Stab","Flying Knee","Dash"],"picked":"SKIP","floor":10},{"not_picked":["Dagger Spray","Heel Hook"],"picked":"PiercingWail","floor":13},{"not_picked":["Noxious Fumes","PiercingWail"],"picked":"Sucker Punch","floor":18},{"not_picked":["Terror","Escape Plan"],"picked":"PiercingWail+1","floor":21},{"not_picked":["PiercingWail","Bane"],"picked":"Burst","floor":23},{"not_picked":["Tactician","Blur"],"picked":"Finisher","floor":24},{"not_picked":["Dagger Throw","Bane"],"picked":"Leg Sweep+1","floor":27},{"not_picked":["Poisoned Stab","Flying Knee","Reflex"],"picked":"SKIP","floor":31},{"not_picked":["Corpse Explosion","Storm of Steel"],"picked":"Burst","floor":33},{"not_picked":["Underhanded Strike","Blade Dance"],"picked":"Cloak And Dagger","floor":35},{"not_picked":["Noxious Fumes","Blade Dance+1","Heel Hook"],"picked":"SKIP","floor":37},{"not_picked":["Deadly Poison+1","Sucker Punch+1","Wraith Form v2"],"picked":"SKIP","floor":38},{"not_picked":["Flying Knee","Acrobatics+1","Infinite Blades"],"picked":"SKIP","floor":41},{"not_picked":["Prepared","Sucker Punch+1","Quick Slash"],"picked":"SKIP","floor":48}],"player_experience":414087,"relics_obtained":[{"floor":6,"key":"Sundial"},{"floor":9,"key":"Ninja Scroll"},{"floor":10,"key":"Paper Crane"},{"floor":12,"key":"Bottled Flame"},{"floor":22,"key":"Red Mask"},{"floor":23,"key":"Snake Skull"},{"floor":26,"key":"Pantograph"},{"floor":31,"key":"Mercury Hourglass"},{"floor":43,"key":"WingedGreaves"}],"event_choices":[{"event_name":"The Lab","player_choice":"Got Potions","floor":2,"damage_taken":0},{"event_name":"Liars Game","player_choice":"agreed","floor":3,"damage_taken":0},{"event_name":"Scrap Ooze","player_choice":"success","floor":4,"damage_taken":3},{"event_name":"Living Wall","player_choice":"Forget","floor":5,"damage_taken":0},{"event_name":"Dead Adventurer","player_choice":"Searched \u00271\u0027 times","floor":12,"damage_taken":0},{"event_name":"Back to Basics","player_choice":"Simplicity","floor":19,"damage_taken":0},{"event_name":"WeMeetAgain","player_choice":"Potion","floor":20,"damage_taken":0},{"event_name":"Masked Bandits","player_choice":"Fought Bandits","floor":22,"damage_taken":0},{"event_name":"MindBloom","player_choice":"Upgrade","floor":39,"damage_taken":0},{"event_name":"Falling","player_choice":"Removed Attack","floor":46,"damage_taken":0}],"is_beta":false,"boss_relics":[{"not_picked":["Velvet Choker","Fusion Hammer"],"picked":"WristBlade"},{"not_picked":["Eternal Feather","Philosopher\u0027s Stone"],"picked":"Ring of the Serpent"}],"items_purged_floors":[14,28,30,36,44],"is_endless":false,"potions_floor_spawned":[1,12,12,21,22,33,35,41,48],"killed_by":"Donu and Deca","ascension_level":4}