{"gold_per_floor":[119,119,119,119,135,135,193,217,217,243,256,151,161,177,177,177],"floor_reached":16,"playtime":679,"items_purged":[],"score":263,"play_id":"a4217f30-6c51-4a98-9087-40d924bb12cf","local_time":"20190815095850","is_ascension_mode":true,"campfire_choices":[{"data":"Defragment","floor":6.0,"key":"SMITH"},{"floor":15,"key":"REST"}],"neow_cost":"NONE","seed_source_timestamp":483681206051854,"circlet_count":0,"master_deck":["AscendersBane","Strike_B","Strike_B","Strike_B","Strike_B","Defend_B","Defend_B","Zap+1","Dualcast","Conserve Battery+1","Defragment+1","Capacitor","Glacier","BootSequence","Redo","Glacier","Go for the Eyes","Gash","Coolheaded"],"special_seed":0,"relics":["Cracked Core","NeowsBlessing","Tiny Chest","Odd Mushroom","Du-Vu Doll","Oddly Smooth Stone"],"potions_floor_usage":[10,16],"damage_taken":[{"damage":0.0,"enemies":"Small Slimes","floor":1.0,"turns":1.0},{"damage":0.0,"enemies":"2 Louse","floor":5.0,"turns":1.0},{"damage":0.0,"enemies":"3 Sentries","floor":7.0,"turns":1.0},{"damage":4.0,"enemies":"The Mushroom Lair","floor":8.0,"turns":3.0},{"damage":19,"enemies":"Gremlin Nob","floor":10,"turns":4},{"damage":0,"enemies":"Cultist","floor":11,"turns":4},{"damage":1,"enemies":"3 Louse","floor":13,"turns":4},{"damage":11,"enemies":"Exordium Thugs","floor":14,"turns":6},{"damage":29,"enemies":"The Guardian","floor":16,"turns":8}],"seed_played":"5348601434677053949","potions_obtained":[{"floor":5.0,"key":"PowerPotion"},{"floor":7.0,"key":"FearPotion"},{"floor":14,"key":"SneckoOil"}],"is_trial":false,"path_per_floor":["M","?","?","?","M","R","E","?","T","E","M","$","M","M","R","B"],"character_chosen":"DEFECT","items_purchased":["Glacier","Go for the Eyes"],"campfire_rested":1,"item_purchase_floors":[12,12],"current_hp_per_floor":[64,43,36,36,36,36,36,32,32,13,13,13,12,1,22,0],"gold":177,"neow_bonus":"THREE_ENEMY_KILL","is_prod":false,"is_daily":false,"chose_seed":false,"campfire_upgraded":1,"win_rate":0,"timestamp":1565877530,"path_taken":["M","?","?","?","?","R","E","?","T","E","M","?","M","M","R","BOSS"],"build_version":"2019-07-17","purchased_purges":0,"victory":false,"max_hp_per_floor":[71,71,71,71,71,71,71,71,71,71,71,71,71,71,71,71],"card_choices":[{"not_picked":["BootSequence","Turbo"],"picked":"Conserve Battery","floor":1.0},{"not_picked":["Chaos","Steam"],"picked":"Defragment","floor":5.0},{"not_picked":["Static Discharge","Auto Shields"],"picked":"Capacitor","floor":7.0},{"not_picked":["Genetic Algorithm","Auto Shields"],"picked":"Glacier","floor":8.0},{"not_picked":["Steam","Beam Cell"],"picked":"BootSequence","floor":10},{"not_picked":["Sunder","Meteor Strike"],"picked":"Redo","floor":11},{"not_picked":["Beam Cell","Rebound"],"picked":"Gash","floor":13},{"not_picked":["Fusion","White Noise"],"picked":"Coolheaded","floor":14}],"player_experience":1033467,"relics_obtained":[{"floor":7.0,"key":"Tiny Chest"},{"floor":8.0,"key":"Odd Mushroom"},{"floor":9.0,"key":"Du-Vu Doll"},{"floor":10,"key":"Oddly Smooth Stone"}],"event_choices":[{"damage_healed":0.0,"max_hp_gain":0.0,"max_hp_loss":0.0,"gold_gain":0.0,"event_name":"Shining Light","player_choice":"Entered Light","floor":2.0,"gold_loss":0.0,"damage_taken":21.0,"cards_upgraded":["Zap","Conserve Battery"]},{"cards_removed":["Defend_B"],"damage_healed":0.0,"max_hp_gain":0.0,"max_hp_loss":0.0,"gold_gain":0.0,"event_name":"Golden Wing","player_choice":"Card Removal","floor":3.0,"gold_loss":0.0,"damage_taken":7.0},{"cards_removed":["Defend_B"],"damage_healed":0.0,"max_hp_gain":0.0,"max_hp_loss":0.0,"gold_gain":0.0,"event_name":"Wheel of Change","player_choice":"Card Removal","floor":4.0,"gold_loss":0.0,"damage_taken":0.0},{"damage_healed":0.0,"max_hp_gain":0.0,"max_hp_loss":0.0,"gold_gain":0.0,"event_name":"Mushrooms","player_choice":"Fought Mushrooms","floor":8.0,"gold_loss":0.0,"damage_taken":0.0}],"is_beta":false,"boss_relics":[],"items_purged_floors":[],"is_endless":false,"potions_floor_spawned":[5,7,14],"killed_by":"The Guardian","ascension_level":19}