{"gold_per_floor":[113,61,61,12,12,44,44,63,63,140,140,158,186,111,111,210,210,197,97,112,129,129,129,164,164,187,187,10,30,30,64,64,167,167,184,29,29,29,47,47,47,47,47,47,47,59,389,409,409,409],"floor_reached":50,"playtime":2180,"items_purged":["Strike_B","Strike_B","Dualcast"],"score":618,"play_id":"76db501e-e763-4f8d-ad1a-d389c97a90c8","local_time":"20190820170035","is_ascension_mode":true,"campfire_choices":[{"data":"Gash","floor":7,"key":"SMITH"},{"data":"Conserve Battery","floor":11,"key":"SMITH"},{"floor":15,"key":"REST"},{"data":"Scrape","floor":23,"key":"SMITH"},{"data":"Hyperbeam","floor":25,"key":"SMITH"},{"data":"Melter","floor":27,"key":"SMITH"},{"floor":30,"key":"REST"},{"data":"Hologram","floor":32,"key":"SMITH"},{"floor":40,"key":"RECALL"},{"data":"Machine Learning","floor":42,"key":"SMITH"},{"data":"Echo Form","floor":44,"key":"SMITH"},{"floor":49,"key":"REST"}],"neow_cost":"NONE","seed_source_timestamp":436152800187800,"circlet_count":0,"master_deck":["Strike_B+1","Defend_B+1","Defend_B+1","Defend_B+1","Defend_B+1","Zap","Gash+1","Gash","Conserve Battery+1","Auto Shields","Scrape+1","Machine Learning+1","Leap+1","Melter+1","Hyperbeam+1","Hologram+1","Hologram+1","Streamline","Echo Form+1","Gash","Apotheosis","Gash","Scrape+1"],"relics":["Cracked Core","NeowsBlessing","Calipers","Unceasing Top","Bottled Lightning","Anchor","Velvet Choker","Ornamental Fan","Bag of Preparation","Blood Vial","Philosopher\u0027s Stone","Lantern","Old Coin"],"potions_floor_usage":[13,31,33,33,37,39,50,50],"damage_taken":[{"damage":0,"enemies":"Small Slimes","floor":1,"turns":1},{"damage":0,"enemies":"Lagavulin","floor":6,"turns":1},{"damage":0,"enemies":"Cultist","floor":8,"turns":1},{"damage":0,"enemies":"2 Louse","floor":12,"turns":3},{"damage":53,"enemies":"Gremlin Nob","floor":13,"turns":8},{"damage":16,"enemies":"Hexaghost","floor":16,"turns":11},{"damage":6,"enemies":"2 Thieves","floor":18,"turns":4},{"damage":0,"enemies":"3 Byrds","floor":20,"turns":5},{"damage":17,"enemies":"Centurion and Healer","floor":21,"turns":7},{"damage":23,"enemies":"Gremlin Leader","floor":24,"turns":7},{"damage":19,"enemies":"Snake Plant","floor":29,"turns":3},{"damage":2,"enemies":"Slavers","floor":31,"turns":2},{"damage":22,"enemies":"Champ","floor":33,"turns":10},{"damage":0,"enemies":"Orb Walker","floor":35,"turns":4},{"damage":0,"enemies":"3 Darklings","floor":37,"turns":2},{"damage":0,"enemies":"Jaw Worm Horde","floor":39,"turns":3},{"damage":11,"enemies":"Sphere and 2 Shapes","floor":46,"turns":4},{"damage":18,"enemies":"Reptomancer","floor":47,"turns":7},{"damage":30,"enemies":"Writhing Mass","floor":48,"turns":8},{"damage":53,"enemies":"Donu and Deca","floor":50,"turns":6}],"seed_played":"-1862769770554399506","potions_obtained":[{"floor":1,"key":"SmokeBomb"},{"floor":6,"key":"EssenceOfSteel"},{"floor":18,"key":"FocusPotion"},{"floor":24,"key":"Fire Potion"},{"floor":31,"key":"EssenceOfSteel"},{"floor":35,"key":"Energy Potion"},{"floor":46,"key":"LiquidBronze"},{"floor":48,"key":"Weak Potion"}],"is_trial":false,"path_per_floor":["M","$","?","$","?","E","R","M","T","T","R","M","E","$","R","B",null,"M","$","M","M","?","R","E","R","T","R","$","M","R","E","R","B",null,"M","$","M","?","M","R","$","R","T","R","?","M","E","M","R","B"],"character_chosen":"DEFECT","items_purchased":["Gash","Gash","Hologram","Lantern"],"campfire_rested":3,"item_purchase_floors":[2,4,28,36],"current_hp_per_floor":[75,75,75,75,68,68,68,68,68,68,68,68,15,15,37,21,75,69,69,69,52,52,52,29,29,29,29,29,10,32,30,30,10,75,75,75,75,75,75,75,75,75,75,75,75,64,48,20,42,0],"gold":409,"neow_bonus":"THREE_ENEMY_KILL","is_prod":false,"is_daily":false,"chose_seed":false,"campfire_upgraded":8,"win_rate":0,"timestamp":1566284435,"path_taken":["M","$","?","?","?","E","R","M","T","?","R","M","E","?","R","BOSS","M","$","M","M","?","R","E","R","T","R","$","M","R","E","R","BOSS","M","$","M","?","M","R","$","R","T","R","?","M","E","M","R","BOSS"],"build_version":"2019-07-17","purchased_purges":3,"victory":false,"max_hp_per_floor":[75,75,75,75,75,75,75,75,75,75,75,75,75,75,75,75,75,75,75,75,75,75,75,75,75,75,75,75,75,75,75,75,75,75,75,75,75,75,75,75,75,75,75,75,75,75,75,75,75,75],"card_choices":[{"not_picked":["Consume","Steam Power","Redo"],"picked":"SKIP","floor":1},{"not_picked":["Steam","Go for the Eyes","Ball Lightning"],"picked":"SKIP","floor":6},{"not_picked":["Stack","Capacitor"],"picked":"Conserve Battery","floor":8},{"not_picked":["Turbo","Chaos"],"picked":"Auto Shields","floor":12},{"not_picked":["Beam Cell","Darkness"],"picked":"Scrape","floor":13},{"not_picked":["Electrodynamics","Creative AI"],"picked":"Machine Learning","floor":16},{"not_picked":["Cold Snap+1","Go for the Eyes"],"picked":"Leap+1","floor":18},{"not_picked":["Compile Driver","Leap","Chaos+1"],"picked":"SKIP","floor":20},{"not_picked":["Reprogram","Conserve Battery"],"picked":"Melter","floor":21},{"not_picked":["Capacitor","Stack"],"picked":"Hyperbeam","floor":24},{"not_picked":["Fusion","Go for the Eyes"],"picked":"Hologram+1","floor":29},{"not_picked":["Steam Power","Compile Driver+1"],"picked":"Streamline","floor":31},{"not_picked":["Rainbow","Thunder Strike"],"picked":"Echo Form","floor":33},{"not_picked":["Genetic Algorithm+1","Scrape"],"picked":"Gash","floor":35},{"not_picked":["FTL+1","Storm","Recycle"],"picked":"SKIP","floor":39},{"not_picked":["Finesse","Mind Blast"],"picked":"Apotheosis","floor":45},{"not_picked":["Go for the Eyes","Leap","Redo"],"picked":"SKIP","floor":46},{"not_picked":["Rebound","Steam Power+1"],"picked":"Gash","floor":47},{"not_picked":["Steam","Barrage"],"picked":"Scrape+1","floor":48}],"player_experience":70040,"relics_obtained":[{"floor":6,"key":"Calipers"},{"floor":9,"key":"Unceasing Top"},{"floor":10,"key":"Bottled Lightning"},{"floor":13,"key":"Anchor"},{"floor":24,"key":"Ornamental Fan"},{"floor":26,"key":"Bag of Preparation"},{"floor":31,"key":"Blood Vial"},{"floor":47,"key":"Old Coin"}],"event_choices":[{"damage_healed":0,"gold_gain":0,"player_choice":"Bought 0 Potions","damage_taken":0,"max_hp_gain":0,"max_hp_loss":0,"event_name":"The Woman in Blue","floor":3,"gold_loss":0},{"cards_removed":["Strike_B"],"damage_healed":0,"gold_gain":0,"player_choice":"Card Removal","damage_taken":7,"max_hp_gain":0,"max_hp_loss":0,"event_name":"Golden Wing","floor":5,"gold_loss":0},{"damage_healed":0,"gold_gain":0,"player_choice":"Simplicity","damage_taken":0,"max_hp_gain":0,"max_hp_loss":0,"event_name":"Back to Basics","floor":22,"gold_loss":0,"cards_upgraded":["Strike_B","Defend_B","Defend_B","Defend_B","Defend_B"]},{"damage_healed":0,"gold_gain":0,"player_choice":"Ignored","damage_taken":0,"max_hp_gain":0,"max_hp_loss":0,"event_name":"Mysterious Sphere","floor":38,"gold_loss":0},{"damage_healed":0,"gold_gain":0,"player_choice":"Memory 1","damage_taken":0,"max_hp_gain":0,"max_hp_loss":0,"event_name":"SensoryStone","floor":45,"gold_loss":0}],"is_beta":false,"boss_relics":[{"not_picked":["Snecko Eye","Astrolabe"],"picked":"Velvet Choker"},{"not_picked":["Eternal Feather","Coffee Dripper"],"picked":"Philosopher\u0027s Stone"}],"items_purged_floors":[14,19,28],"is_endless":false,"potions_floor_spawned":[1,6,18,24,31,35,37,46,48],"killed_by":"Donu and Deca","ascension_level":2}