{"gold_per_floor":[115,126,126,143,57,85,104],"floor_reached":7,"playtime":221,"items_purged":[],"score":66,"play_id":"cd36cd1d-1270-4a72-bbe8-1e1ead77a29b","local_time":"20190122092422","is_ascension_mode":true,"campfire_choices":[],"neow_cost":"NONE","seed_source_timestamp":4110015489132759,"circlet_count":0,"master_deck":["Defend_G","Defend_G","Defend_G","Defend_G","Defend_G","Strike_G","Strike_G","Strike_G","Strike_G","Strike_G","Survivor","Neutralize","Corpse Explosion","Flash of Steel","Tools of the Trade","Cloak And Dagger"],"relics":["Ring of the Snake","NeowsBlessing","Potion Belt","Shuriken"],"potions_floor_usage":[6],"damage_taken":[{"damage":0,"enemies":"Small Slimes","floor":1,"turns":1},{"damage":0,"enemies":"Cultist","floor":2,"turns":1},{"damage":0,"enemies":"2 Louse","floor":4,"turns":1},{"damage":32,"enemies":"3 Sentries","floor":6,"turns":5},{"damage":8,"enemies":"Lots of Slimes","floor":7,"turns":2}],"seed_played":"-2659200185534417856","potions_obtained":[{"floor":4,"key":"Weak Potion"},{"floor":6,"key":"AttackPotion"},{"floor":7,"key":"AttackPotion"}],"is_trial":false,"path_per_floor":["M","M","?","M","$","E","M"],"character_chosen":"THE_SILENT","items_purchased":["Flash of Steel"],"campfire_rested":0,"item_purchase_floors":[5],"current_hp_per_floor":[70,70,70,70,70,38,30],"gold":104,"neow_bonus":"THREE_ENEMY_KILL","is_prod":false,"is_daily":false,"chose_seed":false,"campfire_upgraded":0,"win_rate":0,"timestamp":1548167062,"path_taken":["M","M","?","?","$","E","M"],"build_version":"2019-01-17v2","purchased_purges":0,"victory":false,"max_hp_per_floor":[70,70,70,70,70,70,70],"card_choices":[{"not_picked":["Underhanded Strike","Poisoned Stab"],"picked":"Accuracy","floor":1},{"not_picked":["Acrobatics","Underhanded Strike","Calculated Gamble"],"picked":"SKIP","floor":2},{"not_picked":["Distraction","Infinite Blades"],"picked":"Corpse Explosion","floor":4},{"not_picked":["Endless Agony","Dagger Throw"],"picked":"Tools of the Trade","floor":6},{"not_picked":["Bane","Outmaneuver"],"picked":"Cloak And Dagger","floor":7}],"player_experience":289887,"relics_obtained":[{"floor":6,"key":"Shuriken"}],"event_choices":[{"cards_removed":["Accuracy"],"damage_healed":0,"gold_gain":0,"player_choice":"Gave Card","damage_taken":0,"relics_obtained":["Potion Belt"],"max_hp_gain":0,"max_hp_loss":0,"event_name":"WeMeetAgain","floor":3,"gold_loss":0}],"is_beta":false,"boss_relics":[],"items_purged_floors":[],"is_endless":false,"potions_floor_spawned":[4,6,7],"killed_by":"Lots of Slimes","ascension_level":5}