{"gold_per_floor":[111,121,121,133,133,133,41,41,41,60,90,108,34,46,46,142,142,162,178,25,41,18,43,43],"floor_reached":24,"playtime":3304,"items_purged":[],"score":218,"play_id":"a69bce82-cb5c-42a5-aae0-2608c982de8d","local_time":"20190803211404","is_ascension_mode":false,"campfire_choices":[{"floor":6,"key":"REST"},{"floor":15,"key":"REST"}],"neow_cost":"NONE","seed_source_timestamp":477916174539043,"circlet_count":0,"master_deck":["Strike_B","Strike_B+1","Strike_B","Strike_B","Defend_B+1","Defend_B","Defend_B","Defend_B","Zap","Stack","Streamline","Gash","Capacitor","Conserve Battery","Regret","Machine Learning","Cold Snap","Gash","Hello World","Gash","All For One","Blizzard","FTL+1","Hello World","Dark Shackles","Stack","Ball Lightning","Conserve Battery"],"relics":["FrozenCore","Centennial Puzzle","Blue Candle","PreservedInsect","Bronze Scales"],"potions_floor_usage":[23,23,23],"damage_taken":[{"damage":0,"enemies":"2 Louse","floor":1,"turns":5},{"damage":2,"enemies":"Small Slimes","floor":2,"turns":5},{"damage":0,"enemies":"Jaw Worm","floor":4,"turns":3},{"damage":3,"enemies":"Gremlin Gang","floor":10,"turns":6},{"damage":17,"enemies":"Lagavulin","floor":11,"turns":7},{"damage":6,"enemies":"2 Fungi Beasts","floor":12,"turns":5},{"damage":14,"enemies":"Exordium Wildlife","floor":14,"turns":5},{"damage":23,"enemies":"Slime Boss","floor":16,"turns":10},{"damage":18,"enemies":"2 Thieves","floor":18,"turns":5},{"damage":10,"enemies":"Shell Parasite","floor":19,"turns":7},{"damage":32,"enemies":"3 Cultists","floor":21,"turns":7},{"damage":11,"enemies":"Gremlin Leader","floor":23,"turns":7},{"damage":0,"enemies":"Chosen and Byrds","floor":24,"turns":1}],"seed_played":"400246484611986316","potions_obtained":[{"floor":4,"key":"PowerPotion"},{"floor":10,"key":"Weak Potion"},{"floor":12,"key":"Block Potion"},{"floor":23,"key":"Ancient Potion"}],"is_trial":false,"path_per_floor":["M","M","?","M","?","R","$","?","T","M","E","M","$","M","R","B",null,"M","M","$","M","$","E","M"],"character_chosen":"DEFECT","items_purchased":["Capacitor","Conserve Battery","Hello World","Hello World","Dark Shackles","Ball Lightning"],"campfire_rested":2,"item_purchase_floors":[7,7,13,20,20,22],"current_hp_per_floor":[75,73,58,58,58,75,75,75,75,72,55,49,49,35,57,34,75,57,47,47,15,15,4,4],"gold":43,"neow_bonus":"REMOVE_CARD","is_prod":false,"is_daily":false,"chose_seed":false,"campfire_upgraded":0,"win_rate":0.0,"timestamp":1564859644,"path_taken":["M","M","?","M","?","R","$","?","T","M","E","?","$","M","R","BOSS","M","M","$","M","$","E","?"],"build_version":"2019-07-17","purchased_purges":0,"victory":false,"max_hp_per_floor":[75,75,75,75,75,75,75,75,75,75,75,75,75,75,75,75,75,75,75,75,75,75,75,75],"card_choices":[{"not_picked":["Steam Power","Coolheaded"],"picked":"Stack","floor":1},{"not_picked":["Barrage","Glacier"],"picked":"Streamline","floor":2},{"not_picked":["Darkness","Hologram"],"picked":"Gash","floor":4},{"not_picked":["Compile Driver","Conserve Battery"],"picked":"Machine Learning","floor":10},{"not_picked":["Machine Learning","Double Energy"],"picked":"Cold Snap","floor":11},{"not_picked":["Darkness","Chill"],"picked":"Gash","floor":12},{"not_picked":["Darkness","Hologram"],"picked":"Gash","floor":14},{"not_picked":["Reboot","Biased Cognition"],"picked":"All For One","floor":16},{"not_picked":["Lockon","Rebound+1"],"picked":"Blizzard","floor":18},{"not_picked":["BootSequence","Hologram"],"picked":"FTL+1","floor":19},{"not_picked":["Conserve Battery","Chaos"],"picked":"Stack","floor":21},{"not_picked":["Steam","Leap"],"picked":"Conserve Battery","floor":23}],"player_experience":284062,"relics_obtained":[{"floor":9,"key":"Blue Candle"},{"floor":11,"key":"PreservedInsect"},{"floor":23,"key":"Bronze Scales"}],"event_choices":[{"damage_healed":0,"gold_gain":0,"player_choice":"Entered Light","damage_taken":15,"max_hp_gain":0,"max_hp_loss":0,"event_name":"Shining Light","floor":3,"gold_loss":0,"cards_upgraded":["Strike_B","Defend_B"]},{"damage_healed":0,"gold_gain":0,"player_choice":"Ignored","damage_taken":0,"max_hp_gain":0,"max_hp_loss":0,"event_name":"Golden Idol","floor":5,"gold_loss":0},{"damage_healed":0,"gold_gain":0,"player_choice":"Box","damage_taken":0,"relics_obtained":["Centennial Puzzle"],"max_hp_gain":0,"max_hp_loss":0,"event_name":"Big Fish","floor":8,"gold_loss":0,"cards_obtained":["Regret"]}],"is_beta":false,"boss_relics":[{"not_picked":["Fusion Hammer","White Beast Statue"],"picked":"FrozenCore"}],"items_purged_floors":[],"is_endless":false,"potions_floor_spawned":[4,10,12,16,18,23],"killed_by":"Chosen and Byrds","ascension_level":0}