{"gold_per_floor":[11,11,35,59,59,59,79,79,79,4,28,47,47,72,72,72],"floor_reached":16,"playtime":1139,"items_purged":["Sever Soul"],"score":122,"play_id":"6e948c38-5899-4752-b495-3195f31fc462","local_time":"20190820023927","is_ascension_mode":true,"campfire_choices":[{"data":"Flex","floor":6,"key":"SMITH"},{"data":"Dropkick","floor":8,"key":"SMITH"},{"floor":15,"key":"REST"}],"neow_cost":"NO_GOLD","seed_source_timestamp":2350542292644200,"circlet_count":0,"master_deck":["Strike_R","Strike_R","Strike_R","Defend_R","Defend_R","Defend_R","Defend_R+1","Bash","Limit Break","Rupture+1","Flex+1","Dropkick+1","Shockwave","Power Through"],"relics":["Burning Blood","Golden Idol","Gremlin Horn"],"potions_floor_usage":[16,16,16],"damage_taken":[{"damage":8,"enemies":"Jaw Worm","floor":1,"turns":5},{"damage":8,"enemies":"Small Slimes","floor":3,"turns":4},{"damage":1,"enemies":"Cultist","floor":4,"turns":4},{"damage":12,"enemies":"Looter","floor":7,"turns":3},{"damage":23,"enemies":"3 Louse","floor":11,"turns":3},{"damage":15,"enemies":"2 Fungi Beasts","floor":12,"turns":5},{"damage":4,"enemies":"Blue Slaver","floor":14,"turns":3},{"damage":55,"enemies":"Slime Boss","floor":16,"turns":8}],"seed_played":"1534788809874967866","potions_obtained":[{"floor":3,"key":"Dexterity Potion"},{"floor":4,"key":"EssenceOfSteel"},{"floor":11,"key":"FearPotion"},{"floor":14,"key":"GamblersBrew"}],"is_trial":false,"path_per_floor":["M","?","M","M","?","R","M","R","T","$","M","M","?","M","R","B"],"character_chosen":"IRONCLAD","items_purchased":[],"campfire_rested":1,"item_purchase_floors":[],"current_hp_per_floor":[70,50,48,53,53,53,47,47,47,47,30,21,21,23,47,0],"gold":72,"neow_bonus":"TRANSFORM_TWO_CARDS","is_prod":false,"is_daily":false,"chose_seed":false,"campfire_upgraded":2,"win_rate":0,"timestamp":1566239967,"path_taken":["M","?","M","M","?","R","M","R","T","$","M","?","?","M","R","BOSS"],"build_version":"2019-07-17","purchased_purges":1,"victory":false,"max_hp_per_floor":[80,80,80,80,80,80,80,80,80,80,80,80,80,80,80,80],"card_choices":[{"not_picked":["Wild Strike","Infernal Blade"],"picked":"Rupture","floor":1},{"not_picked":["Fire Breathing","Carnage"],"picked":"Flex","floor":3},{"not_picked":["Infernal Blade","Pommel Strike","Thunderclap"],"picked":"SKIP","floor":4},{"not_picked":["Warcry","Reckless Charge"],"picked":"Dropkick","floor":7},{"not_picked":["Flex","Wild Strike","Sever Soul"],"picked":"SKIP","floor":11},{"not_picked":["Feed","Sword Boomerang"],"picked":"Shockwave","floor":12},{"not_picked":["Flex","Havoc"],"picked":"Power Through","floor":14}],"player_experience":808053,"relics_obtained":[{"floor":9,"key":"Gremlin Horn"}],"event_choices":[{"damage_healed":0,"gold_gain":0,"player_choice":"Take Damage","damage_taken":20,"relics_obtained":["Golden Idol"],"max_hp_gain":0,"max_hp_loss":0,"event_name":"Golden Idol","floor":2,"gold_loss":0},{"damage_healed":0,"gold_gain":0,"player_choice":"Upgraded","damage_taken":0,"max_hp_gain":0,"max_hp_loss":0,"event_name":"Upgrade Shrine","floor":5,"gold_loss":0,"cards_upgraded":["Rupture"]},{"damage_healed":0,"gold_gain":0,"player_choice":"Grow","damage_taken":0,"max_hp_gain":0,"max_hp_loss":0,"event_name":"Living Wall","floor":13,"gold_loss":0,"cards_upgraded":["Defend_R"]}],"is_beta":false,"boss_relics":[],"items_purged_floors":[10],"is_endless":false,"potions_floor_spawned":[3,4,11,14],"killed_by":"Slime Boss","ascension_level":6}