{"gold_per_floor":[10,10,59,78,78,105,2,2,26,26,44,44,73,83,83,83],"floor_reached":16,"playtime":552,"items_purged":[],"score":246,"play_id":"f572f2c4-e3f4-460f-9fcb-0d895c385703","local_time":"20190822121345","is_ascension_mode":true,"campfire_choices":[{"floor":8.0,"key":"REST"},{"data":"Mind Blast","floor":10.0,"key":"SMITH"},{"data":"True Grit","floor":12.0,"key":"SMITH"},{"floor":15.0,"key":"RECALL"}],"neow_cost":"NO_GOLD","seed_source_timestamp":0,"circlet_count":0,"master_deck":["AscendersBane","Strike_R","Strike_R","Strike_R","Strike_R","Strike_R","Defend_R","Defend_R","Bash","True Grit+1","Ghostly Armor","Whirlwind+1","Twin Strike","Twin Strike","Mind Blast+1","Cleave","Shrug It Off","Clothesline"],"special_seed":0,"relics":["Burning Blood","Bag of Marbles","PreservedInsect","Omamori","Ancient Tea Set"],"potions_floor_usage":[16],"damage_taken":[{"damage":9.0,"enemies":"2 Louse","floor":1.0,"turns":3.0},{"damage":9.0,"enemies":"Jaw Worm","floor":4.0,"turns":4.0},{"damage":32.0,"enemies":"Gremlin Nob","floor":6.0,"turns":4.0},{"damage":0.0,"enemies":"Cultist","floor":11.0,"turns":2.0},{"damage":0.0,"enemies":"3 Sentries","floor":13.0,"turns":2.0},{"damage":0.0,"enemies":"Large Slime","floor":14.0,"turns":4.0},{"damage":73,"enemies":"Hexaghost","floor":16,"turns":9}],"seed_played":"-6046428549877766798","potions_obtained":[{"floor":6.0,"key":"Strength Potion"},{"floor":11.0,"key":"Explosive Potion"}],"is_trial":false,"path_per_floor":["M","?","T","M","?","E","$","R","T","R","M","R","E","M","R","B"],"character_chosen":"IRONCLAD","items_purchased":["Mind Blast"],"campfire_rested":1,"item_purchase_floors":[7],"current_hp_per_floor":[65,65,65,62,57,31,31,53,53,53,59,59,65,71,71,0],"gold":83,"neow_bonus":"TRANSFORM_TWO_CARDS","is_prod":false,"is_daily":false,"chose_seed":false,"campfire_upgraded":2,"win_rate":0,"timestamp":1566501225,"path_taken":["M","?","?","M","?","E","?","R","T","R","M","R","E","M","R","BOSS"],"build_version":"2019-07-17","purchased_purges":0,"victory":false,"max_hp_per_floor":[75,75,75,75,75,75,75,75,75,75,75,75,75,75,75,75],"card_choices":[{"not_picked":["Anger","Hemokinesis"],"picked":"Whirlwind","floor":1.0},{"not_picked":["Perfected Strike","Evolve"],"picked":"Twin Strike","floor":4.0},{"not_picked":["Anger","Dual Wield"],"picked":"Twin Strike","floor":6.0},{"not_picked":["Ghostly Armor","Evolve"],"picked":"Cleave","floor":11.0},{"not_picked":["Bludgeon","Havoc"],"picked":"Shrug It Off","floor":13.0},{"not_picked":["Pommel Strike","Clash"],"picked":"Clothesline","floor":14.0}],"player_experience":725954,"relics_obtained":[{"floor":6.0,"key":"PreservedInsect"},{"floor":9.0,"key":"Omamori"},{"floor":13.0,"key":"Ancient Tea Set"}],"event_choices":[{"damage_healed":0.0,"max_hp_gain":0.0,"max_hp_loss":0.0,"gold_gain":0.0,"event_name":"Living Wall","player_choice":"Grow","floor":2.0,"gold_loss":0.0,"damage_taken":0.0,"cards_upgraded":["Whirlwind"]},{"damage_healed":0.0,"max_hp_gain":0.0,"max_hp_loss":0.0,"gold_gain":0.0,"event_name":"Scrap Ooze","player_choice":"Success","floor":5.0,"gold_loss":0.0,"damage_taken":5.0,"relics_obtained":["Bag of Marbles"]}],"is_beta":false,"boss_relics":[],"items_purged_floors":[],"is_endless":false,"potions_floor_spawned":[6,11],"killed_by":"Hexaghost","ascension_level":17}