{"gold_per_floor":[109,127,137,137,148,148,163,163,189,63,63,76,94,94,94,94],"floor_reached":16,"playtime":4255,"items_purged":["Defend_G"],"score":103,"play_id":"da258184-71ca-4552-8522-d33aaff4f8ee","local_time":"20190113151606","is_ascension_mode":true,"campfire_choices":[{"data":"Prepared","floor":6,"key":"SMITH"},{"data":"Leg Sweep","floor":8,"key":"SMITH"},{"data":"Backflip","floor":11,"key":"SMITH"},{"data":"Backflip","floor":15,"key":"SMITH"}],"neow_cost":"PERCENT_DAMAGE","seed_source_timestamp":3349463061816431,"circlet_count":0,"master_deck":["Defend_G","Defend_G","Defend_G+1","Defend_G","Strike_G","Strike_G","Strike_G","Strike_G","Strike_G","Survivor","Neutralize+1","Leg Sweep+1","Prepared+1","Escape Plan","Dagger Throw","Backflip+1","Footwork","Backflip+1"],"relics":["Ring of the Snake","Tough Bandages","Dream Catcher"],"potions_floor_usage":[16,16],"damage_taken":[{"damage":3,"enemies":"2 Louse","floor":1,"turns":3},{"damage":0,"enemies":"Small Slimes","floor":2,"turns":4},{"damage":0,"enemies":"Jaw Worm","floor":3,"turns":7},{"damage":4,"enemies":"Large Slime","floor":5,"turns":8},{"damage":2,"enemies":"Blue Slaver","floor":7,"turns":5},{"damage":0,"enemies":"2 Fungi Beasts","floor":12,"turns":5},{"damage":0,"enemies":"Exordium Thugs","floor":13,"turns":6},{"damage":37,"enemies":"Hexaghost","floor":16,"turns":15}],"seed_played":"-7920821507341612352","potions_obtained":[{"floor":5,"key":"Fire Potion"},{"floor":7,"key":"LiquidBronze"},{"floor":12,"key":"PowerPotion"}],"is_trial":false,"path_per_floor":["M","M","M","?","M","R","M","R","T","$","R","M","M","?","R","B"],"character_chosen":"THE_SILENT","items_purchased":["Backflip"],"campfire_rested":0,"item_purchase_floors":[10],"current_hp_per_floor":[46,46,46,32,28,28,26,26,26,26,26,26,26,31,31,0],"gold":94,"neow_bonus":"ONE_RARE_RELIC","is_prod":false,"is_daily":false,"chose_seed":false,"campfire_upgraded":4,"win_rate":0,"timestamp":1547410566,"path_taken":["M","M","M","?","M","R","M","R","T","$","R","M","M","?","R","BOSS"],"build_version":"2019-01-10","purchased_purges":1,"victory":false,"max_hp_per_floor":[70,70,70,70,70,70,70,70,70,70,70,70,70,75,75,75],"card_choices":[{"not_picked":["Cloak And Dagger","Bane"],"picked":"Leg Sweep","floor":1},{"not_picked":["Acrobatics","All Out Attack"],"picked":"Prepared","floor":2},{"not_picked":["PiercingWail","Skewer","Finisher"],"picked":"SKIP","floor":3},{"not_picked":["Distraction","Predator"],"picked":"Escape Plan","floor":5},{"not_picked":["Quick Slash","Acrobatics"],"picked":"Dagger Throw","floor":7},{"not_picked":["Bane","Dagger Spray"],"picked":"Footwork","floor":12},{"not_picked":["Crippling Poison","Cloak And Dagger"],"picked":"Backflip","floor":13}],"player_experience":200839,"relics_obtained":[{"floor":9,"key":"Dream Catcher"}],"event_choices":[{"damage_healed":0,"gold_gain":0,"player_choice":"Entered Light","damage_taken":14,"max_hp_gain":0,"max_hp_loss":0,"event_name":"Shining Light","floor":4,"gold_loss":0,"cards_upgraded":["Neutralize","Defend_G"]},{"damage_healed":0,"gold_gain":0,"player_choice":"Donut","damage_taken":0,"max_hp_gain":5,"max_hp_loss":0,"event_name":"Big Fish","floor":14,"gold_loss":0}],"is_beta":false,"boss_relics":[],"items_purged_floors":[10],"is_endless":false,"potions_floor_spawned":[5,7,12,13],"killed_by":"Hexaghost","ascension_level":2}