{"gold_per_floor":[111,24,24,39,39,64,64,64,118,153,170,180,200,200,200,276,326,337,337,387,2,14,14],"floor_reached":23,"playtime":1017,"items_purged":[],"score":473,"play_id":"899e1fd8-1158-46e6-a603-38cb047f6b02","local_time":"20190726131509","is_ascension_mode":true,"campfire_choices":[{"data":"Conserve Battery","floor":8,"key":"SMITH"},{"data":"Chaos","floor":15,"key":"SMITH"}],"neow_cost":"NONE","seed_source_timestamp":1183619435394859,"circlet_count":0,"master_deck":["AscendersBane","Strike_B+1","Strike_B","Strike_B","Strike_B","Defend_B","Defend_B","Defend_B","Zap","Dualcast","Conserve Battery+1","Beam Cell","Redo","Regret","Static Discharge","Cold Snap","Chaos+1","Ball Lightning","Coolheaded","Electrodynamics","Coolheaded","Cold Snap+1","Go for the Eyes"],"relics":["Cracked Core","NeowsBlessing","Gremlin Horn","PreservedInsect","CultistMask","DataDisk","Du-Vu Doll","Tiny House","Thread and Needle"],"potions_floor_usage":[16,23],"damage_taken":[{"damage":0,"enemies":"Small Slimes","floor":1,"turns":1},{"damage":0,"enemies":"Jaw Worm","floor":4,"turns":1},{"damage":0,"enemies":"Lagavulin","floor":6,"turns":1},{"damage":2,"enemies":"Gremlin Nob","floor":10,"turns":3},{"damage":2,"enemies":"Cultist","floor":11,"turns":3},{"damage":3,"enemies":"2 Fungi Beasts","floor":12,"turns":2},{"damage":23,"enemies":"Exordium Thugs","floor":13,"turns":3},{"damage":30,"enemies":"Hexaghost","floor":16,"turns":10},{"damage":26,"enemies":"Shell Parasite","floor":18,"turns":4},{"damage":2,"enemies":"3 Byrds","floor":22,"turns":2},{"damage":37,"enemies":"Slavers","floor":23,"turns":3}],"seed_played":"-7866238315257888973","potions_obtained":[{"floor":6,"key":"Block Potion"},{"floor":10,"key":"SteroidPotion"},{"floor":13,"key":"AttackPotion"},{"floor":16,"key":"EssenceOfSteel"}],"is_trial":false,"path_per_floor":["M","$","?","M","$","E","?","R","T","E","M","M","M","?","R","B",null,"M","?","?","$","M","E"],"character_chosen":"DEFECT","items_purchased":["Beam Cell","Redo","Thread and Needle","Go for the Eyes"],"campfire_rested":0,"item_purchase_floors":[2,2,21,21],"current_hp_per_floor":[64,64,64,64,64,64,64,64,64,62,60,57,34,34,34,4,59,33,33,33,33,31,0],"gold":14,"neow_bonus":"THREE_ENEMY_KILL","is_prod":false,"is_daily":false,"chose_seed":false,"campfire_upgraded":2,"win_rate":0,"timestamp":1564161309,"path_taken":["M","$","?","M","$","E","?","R","T","E","M","?","M","?","R","BOSS","M","?","?","$","M","E"],"build_version":"2019-07-17","purchased_purges":0,"victory":false,"max_hp_per_floor":[71,71,71,71,71,71,71,71,71,71,71,71,71,71,71,71,76,76,76,76,76,76,76],"card_choices":[{"not_picked":["Fusion","Hello World"],"picked":"Conserve Battery","floor":1},{"not_picked":["Barrage","Fusion"],"picked":"Static Discharge","floor":4},{"not_picked":["Chaos","Turbo"],"picked":"Cold Snap","floor":6},{"not_picked":["Turbo","Aggregate"],"picked":"Chaos","floor":10},{"not_picked":["Aggregate","Sunder"],"picked":"Ball Lightning","floor":11},{"not_picked":["Sunder","Double Energy","Stack"],"picked":"SKIP","floor":12},{"not_picked":["Steam","Stack"],"picked":"Coolheaded","floor":13},{"not_picked":["Fission","Thunder Strike"],"picked":"Electrodynamics","floor":16},{"not_picked":["Consume","Aggregate"],"picked":"Coolheaded","floor":17},{"not_picked":["Reprogram","Compile Driver"],"picked":"Cold Snap+1","floor":18},{"not_picked":["Genetic Algorithm","Leap","Streamline"],"picked":"SKIP","floor":22}],"player_experience":943954,"relics_obtained":[{"floor":6,"key":"PreservedInsect"},{"floor":9,"key":"DataDisk"},{"floor":10,"key":"Du-Vu Doll"}],"event_choices":[{"damage_healed":0,"gold_gain":0,"player_choice":"Box","damage_taken":0,"relics_obtained":["Gremlin Horn"],"max_hp_gain":0,"max_hp_loss":0,"event_name":"Big Fish","floor":3,"gold_loss":0,"cards_obtained":["Regret"]},{"damage_healed":0,"gold_gain":0,"player_choice":"Trade","damage_taken":0,"relics_obtained":["CultistMask"],"max_hp_gain":0,"max_hp_loss":0,"event_name":"FaceTrader","floor":7,"gold_loss":0},{"cards_removed":["Defend_B"],"damage_healed":0,"gold_gain":0,"player_choice":"Purged","damage_taken":0,"max_hp_gain":0,"max_hp_loss":0,"event_name":"Purifier","floor":14,"gold_loss":0},{"damage_healed":0,"gold_gain":0,"player_choice":"Ignored","damage_taken":0,"max_hp_gain":0,"max_hp_loss":0,"event_name":"Cursed Tome","floor":19,"gold_loss":0},{"damage_healed":0,"gold_gain":50,"player_choice":"Stole From Cult","damage_taken":0,"max_hp_gain":0,"max_hp_loss":0,"event_name":"Nest","floor":20,"gold_loss":0}],"is_beta":false,"boss_relics":[{"not_picked":["Empty Cage","Lizard Tail"],"picked":"Tiny House"}],"items_purged_floors":[],"is_endless":false,"potions_floor_spawned":[6,10,13,16],"killed_by":"Slavers","ascension_level":18}