{"gold_per_floor":[115,115,17,42,117,144,144,178,178,178,203,75,85,113,113,216,216,233,332,332,349,34,34,52,52,52,52,38,38,38,38,38,138,138,154,154,254,273,283,283,283,104,129,142,142,159,159,159,159,159],"floor_reached":51,"playtime":3133,"items_purged":["Strike_B","Multi-Cast","Doom and Gloom"],"score":862,"play_id":"d24f899e-f9c8-43f5-93ee-457a59c50e91","local_time":"20190819115305","is_ascension_mode":true,"campfire_choices":[{"floor":7.0,"key":"REST"},{"floor":10.0,"key":"REST"},{"floor":15.0,"key":"REST"},{"data":"Biased Cognition","floor":23,"key":"SMITH"},{"floor":25,"key":"REST"},{"data":"Coolheaded","floor":27,"key":"SMITH"},{"data":"Defragment","floor":30,"key":"SMITH"},{"floor":32,"key":"REST"},{"floor":41,"key":"REST"},{"floor":49,"key":"REST"}],"neow_cost":"NONE","seed_source_timestamp":4297507472125,"circlet_count":0,"master_deck":["Zap","Dualcast","Conserve Battery","Coolheaded+1","Melter","Chill","Genetic Algorithm","Go for the Eyes","Cold Snap","Defragment+1","Creative AI","Biased Cognition+1","Rebound","Doom and Gloom","Machine Learning","Leap+1","FTL+1","White Noise","Blizzard","Chaos+1","Cold Snap","All For One","Cold Snap+1","Cold Snap+1","Gash+1","Hologram","Madness","Madness","Defragment","Decay","Defragment+1","Writhe"],"special_seed":0,"relics":["Cracked Core","Orichalcum","Lantern","Art of War","Meat on the Bone","Pen Nib","StoneCalendar","Pandora\u0027s Box","Membership Card","Girya","Cursed Key","Prayer Wheel","DataDisk","Happy Flower","Frozen Egg 2"],"potions_floor_usage":[33,39,44,50,50],"damage_taken":[{"damage":0.0,"enemies":"Jaw Worm","floor":1.0,"turns":3.0},{"damage":15.0,"enemies":"Lagavulin","floor":6.0,"turns":8.0},{"damage":11.0,"enemies":"3 Sentries","floor":8.0,"turns":11.0},{"damage":0.0,"enemies":"2 Louse","floor":13.0,"turns":2.0},{"damage":28.0,"enemies":"Lagavulin","floor":14.0,"turns":8.0},{"damage":30.0,"enemies":"The Guardian","floor":16.0,"turns":13.0},{"damage":0.0,"enemies":"Spheric Guardian","floor":18.0,"turns":3.0},{"damage":2.0,"enemies":"Shell Parasite","floor":21.0,"turns":4.0},{"damage":19,"enemies":"Centurion and Healer","floor":24,"turns":7},{"damage":43,"enemies":"Champ","floor":33,"turns":16},{"damage":0,"enemies":"Orb Walker","floor":35,"turns":3},{"damage":4,"enemies":"Mind Bloom Boss Battle","floor":37,"turns":8},{"damage":3,"enemies":"3 Shapes","floor":38,"turns":6},{"damage":7,"enemies":"Transient","floor":39,"turns":5},{"damage":18,"enemies":"3 Darklings","floor":44,"turns":6},{"damage":0,"enemies":"Maw","floor":46,"turns":9},{"damage":37,"enemies":"Awakened One","floor":50,"turns":17}],"seed_played":"9059588808123891702","potions_obtained":[{"floor":13.0,"key":"LiquidBronze"},{"floor":21.0,"key":"SkillPotion"},{"floor":33,"key":"Strength Potion"},{"floor":35,"key":"SteroidPotion"},{"floor":38,"key":"Energy Potion"},{"floor":39,"key":"Swift Potion"},{"floor":46,"key":"Block Potion"}],"is_trial":false,"path_per_floor":["M","?","$","T","?","E","R","E","T","R","T","$","M","E","R","B",null,"M","?","?","M","$","R","M","R","T","R","$","?","R","$","R","B",null,"M","?","?","M","M","?","R","$","T","M","?","M","?","T","R","B",null],"character_chosen":"DEFECT","items_purchased":["Coolheaded","Melter","Go for the Eyes","Membership Card","White Noise","Blizzard","Cold Snap","Defragment","DataDisk"],"campfire_rested":7,"item_purchase_floors":[3,3,12,22,22,22,28,42,42],"current_hp_per_floor":[68,61,61,61,50,35,57,46,46,68,68,68,68,40,62,44,67,67,67,67,65,65,65,46,68,68,68,68,54,54,54,78,47,72,72,72,68,65,58,48,72,72,72,54,54,54,54,54,78,41],"gold":159,"neow_bonus":"THREE_CARDS","is_prod":false,"is_daily":false,"chose_seed":false,"campfire_upgraded":3,"win_rate":0,"timestamp":1566211985,"path_taken":["M","?","?","?","?","E","R","E","T","R","?","$","M","E","R","BOSS","M","?","?","M","$","R","M","R","T","R","?","?","R","$","R","BOSS","M","?","?","M","M","?","R","$","T","M","?","?","?","?","R","BOSS"],"build_version":"2019-07-17","purchased_purges":3,"victory":true,"max_hp_per_floor":[75,75,75,75,75,75,75,75,75,75,75,75,75,75,75,75,75,75,75,75,75,75,75,75,75,75,75,75,80,80,80,80,80,80,80,80,80,80,80,80,80,80,80,80,80,80,80,80,80,80],"card_choices":[{"not_picked":["Tempest","Streamline"],"picked":"Conserve Battery","floor":0.0},{"not_picked":["Redo","Darkness","Leap"],"picked":"SKIP","floor":1.0},{"not_picked":["Hologram","Conserve Battery"],"picked":"Chill","floor":6.0},{"not_picked":["Turbo","Hologram"],"picked":"Genetic Algorithm","floor":8.0},{"not_picked":["Streamline","Storm"],"picked":"Cold Snap","floor":13.0},{"not_picked":["Barrage","Genetic Algorithm"],"picked":"Defragment","floor":14.0},{"not_picked":["Rainbow","Reboot"],"picked":"Creative AI","floor":16.0},{"not_picked":["Compile Driver","Rebound+1"],"picked":"Leap+1","floor":18.0},{"not_picked":["Aggregate+1","Sweeping Beam"],"picked":"FTL+1","floor":21.0},{"not_picked":["Steam","Force Field"],"picked":"Chaos+1","floor":24},{"not_picked":["Machine Learning","Amplify"],"picked":"All For One","floor":33},{"not_picked":["Redo+1","Ball Lightning+1"],"picked":"Cold Snap+1","floor":35},{"not_picked":["Tempest","Glacier"],"picked":"Cold Snap+1","floor":37},{"not_picked":["Ball Lightning","Barrage+1"],"picked":"Gash+1","floor":38},{"not_picked":["Melter+1","Doom and Gloom","Cold Snap"],"picked":"SKIP","floor":38},{"not_picked":["Hyperbeam","Coolheaded"],"picked":"Hologram","floor":39},{"not_picked":["Cold Snap","Double Energy+1","Rebound+1"],"picked":"SKIP","floor":39},{"not_picked":["Leap","Gash+1"],"picked":"Defragment+1","floor":44},{"not_picked":["Coolheaded","Rebound","Streamline+1"],"picked":"SKIP","floor":44},{"not_picked":["Coolheaded","Rebound","Streamline+1"],"picked":"SKIP","floor":44},{"not_picked":["Self Repair","Cold Snap+1","Hologram"],"picked":"SKIP","floor":46},{"not_picked":["Hello World+1","Core Surge","Blizzard"],"picked":"SKIP","floor":46}],"player_experience":431299,"relics_obtained":[{"floor":4.0,"key":"Orichalcum"},{"floor":6.0,"key":"Lantern"},{"floor":8.0,"key":"Art of War"},{"floor":9.0,"key":"Meat on the Bone"},{"floor":11.0,"key":"Pen Nib"},{"floor":14.0,"key":"StoneCalendar"},{"floor":26,"key":"Girya"},{"floor":37,"key":"Prayer Wheel"},{"floor":43,"key":"Happy Flower"},{"floor":48,"key":"Frozen Egg 2"}],"event_choices":[{"cards_removed":["Strike_B"],"damage_healed":0.0,"max_hp_gain":0.0,"max_hp_loss":0.0,"gold_gain":0.0,"event_name":"Golden Wing","player_choice":"Card Removal","floor":2.0,"gold_loss":0.0,"damage_taken":7.0},{"damage_healed":0.0,"max_hp_gain":0.0,"max_hp_loss":0.0,"gold_gain":75.0,"event_name":"World of Goop","player_choice":"Gather Gold","floor":5.0,"gold_loss":0.0,"damage_taken":11.0},{"damage_healed":0.0,"max_hp_gain":0.0,"max_hp_loss":0.0,"gold_gain":99.0,"event_name":"Nest","player_choice":"Stole From Cult","floor":19.0,"gold_loss":0.0,"damage_taken":0.0},{"damage_healed":0.0,"max_hp_gain":0.0,"max_hp_loss":0.0,"gold_gain":0.0,"event_name":"Cursed Tome","player_choice":"Ignored","floor":20.0,"gold_loss":0.0,"damage_taken":0.0},{"damage_healed":0,"gold_gain":0,"player_choice":"Shed Blood","damage_taken":19,"max_hp_gain":5,"max_hp_loss":0,"event_name":"Forgotten Altar","floor":29,"gold_loss":0},{"damage_healed":0,"gold_gain":0,"player_choice":"Ignored","damage_taken":0,"max_hp_gain":0,"max_hp_loss":0,"event_name":"Tomb of Lord Red Mask","floor":36,"gold_loss":0},{"damage_healed":0,"gold_gain":0,"player_choice":"Fight","damage_taken":0,"max_hp_gain":0,"max_hp_loss":0,"event_name":"MindBloom","floor":37,"gold_loss":0},{"damage_healed":0,"gold_gain":0,"player_choice":"Embrace Madness","damage_taken":10,"max_hp_gain":0,"max_hp_loss":0,"event_name":"Winding Halls","floor":40,"gold_loss":0,"cards_obtained":["Madness","Madness"]},{"damage_healed":0,"gold_gain":0,"player_choice":"Memory 1","damage_taken":0,"max_hp_gain":0,"max_hp_loss":0,"event_name":"SensoryStone","floor":45,"gold_loss":0},{"damage_healed":0,"gold_gain":0,"player_choice":"Ignored","damage_taken":0,"max_hp_gain":0,"max_hp_loss":0,"event_name":"Mysterious Sphere","floor":47,"gold_loss":0}],"is_beta":false,"boss_relics":[{"not_picked":["Velvet Choker","Snecko Eye"],"picked":"Pandora\u0027s Box"},{"not_picked":["White Beast Statue","Philosopher\u0027s Stone"],"picked":"Cursed Key"}],"items_purged_floors":[12,22,42],"is_endless":false,"potions_floor_spawned":[13,21,33,35,38,39,46],"ascension_level":6}