{"gold_per_floor":[110,120,120,120,195,195,228,26,26,61,75,75,101,125,125,230,230,240,254,254,254,268,294,294],"floor_reached":24,"playtime":3494,"items_purged":["Strike_G"],"score":283,"play_id":"a71f3693-6d31-48eb-b739-6bdaab827bde","local_time":"20180730200720","is_ascension_mode":true,"campfire_choices":[{"data":"Dagger Throw","floor":6,"key":"SMITH"},{"floor":12,"key":"REST"},{"floor":15,"key":"REST"}],"neow_cost":"NONE","seed_source_timestamp":706271054646117,"circlet_count":0,"master_deck":["Defend_G+1","Defend_G+1","Defend_G+1","Defend_G+1","Defend_G+1","Strike_G+1","Strike_G+1","Strike_G+1","Strike_G+1","Survivor","Neutralize","Dagger Throw+1","Finisher","Phantasmal Killer","Flash of Steel","Quick Slash","Tools of the Trade+1","Deflect","Prepared","Envenom+1","Dodge and Roll","Cloak And Dagger","Deflect","Eviscerate+1","Infinite Blades+1","Backflip"],"relics":["Ring of the Snake","NeowsBlessing","The Specimen","Strawberry","Frozen Egg 2","Incense Burner","Bottled Tornado","Odd Mushroom","Orrery","Ancient Tea Set"],"potions_floor_usage":[11,16,16,23,23],"damage_taken":[{"damage":0,"enemies":"Jaw Worm","floor":1,"turns":1},{"damage":0,"enemies":"Small Slimes","floor":2,"turns":1},{"damage":0,"enemies":"3 Sentries","floor":7,"turns":1},{"damage":44,"enemies":"Lagavulin","floor":10,"turns":8},{"damage":0,"enemies":"2 Louse","floor":11,"turns":5},{"damage":22,"enemies":"Gremlin Nob","floor":13,"turns":4},{"damage":12,"floor":14,"turns":7},{"damage":6,"enemies":"Slime Boss","floor":16,"turns":12},{"damage":4,"enemies":"Shell Parasite","floor":18,"turns":8},{"damage":23,"enemies":"Spheric Guardian","floor":19,"turns":6},{"damage":24,"enemies":"Cultist and Chosen","floor":22,"turns":10},{"damage":10,"enemies":"Gremlin Leader","floor":23,"turns":8},{"damage":21,"enemies":"Snake Plant","floor":24,"turns":3}],"seed_played":"4084936757522543259","potions_obtained":[{"floor":2,"key":"SkillPotion"},{"floor":7,"key":"Regen Potion"},{"floor":13,"key":"Energy Potion"},{"floor":19,"key":"GhostInAJar"},{"floor":22,"key":"Strength Potion"}],"is_trial":false,"path_per_floor":["M","M","?","T","?","R","E","$","T","E","M","R","E","?","R","B",null,"M","M","?","?","M","E"],"character_chosen":"THE_SILENT","items_purchased":["Flash of Steel","Quick Slash"],"campfire_rested":2,"item_purchase_floors":[8,8],"current_hp_per_floor":[70,70,70,70,59,59,66,66,66,22,36,59,37,25,48,42,77,73,50,50,50,26,16,0],"gold":294,"neow_bonus":"THREE_ENEMY_KILL","is_prod":false,"is_daily":false,"chose_seed":false,"campfire_upgraded":1,"win_rate":0,"timestamp":1532952440,"path_taken":["M","M","?","?","?","R","E","?","T","E","M","R","E","?","R","BOSS","M","?","?","?","M","E","M"],"build_version":"2018-07-26","purchased_purges":1,"victory":false,"max_hp_per_floor":[70,70,70,70,70,70,77,77,77,77,77,77,77,77,77,77,77,77,77,77,77,77,77,77],"card_choices":[{"not_picked":["Prepared","Flying Knee"],"picked":"Dagger Throw","floor":1},{"not_picked":["Bouncing Flask","Caltrops"],"picked":"Finisher","floor":2},{"not_picked":["Deflect","Flying Knee"],"picked":"Phantasmal Killer","floor":7},{"not_picked":["Backflip","Flechettes"],"picked":"Tools of the Trade+1","floor":10},{"not_picked":["All Out Attack","Riddle With Holes","Eviscerate"],"picked":"SKIP","floor":11},{"not_picked":["Skewer","Bane"],"picked":"Deflect","floor":13},{"not_picked":["Bouncing Flask","Deadly Poison"],"picked":"Prepared","floor":14},{"not_picked":["Phantasmal Killer","Venomology"],"picked":"Envenom+1","floor":16},{"not_picked":["Prepared","Dagger Throw"],"picked":"Dodge and Roll","floor":17},{"not_picked":["Bane","Quick Slash"],"picked":"Cloak And Dagger","floor":17},{"not_picked":["Tactician","Underhanded Strike+1"],"picked":"Deflect","floor":18},{"not_picked":["Outmaneuver","Burst"],"picked":"Eviscerate+1","floor":19},{"not_picked":["Accuracy+1","Acrobatics+1"],"picked":"Infinite Blades+1","floor":22},{"not_picked":["PiercingWail","Outmaneuver+1"],"picked":"Backflip","floor":23}],"player_experience":81307,"relics_obtained":[{"floor":4,"key":"The Specimen"},{"floor":7,"key":"Strawberry"},{"floor":9,"key":"Frozen Egg 2"},{"floor":10,"key":"Incense Burner"},{"floor":13,"key":"Bottled Tornado"},{"floor":14,"key":"Odd Mushroom"},{"floor":23,"key":"Ancient Tea Set"}],"event_choices":[{"event_name":"Liars Game","player_choice":"disagreed","floor":3,"damage_taken":0},{"event_name":"World of Goop","player_choice":"Gather Gold","floor":5,"damage_taken":0},{"event_name":"Mushrooms","player_choice":"Fought Mushrooms","floor":14,"damage_taken":0},{"event_name":"Vampires","player_choice":"Ignored","floor":20,"damage_taken":0},{"event_name":"Back to Basics","player_choice":"Simplicity","floor":21,"damage_taken":0}],"is_beta":false,"boss_relics":[{"not_picked":["Fusion Hammer","Busted Crown"],"picked":"Orrery"}],"items_purged_floors":[8],"is_endless":false,"potions_floor_spawned":[2,7,13,19,22],"killed_by":"Snake Plant","ascension_level":2}