{"gold_per_floor":[112,131,143,163,180,210,210,240],"floor_reached":8,"playtime":1624,"items_purged":[],"score":60,"play_id":"b91b83bc-b016-4e8d-8424-d65a24dccfbb","local_time":"20190711192555","is_ascension_mode":false,"campfire_choices":[{"floor":7,"key":"REST"}],"neow_cost":"NONE","seed_source_timestamp":14227708272242,"circlet_count":0,"master_deck":["Strike_G","Strike_G","Strike_G","Strike_G","Strike_G","Defend_G","Defend_G","Defend_G","Defend_G","Defend_G","Survivor","Neutralize+1","Outmaneuver","Bane","Blade Dance","Dagger Spray","PiercingWail","Expertise"],"relics":["Ring of the Snake","Boot","Peace Pipe"],"potions_floor_usage":[],"damage_taken":[{"damage":0,"enemies":"Small Slimes","floor":1,"turns":4},{"damage":2,"enemies":"Jaw Worm","floor":2,"turns":6},{"damage":0,"enemies":"Cultist","floor":3,"turns":4},{"damage":5,"enemies":"Blue Slaver","floor":4,"turns":4},{"damage":17,"enemies":"Exordium Wildlife","floor":5,"turns":8},{"damage":26,"enemies":"3 Sentries","floor":6,"turns":11},{"damage":30,"enemies":"Gremlin Nob","floor":8,"turns":5}],"seed_played":"1905553233094563024","potions_obtained":[{"floor":2,"key":"Dexterity Potion"},{"floor":6,"key":"Swift Potion"}],"is_trial":false,"path_per_floor":["M","M","M","M","M","E","R","?"],"character_chosen":"THE_SILENT","items_purchased":[],"campfire_rested":1,"item_purchase_floors":[],"current_hp_per_floor":[70,68,68,63,46,20,41,11],"gold":240,"neow_bonus":"UPGRADE_CARD","is_prod":false,"is_daily":false,"chose_seed":false,"campfire_upgraded":0,"win_rate":0.0,"timestamp":1562865955,"path_taken":["M","M","M","M","M","E","R","?"],"build_version":"2019-07-05","purchased_purges":0,"victory":false,"max_hp_per_floor":[70,70,70,70,70,70,70,70],"card_choices":[{"not_picked":["Deflect","Dagger Throw"],"picked":"Outmaneuver","floor":1},{"not_picked":["Deadly Poison","Skewer"],"picked":"Bane","floor":2},{"not_picked":["Heel Hook","Deadly Poison"],"picked":"Blade Dance","floor":3},{"not_picked":["Heel Hook","Quick Slash"],"picked":"Dagger Spray","floor":4},{"not_picked":["Prepared","Blade Dance"],"picked":"PiercingWail","floor":5},{"not_picked":["Slice","Masterful Stab"],"picked":"Expertise","floor":6}],"player_experience":95927,"relics_obtained":[{"floor":6,"key":"Boot"}],"event_choices":[{"damage_healed":0,"gold_gain":30,"player_choice":"Searched \u00273\u0027 times","damage_taken":0,"relics_obtained":["Peace Pipe"],"max_hp_gain":0,"max_hp_loss":0,"event_name":"Dead Adventurer","floor":8,"gold_loss":0}],"is_beta":false,"boss_relics":[],"items_purged_floors":[],"is_endless":false,"potions_floor_spawned":[2,6],"killed_by":"Gremlin Nob","ascension_level":0}