{"gold_per_floor":[110,130,143,143,2,30,30,48,48,48],"floor_reached":10,"playtime":477,"items_purged":[],"score":109,"play_id":"43df9149-88a5-407b-adcd-92480c10950f","local_time":"20190822181123","is_ascension_mode":true,"campfire_choices":[],"neow_cost":"NONE","seed_source_timestamp":0,"circlet_count":0,"master_deck":["AscendersBane","Strike_B","Strike_B","Strike_B","Defend_B","Defend_B","Defend_B","Defend_B","Zap","Dualcast","Compile Driver","Genetic Algorithm","Ball Lightning","Go for the Eyes","Conserve Battery"],"special_seed":0,"relics":["Cracked Core","Bag of Marbles","Potion Belt","Golden Idol","Omamori"],"potions_floor_usage":[10],"damage_taken":[{"damage":2.0,"enemies":"Jaw Worm","floor":1.0,"turns":4.0},{"damage":8.0,"enemies":"Small Slimes","floor":2.0,"turns":3.0},{"damage":0,"enemies":"Cultist","floor":3,"turns":3},{"damage":29,"enemies":"3 Sentries","floor":6,"turns":7},{"damage":4,"enemies":"Exordium Wildlife","floor":8,"turns":3},{"damage":19,"enemies":"Exordium Thugs","floor":10,"turns":2}],"seed_played":"-4001804605484168365","potions_obtained":[{"floor":1.0,"key":"Poison Potion"}],"is_trial":false,"path_per_floor":["M","M","M","?","$","E","?","M","T","M"],"character_chosen":"DEFECT","items_purchased":["Genetic Algorithm","Ball Lightning","Go for the Eyes"],"campfire_rested":0,"item_purchase_floors":[5,5,5],"current_hp_per_floor":[66,58,58,51,51,22,22,18,18,0],"gold":48,"neow_bonus":"RANDOM_COMMON_RELIC","is_prod":false,"is_daily":false,"chose_seed":false,"campfire_upgraded":0,"win_rate":0,"timestamp":1566493883,"path_taken":["M","M","M","?","$","E","?","M","T","M"],"build_version":"2019-07-17","purchased_purges":0,"victory":false,"max_hp_per_floor":[75,75,75,75,75,75,69,69,69,69],"card_choices":[{"not_picked":["Double Energy","Force Field"],"picked":"Compile Driver","floor":1.0},{"not_picked":["Turbo","Barrage","Compile Driver"],"picked":"SKIP","floor":2},{"not_picked":["Barrage","Recycle","Hologram"],"picked":"SKIP","floor":3},{"not_picked":["Steam","Aggregate"],"picked":"Conserve Battery","floor":6},{"not_picked":["Steam","Barrage","Compile Driver"],"picked":"SKIP","floor":8}],"player_experience":519466,"relics_obtained":[{"floor":6,"key":"Potion Belt"},{"floor":9,"key":"Omamori"}],"event_choices":[{"cards_removed":["Strike_B"],"damage_healed":0,"gold_gain":0,"player_choice":"Card Removal","damage_taken":7,"max_hp_gain":0,"max_hp_loss":0,"event_name":"Golden Wing","floor":4,"gold_loss":0},{"damage_healed":0,"gold_gain":0,"player_choice":"Lose Max HP","damage_taken":0,"relics_obtained":["Golden Idol"],"max_hp_gain":0,"max_hp_loss":6,"event_name":"Golden Idol","floor":7,"gold_loss":0}],"is_beta":false,"boss_relics":[],"items_purged_floors":[],"is_endless":false,"potions_floor_spawned":[1],"killed_by":"Exordium Thugs","ascension_level":12}