{"gold_per_floor":[367,385,385,80,80,107,107,118,118,149,169,181,194,210,210,315,315,280,294,305,305],"floor_reached":21,"playtime":1050,"items_purged":["Defend_R"],"score":308,"play_id":"dbba681c-be64-46a9-b262-187baf5d49dc","local_time":"20190201213610","is_ascension_mode":true,"campfire_choices":[{"data":"Armaments","floor":7,"key":"SMITH"},{"data":"Perfected Strike","floor":15,"key":"SMITH"}],"neow_cost":"TEN_PERCENT_HP_LOSS","seed_source_timestamp":5017135266082188,"circlet_count":0,"master_deck":["Strike_R","Strike_R","Strike_R","Strike_R","Strike_R","Defend_R","Defend_R","Defend_R","Bash","Flame Barrier","Armaments+1","Shrug It Off","Pommel Strike","Perfected Strike+1","Reaper","Pommel Strike"],"relics":["Black Blood","The Courier","Pantograph","Singing Bowl","Pear","Mummified Hand","Art of War"],"potions_floor_usage":[6,16,16,20,20],"damage_taken":[{"damage":6,"enemies":"Cultist","floor":1,"turns":3},{"damage":12,"enemies":"Jaw Worm","floor":2,"turns":3},{"damage":38,"enemies":"Gremlin Nob","floor":6,"turns":6},{"damage":0,"enemies":"Small Slimes","floor":8,"turns":4},{"damage":34,"enemies":"3 Sentries","floor":10,"turns":11},{"damage":0,"enemies":"Red Slaver","floor":11,"turns":5},{"damage":0,"enemies":"Exordium Wildlife","floor":12,"turns":3},{"damage":0,"enemies":"Large Slime","floor":13,"turns":5},{"damage":6,"enemies":"Looter","floor":14,"turns":3},{"damage":67,"enemies":"Hexaghost","floor":16,"turns":13},{"damage":37,"enemies":"2 Thieves","floor":18,"turns":5},{"damage":41,"enemies":"Shell Parasite","floor":19,"turns":10},{"damage":26,"enemies":"Snecko","floor":20,"turns":6},{"damage":18,"enemies":"Sentry and Sphere","floor":21,"turns":4}],"seed_played":"1532157515896161647","potions_obtained":[{"floor":1,"key":"GamblersBrew"},{"floor":12,"key":"Explosive Potion"},{"floor":13,"key":"Dexterity Potion"},{"floor":14,"key":"Regen Potion"},{"floor":18,"key":"Strength Potion"}],"is_trial":false,"path_per_floor":["M","M","T","$","?","E","R","M","T","E","M","M","M","M","R","B",null,"M","M","M","M"],"character_chosen":"IRONCLAD","items_purchased":["Shrug It Off","Pantograph"],"campfire_rested":0,"item_purchase_floors":[4,4],"current_hp_per_floor":[72,66,66,66,54,34,34,40,40,12,20,28,36,38,38,17,73,53,26,18,0],"gold":305,"neow_bonus":"TWO_FIFTY_GOLD","is_prod":false,"is_daily":false,"chose_seed":false,"campfire_upgraded":2,"win_rate":0,"timestamp":1549074970,"path_taken":["M","M","?","$","?","E","R","M","T","E","M","M","M","M","R","BOSS","M","M","M","M"],"build_version":"2019-01-23","purchased_purges":1,"victory":false,"max_hp_per_floor":[72,72,72,72,72,84,84,84,84,84,86,88,90,92,92,92,92,94,94,96,96],"card_choices":[{"not_picked":["Pommel Strike","Evolve"],"picked":"Flame Barrier","floor":1},{"not_picked":["Warcry","Dual Wield"],"picked":"Armaments","floor":2},{"not_picked":["Dropkick","Rampage","Battle Trance"],"picked":"Singing Bowl","floor":6},{"not_picked":["Fire Breathing","Carnage"],"picked":"Pommel Strike","floor":8},{"not_picked":["Armaments","Entrench"],"picked":"Perfected Strike","floor":10},{"not_picked":["Reckless Charge","Wild Strike","Rupture"],"picked":"Singing Bowl","floor":11},{"not_picked":["Whirlwind","Uppercut","Flex"],"picked":"Singing Bowl","floor":12},{"not_picked":["Armaments","Rupture","Clash"],"picked":"Singing Bowl","floor":13},{"not_picked":["Entrench","Bloodletting","Rampage"],"picked":"Singing Bowl","floor":14},{"not_picked":["Immolate","Dark Embrace"],"picked":"Reaper","floor":16},{"not_picked":["Clothesline","Flex+1","Headbutt+1"],"picked":"Singing Bowl","floor":18},{"not_picked":["Sword Boomerang+1","Rampage+1"],"picked":"Pommel Strike","floor":19},{"not_picked":["Intimidate","Sword Boomerang","Entrench+1"],"picked":"Singing Bowl","floor":20}],"player_experience":387114,"relics_obtained":[{"floor":3,"key":"The Courier"},{"floor":6,"key":"Pear"},{"floor":9,"key":"Mummified Hand"},{"floor":10,"key":"Art of War"}],"event_choices":[{"damage_healed":0,"gold_gain":0,"player_choice":"Success","damage_taken":12,"relics_obtained":["Singing Bowl"],"max_hp_gain":0,"max_hp_loss":0,"event_name":"Scrap Ooze","floor":5,"gold_loss":0}],"is_beta":false,"boss_relics":[{"not_picked":["Tiny House","Snecko Eye"],"picked":"Black Blood"}],"items_purged_floors":[4],"is_endless":false,"potions_floor_spawned":[1,12,13,14,18],"killed_by":"Sentry and Sphere","ascension_level":9}