{"gold_per_floor":[117,117,18,93,43,43,75,75,75,109,109,109,284,284],"floor_reached":14,"playtime":368,"items_purged":["Strike_B"],"score":118,"play_id":"96b5685c-c3f2-454d-95c5-7d3e83f97b1d","local_time":"20190125213030","is_ascension_mode":true,"campfire_choices":[{"data":"Gash","floor":6,"key":"SMITH"},{"floor":8,"key":"REST"}],"neow_cost":"NONE","seed_source_timestamp":4412650646104905,"circlet_count":0,"master_deck":["Strike_B","Strike_B","Defend_B","Defend_B","Defend_B","Defend_B","Zap","Dualcast","Gash+1","Redo","Gash","Gash+1","Doubt"],"relics":["Nuclear Battery","Cables","Mango","Molten Egg 2","Turnip"],"potions_floor_usage":[10,11],"damage_taken":[{"damage":4,"enemies":"2 Louse","floor":1,"turns":3},{"damage":32,"enemies":"Lagavulin","floor":7,"turns":7},{"damage":55,"enemies":"Gremlin Nob","floor":10,"turns":6},{"damage":0,"enemies":"Jaw Worm","floor":11,"turns":1},{"damage":5,"enemies":"Cultist","floor":14,"turns":3}],"seed_played":"1566226429474822221","potions_obtained":[{"floor":1,"key":"Ancient Potion"},{"floor":10,"key":"SmokeBomb"}],"is_trial":false,"path_per_floor":["M","?","$","?","$","R","E","R","T","E","M","T","?","M"],"character_chosen":"DEFECT","items_purchased":["Gash","Redo"],"campfire_rested":1,"item_purchase_floors":[3,5],"current_hp_per_floor":[71,64,64,53,53,53,21,43,57,2,2,2,2,0],"gold":284,"neow_bonus":"BOSS_RELIC","is_prod":false,"is_daily":false,"chose_seed":false,"campfire_upgraded":1,"win_rate":0,"timestamp":1548469830,"path_taken":["M","?","$","?","?","R","E","R","T","E","?","?","?","M"],"build_version":"2019-01-23","purchased_purges":1,"victory":false,"max_hp_per_floor":[75,75,75,75,75,75,75,75,89,89,89,89,89,89],"card_choices":[{"not_picked":["Blizzard","Ball Lightning","Steam"],"picked":"SKIP","floor":1},{"not_picked":["Static Discharge","Streamline"],"picked":"Gash","floor":7},{"not_picked":["Compile Driver","Rebound"],"picked":"Gash","floor":10}],"player_experience":332669,"relics_obtained":[{"floor":7,"key":"Cables"},{"floor":9,"key":"Mango"},{"floor":10,"key":"Molten Egg 2"},{"floor":12,"key":"Turnip"}],"event_choices":[{"cards_removed":["Strike_B"],"damage_healed":0,"gold_gain":0,"player_choice":"Card Removal","damage_taken":7,"max_hp_gain":0,"max_hp_loss":0,"event_name":"Golden Wing","floor":2,"gold_loss":0},{"damage_healed":0,"gold_gain":75,"player_choice":"Gather Gold","damage_taken":11,"max_hp_gain":0,"max_hp_loss":0,"event_name":"World of Goop","floor":4,"gold_loss":0},{"damage_healed":0,"gold_gain":175,"player_choice":"AGREE","damage_taken":0,"max_hp_gain":0,"max_hp_loss":0,"event_name":"Liars Game","floor":13,"gold_loss":0,"cards_obtained":["Doubt"]}],"is_beta":false,"boss_relics":[],"items_purged_floors":[3],"is_endless":false,"potions_floor_spawned":[1,10],"killed_by":"Cultist","ascension_level":5}