{"gold_per_floor":[115,190,201,217,57,57,67,67,67,67,77,77,97,130,130,235,235,254,254,272,283,301,334,334,364,364,390,390],"floor_reached":28,"playtime":4735,"items_purged":[],"score":305,"play_id":"4e06645a-c402-451d-87ee-c982e554de7f","local_time":"20190710151315","is_ascension_mode":false,"campfire_choices":[{"floor":6.0,"key":"REST"},{"data":"Deflect","floor":10.0,"key":"SMITH"},{"floor":15.0,"key":"REST"},{"floor":24,"key":"REST"}],"neow_cost":"NONE","seed_source_timestamp":0,"circlet_count":0,"master_deck":["Strike_G+1","Strike_G+1","Strike_G+1","Strike_G+1","Strike_G+1","Defend_G+1","Defend_G+1","Defend_G+1","Defend_G+1","Defend_G+1","Survivor","Neutralize+1","Crippling Poison","Endless Agony","Backflip","Caltrops+1","Catalyst","Deflect+1","Backflip","Night Terror","Endless Agony","After Image","Poisoned Stab+1","Leg Sweep+1","Prepared+1","Deadly Poison","A Thousand Cuts","Flying Knee+1","Well Laid Plans"],"special_seed":0,"relics":["Ring of the Snake","Ninja Scroll","Pocketwatch","Black Star","PreservedInsect","Shovel","Gremlin Horn","Gambling Chip","Sundial","Pantograph","Shuriken"],"potions_floor_usage":[23],"damage_taken":[{"damage":4.0,"enemies":"Jaw Worm","floor":1.0,"turns":11.0},{"damage":0.0,"enemies":"Small Slimes","floor":3.0,"turns":3.0},{"damage":5.0,"enemies":"2 Louse","floor":4.0,"turns":3.0},{"damage":14.0,"enemies":"Exordium Thugs","floor":7.0,"turns":8.0},{"damage":13.0,"enemies":"Large Slime","floor":11.0,"turns":6.0},{"damage":1.0,"enemies":"2 Fungi Beasts","floor":13.0,"turns":4.0},{"damage":14.0,"enemies":"Lagavulin","floor":14.0,"turns":8.0},{"damage":37.0,"enemies":"Hexaghost","floor":16.0,"turns":14.0},{"damage":26.0,"enemies":"Spheric Guardian","floor":18.0,"turns":8.0},{"damage":1.0,"enemies":"3 Byrds","floor":20.0,"turns":5.0},{"damage":26.0,"enemies":"3 Cultists","floor":21.0,"turns":9.0},{"damage":6,"enemies":"Snake Plant","floor":22,"turns":5},{"damage":0,"enemies":"Book of Stabbing","floor":23,"turns":7},{"damage":21,"enemies":"Slavers","floor":25,"turns":6},{"damage":2,"enemies":"Book of Stabbing","floor":27,"turns":6},{"damage":11,"enemies":"Masked Bandits","floor":28,"turns":2}],"seed_played":"-6608575048525587493","potions_obtained":[{"floor":1.0,"key":"Ancient Potion"},{"floor":3.0,"key":"Regen Potion"},{"floor":16.0,"key":"FearPotion"},{"floor":18.0,"key":"LiquidBronze"},{"floor":21.0,"key":"AttackPotion"},{"floor":22,"key":"SkillPotion"},{"floor":23,"key":"Dexterity Potion"}],"is_trial":false,"path_per_floor":["M","?","M","M","$","R","M","?","T","R","M","?","M","E","R","B",null,"M","?","M","M","M","E","R","E","T","E","?"],"character_chosen":"THE_SILENT","items_purchased":["Caltrops","Catalyst"],"campfire_rested":3,"item_purchase_floors":[5,5],"current_hp_per_floor":[66,55,55,50,50,70,56,56,56,56,43,43,42,28,49,12,70,44,44,43,17,11,11,32,11,11,9,0],"gold":390,"neow_bonus":"UPGRADE_CARD","is_prod":false,"is_daily":false,"chose_seed":false,"campfire_upgraded":1,"win_rate":0.0,"timestamp":1562764395,"path_taken":["M","?","M","M","$","R","M","?","T","R","M","?","M","E","R","BOSS","M","?","M","M","M","E","R","E","T","E","?"],"build_version":"2019-07-05","purchased_purges":0,"victory":false,"max_hp_per_floor":[70,70,70,70,70,70,70,70,70,70,70,70,70,70,70,70,70,70,70,70,70,70,70,70,70,70,70,70],"card_choices":[{"not_picked":["Underhanded Strike","Masterful Stab"],"picked":"Crippling Poison","floor":1.0},{"not_picked":["Slice","Acrobatics"],"picked":"Endless Agony","floor":3.0},{"not_picked":["Blade Dance","Flying Knee"],"picked":"Backflip","floor":4.0},{"not_picked":["Blur","Underhanded Strike"],"picked":"Deflect","floor":7.0},{"not_picked":["Sucker Punch","Skewer"],"picked":"Backflip","floor":11.0},{"not_picked":["Backflip","Choke"],"picked":"Night Terror","floor":13.0},{"not_picked":["Underhanded Strike","Sucker Punch"],"picked":"Endless Agony","floor":14.0},{"not_picked":["Burst","Malaise"],"picked":"After Image","floor":16.0},{"not_picked":["Acrobatics","Quick Slash+1"],"picked":"Poisoned Stab+1","floor":18.0},{"not_picked":["Dagger Throw","Tactician"],"picked":"Leg Sweep+1","floor":20.0},{"not_picked":["Poisoned Stab","Dagger Throw"],"picked":"Prepared+1","floor":21.0},{"not_picked":["Doppelganger","Heel Hook"],"picked":"Deadly Poison","floor":22},{"not_picked":["Flying Knee","Unload"],"picked":"A Thousand Cuts","floor":23},{"not_picked":["Eviscerate+1","Dodge and Roll"],"picked":"Flying Knee+1","floor":25},{"not_picked":["Underhanded Strike","Heel Hook"],"picked":"Well Laid Plans","floor":27}],"player_experience":43493,"relics_obtained":[{"floor":9.0,"key":"Ninja Scroll"},{"floor":14.0,"key":"Pocketwatch"},{"floor":23,"key":"PreservedInsect"},{"floor":23,"key":"Shovel"},{"floor":25,"key":"Gremlin Horn"},{"floor":25,"key":"Gambling Chip"},{"floor":26,"key":"Sundial"},{"floor":27,"key":"Pantograph"},{"floor":27,"key":"Shuriken"}],"event_choices":[{"damage_healed":0.0,"max_hp_gain":0.0,"max_hp_loss":0.0,"gold_gain":75.0,"event_name":"World of Goop","player_choice":"Gather Gold","floor":2.0,"gold_loss":0.0,"damage_taken":11.0},{"damage_healed":0.0,"max_hp_gain":0.0,"max_hp_loss":0.0,"gold_gain":0.0,"event_name":"Living Wall","player_choice":"Grow","floor":8.0,"gold_loss":0.0,"damage_taken":0.0,"cards_upgraded":["Caltrops"]},{"damage_healed":0.0,"max_hp_gain":0.0,"max_hp_loss":0.0,"gold_gain":0.0,"event_name":"Liars Game","player_choice":"Ignored","floor":12.0,"gold_loss":0.0,"damage_taken":0.0},{"damage_healed":0.0,"max_hp_gain":0.0,"max_hp_loss":0.0,"gold_gain":0.0,"event_name":"Back to Basics","player_choice":"Simplicity","floor":19.0,"gold_loss":0.0,"damage_taken":0.0,"cards_upgraded":["Strike_G","Strike_G","Strike_G","Strike_G","Strike_G","Defend_G","Defend_G","Defend_G","Defend_G","Defend_G"]},{"damage_healed":0,"gold_gain":0,"player_choice":"Fought Bandits","damage_taken":0,"max_hp_gain":0,"max_hp_loss":0,"event_name":"Masked Bandits","floor":28,"gold_loss":0}],"is_beta":false,"boss_relics":[{"not_picked":["Lizard Tail","Ring of the Serpent"],"picked":"Black Star"}],"items_purged_floors":[],"is_endless":false,"potions_floor_spawned":[1,3,16,18,21,22,23],"killed_by":"Masked Bandits","ascension_level":0}