{"gold_per_floor":[210,223,238,252,23,57,17,17,44,6,20,39,57,57,57,154,154,169,169,184,18,18,18,18,18],"floor_reached":25,"playtime":1745,"items_purged":[],"score":303,"play_id":"cd556774-62f7-4dfe-ae0e-11033bb225c8","local_time":"20190804100412","is_ascension_mode":false,"campfire_choices":[{"floor":8.0,"key":"REST"},{"floor":15.0,"key":"REST"},{"floor":23.0,"key":"REST"}],"neow_cost":"NONE","seed_source_timestamp":525393514470533,"circlet_count":0,"master_deck":["Strike_B+1","Strike_B+1","Strike_B+1","Strike_B+1","Defend_B+1","Defend_B+1","Defend_B+1","Defend_B+1","Zap","Dualcast","Conserve Battery","Heatsinks","Hologram","Stack","Thunder Strike","Loop","Ball Lightning","Auto Shields","Gash","Melter","Storm","Stack","Conserve Battery","Amplify","Streamline","Reinforced Body+1","Capacitor","Leap","Hologram"],"special_seed":0,"relics":["Cracked Core","MawBank","Blood Vial","Eternal Feather"],"potions_floor_usage":[25],"damage_taken":[{"damage":0.0,"enemies":"Cultist","floor":1.0,"turns":3.0},{"damage":0.0,"enemies":"Small Slimes","floor":2.0,"turns":3.0},{"damage":3.0,"enemies":"Jaw Worm","floor":3.0,"turns":5.0},{"damage":14.0,"enemies":"3 Louse","floor":4.0,"turns":4.0},{"damage":45.0,"enemies":"Lagavulin","floor":6.0,"turns":7.0},{"damage":5.0,"enemies":"Looter","floor":11.0,"turns":3.0},{"damage":10.0,"enemies":"Red Slaver","floor":12.0,"turns":3.0},{"damage":5.0,"enemies":"2 Fungi Beasts","floor":13.0,"turns":5.0},{"damage":36.0,"enemies":"Slime Boss","floor":16.0,"turns":10.0},{"damage":37.0,"enemies":"3 Byrds","floor":18.0,"turns":6.0},{"damage":15.0,"enemies":"Shell Parasite","floor":20.0,"turns":5.0},{"damage":55,"enemies":"Gremlin Leader","floor":25,"turns":7}],"seed_played":"-176706037037023838","potions_obtained":[{"floor":2.0,"key":"EssenceOfSteel"},{"floor":3.0,"key":"EssenceOfSteel"},{"floor":4.0,"key":"FearPotion"},{"floor":16.0,"key":"Explosive Potion"},{"floor":20.0,"key":"SteroidPotion"}],"is_trial":false,"path_per_floor":["M","M","M","M","$","E","$","R","T","$","M","M","M","$","R","B",null,"M","?","M","$","?","R","?","E"],"character_chosen":"DEFECT","items_purchased":["Thunder Strike","Loop","Ball Lightning","Gash","Melter","Capacitor","Leap","Hologram"],"campfire_rested":3,"item_purchase_floors":[5,5,5,7,10,21,21,21],"current_hp_per_floor":[75,75,72,58,58,13,13,35,35,35,32,24,21,21,43,9,75,38,38,25,25,25,62,48,0],"gold":18,"neow_bonus":"HUNDRED_GOLD","is_prod":false,"is_daily":false,"chose_seed":false,"campfire_upgraded":0,"win_rate":0.0,"timestamp":1564905852,"path_taken":["M","M","M","M","?","E","$","R","T","$","M","M","M","$","R","BOSS","M","?","M","$","?","R","?","E"],"build_version":"2019-07-17","purchased_purges":0,"victory":false,"max_hp_per_floor":[75,75,75,75,75,75,75,75,75,75,75,75,75,75,75,75,75,75,75,75,75,75,75,80,80],"card_choices":[{"not_picked":["Redo","Hologram"],"picked":"Conserve Battery","floor":1.0},{"not_picked":["Conserve Battery","Barrage"],"picked":"Heatsinks","floor":2.0},{"not_picked":["Rebound","Steam"],"picked":"Hologram","floor":3.0},{"not_picked":["Conserve Battery","Redo"],"picked":"Stack","floor":4.0},{"not_picked":["Cold Snap","Blizzard"],"picked":"Auto Shields","floor":6.0},{"not_picked":["FTL","Force Field"],"picked":"Storm","floor":11.0},{"not_picked":["Conserve Battery","Cold Snap"],"picked":"Stack","floor":12.0},{"not_picked":["Coolheaded","Rainbow"],"picked":"Conserve Battery","floor":13.0},{"not_picked":["Fission","Multi-Cast"],"picked":"Amplify","floor":16.0},{"not_picked":["Beam Cell","Redo"],"picked":"Streamline","floor":18.0},{"not_picked":["Cold Snap","Sweeping Beam"],"picked":"Reinforced Body+1","floor":20.0}],"player_experience":291380,"relics_obtained":[{"floor":6.0,"key":"MawBank"},{"floor":9.0,"key":"Blood Vial"}],"event_choices":[{"damage_healed":0.0,"max_hp_gain":0.0,"max_hp_loss":0.0,"gold_gain":0.0,"event_name":"Back to Basics","player_choice":"Simplicity","floor":19.0,"gold_loss":0.0,"damage_taken":0.0,"cards_upgraded":["Strike_B","Strike_B","Strike_B","Strike_B","Defend_B","Defend_B","Defend_B","Defend_B"]},{"damage_healed":0.0,"max_hp_gain":0.0,"max_hp_loss":0.0,"gold_gain":0.0,"event_name":"Ghosts","player_choice":"Ignored","floor":22.0,"gold_loss":0.0,"damage_taken":0.0},{"damage_healed":0.0,"max_hp_gain":5.0,"max_hp_loss":0.0,"gold_gain":0.0,"event_name":"Forgotten Altar","player_choice":"Shed Blood","floor":24.0,"gold_loss":0.0,"damage_taken":19.0}],"is_beta":false,"boss_relics":[{"not_picked":["Sozu","White Beast Statue"],"picked":"Eternal Feather"}],"items_purged_floors":[],"is_endless":false,"potions_floor_spawned":[2,3,4,16,20],"killed_by":"Gremlin Leader","ascension_level":0}