{"gold_per_floor":[116,133,144,160,180,207,12,32,32,46,59,71,71,91,91,189,189,204,129,129,141,8,8,28,28,28,66,78,106,118,130,142,154],"floor_reached":33,"playtime":4438,"items_purged":[],"score":287,"play_id":"49479c5d-ae2b-4a94-b675-887e4205dcd8","local_time":"20190809143121","is_ascension_mode":true,"campfire_choices":[{"floor":13.0,"key":"RECALL"},{"floor":15.0,"key":"REST"},{"floor":23.0,"key":"REST"},{"floor":25.0,"key":"REST"},{"floor":28.0,"key":"REST"},{"floor":30.0,"key":"REST"},{"floor":32.0,"key":"REST"}],"neow_cost":"NONE","seed_source_timestamp":0,"circlet_count":0,"master_deck":["Strike_G","Strike_G","Strike_G","Strike_G","Strike_G","Defend_G","Defend_G","Defend_G","Defend_G","Defend_G","Survivor","Neutralize","Blur","Poisoned Stab","Accuracy","Footwork","Deadly Poison","Well Laid Plans","The Bomb","After Image","Outmaneuver","Deflect","Dash","Dodge and Roll","Malaise","Slice","Infinite Blades","Slice+1","Infinite Blades","Outmaneuver","Outmaneuver","Flying Knee","Malaise"],"special_seed":0,"relics":["Ring of the Snake","Darkstone Periapt","Black Star","MawBank","Centennial Puzzle","Oddly Smooth Stone","Enchiridion"],"potions_floor_usage":[33],"damage_taken":[{"damage":0.0,"enemies":"Cultist","floor":1.0,"turns":5.0},{"damage":0.0,"enemies":"Small Slimes","floor":2.0,"turns":4.0},{"damage":0.0,"enemies":"Jaw Worm","floor":3.0,"turns":5.0},{"damage":4.0,"enemies":"3 Louse","floor":4.0,"turns":5.0},{"damage":2.0,"enemies":"Large Slime","floor":5.0,"turns":9.0},{"damage":33.0,"enemies":"3 Sentries","floor":6.0,"turns":15.0},{"damage":0.0,"enemies":"Looter","floor":8.0,"turns":4.0},{"damage":4.0,"enemies":"2 Fungi Beasts","floor":10.0,"turns":5.0},{"damage":16.0,"enemies":"Gremlin Gang","floor":11.0,"turns":4.0},{"damage":2.0,"enemies":"Looter","floor":12.0,"turns":3.0},{"damage":2.0,"enemies":"Blue Slaver","floor":14.0,"turns":6.0},{"damage":8.0,"enemies":"Hexaghost","floor":16.0,"turns":11.0},{"damage":5.0,"enemies":"Shell Parasite","floor":18.0,"turns":7.0},{"damage":22.0,"enemies":"2 Thieves","floor":19.0,"turns":5.0},{"damage":21.0,"enemies":"Centurion and Healer","floor":21.0,"turns":7.0},{"damage":29.0,"enemies":"Sentry and Sphere","floor":24.0,"turns":6.0},{"damage":38.0,"enemies":"Book of Stabbing","floor":27.0,"turns":8.0},{"damage":4.0,"enemies":"Chosen and Byrds","floor":29.0,"turns":9.0},{"damage":57,"enemies":"Champ","floor":33,"turns":21}],"seed_played":"-8910438646828463261","potions_obtained":[{"floor":1.0,"key":"Poison Potion"},{"floor":4.0,"key":"SteroidPotion"},{"floor":6.0,"key":"PowerPotion"},{"floor":10.0,"key":"AttackPotion"},{"floor":16.0,"key":"Strength Potion"},{"floor":18.0,"key":"FearPotion"},{"floor":29.0,"key":"SpeedPotion"}],"is_trial":false,"path_per_floor":["M","M","M","M","M","E","$","M","T","M","M","M","R","M","R","B",null,"M","M","?","M","$","R","M","R","T","E","R","M","R","?","R","B"],"character_chosen":"THE_SILENT","items_purchased":["The Bomb","Infinite Blades","Outmaneuver"],"campfire_rested":6,"item_purchase_floors":[7,22,22],"current_hp_per_floor":[77,77,77,73,71,38,38,38,38,34,18,16,16,14,37,29,77,72,50,50,29,29,52,23,46,46,8,31,27,50,34,57,0],"gold":154,"neow_bonus":"TEN_PERCENT_HP_BONUS","is_prod":false,"is_daily":false,"chose_seed":false,"campfire_upgraded":0,"win_rate":0,"timestamp":1565353881,"path_taken":["M","M","M","M","M","E","$","M","T","M","M","M","R","?","R","BOSS","M","M","?","M","$","R","M","R","T","E","R","M","R","?","R","BOSS"],"build_version":"2019-07-17","purchased_purges":0,"victory":false,"max_hp_per_floor":[77,77,77,77,77,77,77,77,77,77,77,77,77,77,77,77,77,77,77,77,77,77,77,77,77,77,77,77,77,77,77,77,77],"card_choices":[{"not_picked":["Deflect","Backflip"],"picked":"Blur","floor":1.0},{"not_picked":["Eviscerate","Slice"],"picked":"Poisoned Stab","floor":2.0},{"not_picked":["Sucker Punch","PiercingWail"],"picked":"Accuracy","floor":3.0},{"not_picked":["Concentrate","Deadly Poison"],"picked":"Footwork","floor":4.0},{"not_picked":["Tactician","Predator"],"picked":"Deadly Poison","floor":5.0},{"not_picked":["Finisher","Calculated Gamble"],"picked":"Well Laid Plans","floor":6.0},{"not_picked":["Deflect","Dagger Spray"],"picked":"After Image","floor":8.0},{"not_picked":["Eviscerate","Crippling Poison"],"picked":"Outmaneuver","floor":10.0},{"not_picked":["All Out Attack","Distraction"],"picked":"Deflect","floor":11.0},{"not_picked":["Blade Dance","Quick Slash"],"picked":"Dash","floor":12.0},{"not_picked":["Prepared","Deadly Poison"],"picked":"Dodge and Roll","floor":14.0},{"not_picked":["Phantasmal Killer","Venomology"],"picked":"Malaise","floor":16.0},{"not_picked":["Dagger Throw","Bane"],"picked":"Slice","floor":18.0},{"not_picked":["All Out Attack","Prepared+1"],"picked":"Infinite Blades","floor":19.0},{"not_picked":["Backflip","Acrobatics"],"picked":"Slice+1","floor":21.0},{"not_picked":["PiercingWail","Setup"],"picked":"Outmaneuver","floor":24.0},{"not_picked":["Backstab","Quick Slash"],"picked":"Flying Knee","floor":27.0},{"not_picked":["Sucker Punch","Quick Slash"],"picked":"Malaise","floor":29.0}],"player_experience":320938,"relics_obtained":[{"floor":6.0,"key":"Darkstone Periapt"},{"floor":26.0,"key":"MawBank"},{"floor":27.0,"key":"Centennial Puzzle"},{"floor":27.0,"key":"Oddly Smooth Stone"},{"floor":31.0,"key":"Enchiridion"}],"event_choices":[{"damage_healed":0.0,"max_hp_gain":0.0,"max_hp_loss":0.0,"gold_gain":0.0,"event_name":"Beggar","player_choice":"Ignored","floor":20.0,"gold_loss":0.0,"damage_taken":0.0},{"damage_healed":0.0,"max_hp_gain":0.0,"max_hp_loss":0.0,"gold_gain":0.0,"event_name":"Cursed Tome","player_choice":"Obtained Book","floor":31.0,"gold_loss":0.0,"damage_taken":16.0}],"is_beta":false,"boss_relics":[{"not_picked":["Orrery","Ring of the Serpent"],"picked":"Black Star"}],"items_purged_floors":[],"is_endless":false,"potions_floor_spawned":[1,4,6,8,10,16,18,29],"killed_by":"Champ","ascension_level":1}