{"gold_per_floor":[112,112,287,305,305,333,174,184,237,251,251,84,95,113,113,213,213,229,245,262,282,232,232,250,250],"floor_reached":25,"playtime":2999,"items_purged":[],"score":207,"play_id":"0922e843-7eba-47f2-8c0f-fffe98e43091","local_time":"20190722133844","is_ascension_mode":false,"campfire_choices":[{"floor":11.0,"key":"REST"},{"floor":15.0,"key":"REST"},{"floor":23.0,"key":"REST"}],"neow_cost":"NONE","seed_source_timestamp":18004467863135,"circlet_count":0,"master_deck":["Strike_G","Strike_G","Strike_G","Strike_G","Strike_G","Defend_G","Defend_G","Defend_G","Defend_G","Defend_G","Survivor","Neutralize","Dodge and Roll","Doubt","Envenom","Accuracy","Blade Dance","Poisoned Stab","Flechettes","Dodge and Roll","Prepared","Well Laid Plans","Bouncing Flask","Poisoned Stab","Distraction","Footwork","PiercingWail","After Image","Deflect","Outmaneuver+1","Cloak And Dagger","Terror","Well Laid Plans","PiercingWail"],"special_seed":0,"relics":["Ring of the Snake","Blood Vial","Vajra","Dream Catcher","Pen Nib","Lantern","Sozu"],"potions_floor_usage":[],"damage_taken":[{"damage":1.0,"enemies":"Jaw Worm","floor":1.0,"turns":5.0},{"damage":2.0,"enemies":"Small Slimes","floor":4.0,"turns":4.0},{"damage":31.0,"enemies":"3 Sentries","floor":6.0,"turns":17.0},{"damage":1.0,"enemies":"2 Louse","floor":8.0,"turns":3.0},{"damage":3.0,"enemies":"Lots of Slimes","floor":10.0,"turns":4.0},{"damage":0.0,"enemies":"2 Fungi Beasts","floor":13.0,"turns":3.0},{"damage":9.0,"enemies":"3 Louse","floor":14.0,"turns":3.0},{"damage":25.0,"enemies":"Slime Boss","floor":16.0,"turns":16.0},{"damage":15.0,"enemies":"Spheric Guardian","floor":18.0,"turns":6.0},{"damage":3.0,"enemies":"3 Byrds","floor":19.0,"turns":5.0},{"damage":11.0,"enemies":"Snake Plant","floor":20.0,"turns":6.0},{"damage":12.0,"enemies":"Shelled Parasite and Fungi","floor":21.0,"turns":6.0},{"damage":44.0,"enemies":"Snecko","floor":24.0,"turns":8.0},{"damage":17,"enemies":"Cultist and Chosen","floor":25,"turns":4}],"seed_played":"-4250659865926396677","potions_obtained":[{"floor":8.0,"key":"GhostInAJar"},{"floor":10.0,"key":"FearPotion"},{"floor":14.0,"key":"Poison Potion"}],"is_trial":false,"path_per_floor":["M","?","?","M","?","E","$","M","T","M","R","$","M","M","R","B",null,"M","M","M","M","?","R","M","M"],"character_chosen":"THE_SILENT","items_purchased":["Accuracy","Blade Dance","Poisoned Stab","Well Laid Plans","Bouncing Flask","Poisoned Stab"],"campfire_rested":3,"item_purchase_floors":[7,7,7,12,12,12],"current_hp_per_floor":[69,62,62,62,62,33,33,34,34,33,54,54,56,49,70,45,70,55,54,45,35,35,56,14,0],"gold":250,"neow_bonus":"RANDOM_COMMON_RELIC","is_prod":false,"is_daily":false,"chose_seed":false,"campfire_upgraded":0,"win_rate":0.0,"timestamp":1563795524,"path_taken":["M","?","?","M","?","E","$","M","T","M","R","$","M","M","R","BOSS","M","?","M","M","?","R","?","M"],"build_version":"2019-07-17","purchased_purges":0,"victory":false,"max_hp_per_floor":[70,70,70,70,70,70,70,70,70,70,70,70,70,70,70,70,70,70,70,70,70,70,70,70,70],"card_choices":[{"not_picked":["Prepared","Dagger Throw"],"picked":"Dodge and Roll","floor":1.0},{"not_picked":["Outmaneuver","Underhanded Strike"],"picked":"Setup","floor":4.0},{"not_picked":["Poisoned Stab","Flechettes"],"picked":"Envenom","floor":6.0},{"not_picked":["Acrobatics","Quick Slash"],"picked":"Flechettes","floor":8.0},{"not_picked":["Outmaneuver","Skewer"],"picked":"Dodge and Roll","floor":10.0},{"not_picked":["Underhanded Strike","Expertise"],"picked":"Prepared","floor":11.0},{"not_picked":["Prepared","Poisoned Stab"],"picked":"Distraction","floor":13.0},{"not_picked":["Distraction","Dodge and Roll"],"picked":"Footwork","floor":14.0},{"not_picked":["Dagger Throw","Tactician"],"picked":"PiercingWail","floor":15.0},{"not_picked":["Tools of the Trade","Venomology"],"picked":"After Image","floor":16.0},{"not_picked":["Blade Dance","Masterful Stab"],"picked":"Deflect","floor":18.0},{"not_picked":["Acrobatics+1","Endless Agony"],"picked":"Outmaneuver+1","floor":19.0},{"not_picked":["Riddle With Holes","Poisoned Stab"],"picked":"Cloak And Dagger","floor":20.0},{"not_picked":["Outmaneuver","Die Die Die"],"picked":"Terror","floor":21.0},{"not_picked":["Dagger Spray","Skewer+1"],"picked":"Well Laid Plans","floor":23.0},{"not_picked":["Deflect","Dodge and Roll"],"picked":"PiercingWail","floor":24.0}],"player_experience":166634,"relics_obtained":[{"floor":6.0,"key":"Pen Nib"},{"floor":9.0,"key":"Lantern"}],"event_choices":[{"damage_healed":0.0,"max_hp_gain":0.0,"max_hp_loss":0.0,"gold_gain":0.0,"event_name":"Scrap Ooze","player_choice":"Success","floor":2.0,"gold_loss":0.0,"damage_taken":7.0,"relics_obtained":["Vajra"]},{"damage_healed":0.0,"max_hp_gain":0.0,"max_hp_loss":0.0,"gold_gain":175.0,"event_name":"Liars Game","player_choice":"AGREE","floor":3.0,"gold_loss":0.0,"damage_taken":0.0,"cards_obtained":["Doubt"]},{"cards_removed":["Setup"],"damage_healed":0.0,"max_hp_gain":0.0,"max_hp_loss":0.0,"gold_gain":0.0,"event_name":"WeMeetAgain","player_choice":"Gave Card","floor":5.0,"gold_loss":0.0,"damage_taken":0.0,"relics_obtained":["Dream Catcher"]},{"damage_healed":0.0,"max_hp_gain":0.0,"max_hp_loss":0.0,"gold_gain":0.0,"event_name":"The Joust","player_choice":"Bet on Murderer","floor":22.0,"gold_loss":50.0,"damage_taken":0.0}],"is_beta":false,"boss_relics":[{"not_picked":["Ring of the Serpent","Empty Cage"],"picked":"Sozu"}],"items_purged_floors":[],"is_endless":false,"potions_floor_spawned":[8,10,14,18,20,21],"killed_by":"Cultist and Chosen","ascension_level":0}