{"gold_per_floor":[113,129,141,20,34,34,46,74,74,87,87,99,160,34,34,131,131,144,144,32,49,84,84,96,7,7,7,7,27,27,27],"floor_reached":31,"playtime":3425,"items_purged":[],"score":375,"play_id":"21ac4445-087e-4899-817a-1dd1e0640a26","local_time":"20190728103326","is_ascension_mode":true,"campfire_choices":[{"data":"Bouncing Flask","floor":6.0,"key":"SMITH"},{"floor":11.0,"key":"REST"},{"floor":15.0,"key":"REST"},{"floor":23,"key":"REST"},{"floor":30,"key":"REST"}],"neow_cost":"NONE","seed_source_timestamp":5808356719463,"circlet_count":0,"master_deck":["Survivor","Neutralize","Deadly Poison","Bouncing Flask","Footwork","Bouncing Flask+1","Infinite Blades","PiercingWail","Catalyst","Bane","PiercingWail","Noxious Fumes","Caltrops","Accuracy","Blade Dance","Envenom","Dagger Throw","Bullet Time","Infinite Blades","Cloak And Dagger","PiercingWail","Crippling Poison","After Image","Envenom","Envenom","Envenom","Deflect","Shame","Infinite Blades","Dash","Poisoned Stab+1","Infinite Blades","Finisher","Footwork","Backflip","Bite","Bite","Bite","Bite","Bite","RitualDagger","Prepared"],"special_seed":0,"relics":["Ring of the Snake","Centennial Puzzle","Gambling Chip","Kunai","Pandora\u0027s Box","Ginger","Red Mask","The Courier"],"potions_floor_usage":[21,29],"damage_taken":[{"damage":3.0,"enemies":"Small Slimes","floor":1.0,"turns":5.0},{"damage":0.0,"enemies":"Jaw Worm","floor":2.0,"turns":4.0},{"damage":0.0,"enemies":"2 Louse","floor":3.0,"turns":3.0},{"damage":13.0,"enemies":"2 Fungi Beasts","floor":5.0,"turns":4.0},{"damage":8.0,"enemies":"Blue Slaver","floor":7.0,"turns":4.0},{"damage":0.0,"enemies":"Gremlin Nob","floor":8.0,"turns":3.0},{"damage":1.0,"enemies":"3 Louse","floor":10.0,"turns":4.0},{"damage":6.0,"enemies":"Looter","floor":12.0,"turns":4.0},{"damage":25.0,"enemies":"3 Sentries","floor":13.0,"turns":7.0},{"damage":16.0,"enemies":"Hexaghost","floor":16.0,"turns":6.0},{"damage":21,"enemies":"Shell Parasite","floor":18,"turns":4},{"damage":13,"enemies":"3 Byrds","floor":21,"turns":4},{"damage":35,"enemies":"Masked Bandits","floor":22,"turns":6},{"damage":7,"enemies":"Snake Plant","floor":24,"turns":5},{"damage":18,"enemies":"Snecko","floor":29,"turns":4},{"damage":34,"enemies":"Sentry and Sphere","floor":31,"turns":5}],"seed_played":"-1102347077195877170","potions_obtained":[{"floor":3.0,"key":"EssenceOfSteel"},{"floor":7.0,"key":"SkillPotion"},{"floor":10.0,"key":"Energy Potion"},{"floor":13.0,"key":"FairyPotion"},{"floor":21,"key":"Fire Potion"},{"floor":24,"key":"SkillPotion"}],"is_trial":false,"path_per_floor":["M","M","M","$","M","R","M","E","T","M","R","M","?","$","R","B",null,"M","?","$","M","?","R","M","$","T","?","?","M","R","M"],"character_chosen":"THE_SILENT","items_purchased":["Bouncing Flask","Infinite Blades","Accuracy","Blade Dance","Infinite Blades","Dash","Footwork","Backflip"],"campfire_rested":4,"item_purchase_floors":[4,4,14,14,20,20,25,25],"current_hp_per_floor":[74,74,74,74,61,61,53,53,53,52,75,69,44,44,67,51,77,56,56,56,43,8,31,24,24,24,24,18,2,17,0],"gold":27,"neow_bonus":"TEN_PERCENT_HP_BONUS","is_prod":false,"is_daily":false,"chose_seed":false,"campfire_upgraded":1,"win_rate":0,"timestamp":1564302806,"path_taken":["M","M","M","$","M","R","M","E","T","M","R","M","?","$","R","BOSS","M","?","$","M","?","R","M","$","T","?","?","M","R","M"],"build_version":"2019-07-17","purchased_purges":0,"victory":false,"max_hp_per_floor":[77,77,77,77,77,77,77,77,77,77,77,77,77,77,77,77,77,77,77,77,77,77,77,77,77,77,53,53,53,53,53],"card_choices":[{"not_picked":["Dagger Throw","Outmaneuver"],"picked":"Deadly Poison","floor":1.0},{"not_picked":["Doppelganger","Dagger Spray"],"picked":"Bouncing Flask","floor":2.0},{"not_picked":["Leg Sweep","Heel Hook"],"picked":"Footwork","floor":3.0},{"not_picked":["Flying Knee","Reflex"],"picked":"PiercingWail","floor":5.0},{"not_picked":["Acrobatics","Backflip"],"picked":"Catalyst","floor":7.0},{"not_picked":["Sucker Punch","Tactician"],"picked":"Bane","floor":8.0},{"not_picked":["Outmaneuver","Flying Knee"],"picked":"PiercingWail","floor":10.0},{"not_picked":["Backflip","Bane"],"picked":"Noxious Fumes","floor":12.0},{"not_picked":["Blade Dance","Prepared"],"picked":"Caltrops","floor":13.0},{"not_picked":["Night Terror","Venomology"],"picked":"Envenom","floor":16.0},{"not_picked":["Terror+1","Reflex"],"picked":"Deflect","floor":18},{"not_picked":["Skewer","Riddle With Holes"],"picked":"Poisoned Stab+1","floor":21},{"not_picked":["Backflip+1","Poisoned Stab"],"picked":"Infinite Blades","floor":22},{"not_picked":["Quick Slash","Acrobatics"],"picked":"Finisher","floor":24},{"not_picked":["Crippling Poison","Underhanded Strike+1"],"picked":"Prepared","floor":29}],"player_experience":250734,"relics_obtained":[{"floor":8.0,"key":"Centennial Puzzle"},{"floor":9.0,"key":"Gambling Chip"},{"floor":22,"key":"Red Mask"},{"floor":26,"key":"The Courier"}],"event_choices":[{"damage_healed":0.0,"max_hp_gain":0.0,"max_hp_loss":0.0,"gold_gain":0.0,"event_name":"Dead Adventurer","player_choice":"Searched \u00272\u0027 times","floor":13.0,"gold_loss":0.0,"damage_taken":0.0,"relics_obtained":["Kunai"]},{"damage_healed":0,"gold_gain":0,"player_choice":"Stole Relic","damage_taken":0,"relics_obtained":["Ginger"],"max_hp_gain":0,"max_hp_loss":0,"event_name":"Addict","floor":19,"gold_loss":0,"cards_obtained":["Shame"]},{"damage_healed":0,"gold_gain":0,"player_choice":"Fought Bandits","damage_taken":0,"max_hp_gain":0,"max_hp_loss":0,"event_name":"Masked Bandits","floor":22,"gold_loss":0},{"damage_healed":0,"gold_gain":0,"player_choice":"Became a vampire","damage_taken":0,"max_hp_gain":0,"max_hp_loss":24,"event_name":"Vampires","floor":27,"gold_loss":0,"cards_obtained":["Bite","Bite","Bite","Bite","Bite"]},{"damage_healed":0,"gold_gain":0,"player_choice":"Joined the Cult","damage_taken":6,"max_hp_gain":0,"max_hp_loss":0,"event_name":"Nest","floor":28,"gold_loss":0,"cards_obtained":["RitualDagger"]}],"is_beta":false,"boss_relics":[{"not_picked":["Velvet Choker","Ectoplasm"],"picked":"Pandora\u0027s Box"}],"items_purged_floors":[],"is_endless":false,"potions_floor_spawned":[3,7,10,13,21,24],"killed_by":"Sentry and Sphere","ascension_level":1}