{"gold_per_floor":[113,113,132,146,167,202,51,51,51,51,74,98,98,98,98,221,221,240,258,90,115,129,129,144,144,144,144,144,144,165,188,188,309,309,324,26,26,50,125,125,150,25,25,25,25,150,150,164,164,164],"floor_reached":50,"playtime":2473,"items_purged":["Strike_B","Strike_B","Strike_B"],"score":692,"play_id":"62a11a3d-61b7-4e09-8e65-89485df3e7d2","local_time":"20190819180213","is_ascension_mode":true,"campfire_choices":[{"floor":8.0,"key":"REST"},{"floor":10.0,"key":"REST"},{"data":"Defragment","floor":15.0,"key":"SMITH"},{"floor":23.0,"key":"REST"},{"floor":25.0,"key":"REST"},{"data":"Coolheaded","floor":27.0,"key":"SMITH"},{"floor":29.0,"key":"REST"},{"floor":32.0,"key":"REST"},{"data":"Auto Shields","floor":40.0,"key":"SMITH"},{"data":"Defragment","floor":49,"key":"SMITH"}],"neow_cost":"NONE","seed_source_timestamp":26841842127363,"circlet_count":0,"master_deck":["Strike_B","Defend_B","Defend_B","Defend_B","Defend_B","Zap","Dualcast","FTL","Cold Snap","Compile Driver","Rip and Tear","Sunder","Ball Lightning","Defragment+1","Madness","All For One","Coolheaded+1","Auto Shields+1","Defragment","Ball Lightning","Defragment+1","Electrodynamics","Ball Lightning","Go for the Eyes","Enlightenment","Defragment+1","Coolheaded+1"],"special_seed":0,"relics":["Cracked Core","Happy Flower","Golden Idol","Mercury Hourglass","Question Card","Inserter","Mummified Hand","Nilry\u0027s Codex","Busted Crown","Art of War","Juzu Bracelet","DataDisk","Gambling Chip"],"potions_floor_usage":[46,50],"damage_taken":[{"damage":3.0,"enemies":"2 Louse","floor":1.0,"turns":2.0},{"damage":0.0,"enemies":"Cultist","floor":3.0,"turns":3.0},{"damage":0.0,"enemies":"Small Slimes","floor":4.0,"turns":2.0},{"damage":8.0,"enemies":"Exordium Wildlife","floor":5.0,"turns":4.0},{"damage":16.0,"enemies":"Lagavulin","floor":6.0,"turns":6.0},{"damage":0.0,"enemies":"Gremlin Gang","floor":11.0,"turns":2.0},{"damage":1.0,"enemies":"Looter","floor":12.0,"turns":2.0},{"damage":0.0,"enemies":"Slime Boss","floor":16.0,"turns":6.0},{"damage":0.0,"enemies":"Chosen","floor":18.0,"turns":4.0},{"damage":13.0,"enemies":"Shell Parasite","floor":19.0,"turns":6.0},{"damage":21.0,"enemies":"Centurion and Healer","floor":21.0,"turns":7.0},{"damage":7.0,"enemies":"3 Cultists","floor":22.0,"turns":5.0},{"damage":11.0,"enemies":"Cultist and Chosen","floor":24.0,"turns":5.0},{"damage":28.0,"enemies":"Centurion and Healer","floor":30.0,"turns":5.0},{"damage":10.0,"enemies":"Snecko","floor":31.0,"turns":3.0},{"damage":12.0,"enemies":"Collector","floor":33.0,"turns":6.0},{"damage":3.0,"enemies":"3 Shapes","floor":35.0,"turns":3.0},{"damage":0.0,"enemies":"Orb Walker","floor":38.0,"turns":1.0},{"damage":32,"enemies":"Jaw Worm Horde","floor":41,"turns":4},{"damage":0,"enemies":"Mind Bloom Boss Battle","floor":46,"turns":3},{"damage":0,"enemies":"Sphere and 2 Shapes","floor":48,"turns":3},{"damage":64,"enemies":"Awakened One","floor":50,"turns":6}],"seed_played":"1088530617544962140","potions_obtained":[{"floor":1.0,"key":"Strength Potion"},{"floor":3.0,"key":"Weak Potion"},{"floor":12.0,"key":"EssenceOfSteel"},{"floor":19.0,"key":"AttackPotion"},{"floor":24.0,"key":"SteroidPotion"},{"floor":30.0,"key":"AttackPotion"},{"floor":31.0,"key":"SteroidPotion"},{"floor":38.0,"key":"FearPotion"},{"floor":48,"key":"SteroidPotion"}],"is_trial":false,"path_per_floor":["M","?","M","M","M","E","$","R","T","R","M","M","?","$","R","B",null,"M","M","$","M","M","R","M","R","T","R","?","R","M","M","R","B",null,"M","$","?","M","?","R","M","$","T","?","?","?","?","M","R","B"],"character_chosen":"DEFECT","items_purchased":["Sunder","Defragment","Art of War","Juzu Bracelet"],"campfire_rested":6,"item_purchase_floors":[7,20,36,36],"current_hp_per_floor":[65,47,47,47,39,23,23,45,45,67,67,66,66,66,66,66,73,73,60,60,39,32,54,43,65,65,65,49,71,43,33,55,43,67,64,64,64,64,57,57,25,25,25,25,62,62,62,62,62,0],"gold":164,"neow_bonus":"RANDOM_COMMON_RELIC","is_prod":false,"is_daily":false,"chose_seed":false,"campfire_upgraded":4,"win_rate":0,"timestamp":1566234133,"path_taken":["M","?","M","M","M","E","$","R","T","R","M","M","?","$","R","BOSS","M","M","$","?","M","R","M","R","T","R","?","R","M","M","R","BOSS","M","$","?","M","?","R","M","$","T","?","?","?","?","M","R","BOSS"],"build_version":"2019-07-17","purchased_purges":3,"victory":false,"max_hp_per_floor":[75,75,75,75,75,75,75,75,75,75,75,75,75,75,75,75,75,75,75,75,75,75,75,75,75,75,75,75,75,75,75,75,75,75,75,75,75,75,75,75,75,75,75,71,62,62,62,62,62,62],"card_choices":[{"not_picked":["Auto Shields","Go for the Eyes"],"picked":"FTL","floor":1.0},{"not_picked":["Sweeping Beam","Stack","Beam Cell"],"picked":"SKIP","floor":3.0},{"not_picked":["Ball Lightning","Stack"],"picked":"Cold Snap","floor":4.0},{"not_picked":["Stack","Steam"],"picked":"Compile Driver","floor":5.0},{"not_picked":["Leap","Buffer"],"picked":"Rip and Tear","floor":6.0},{"not_picked":["Force Field","Leap","Go for the Eyes"],"picked":"Ball Lightning","floor":11.0},{"not_picked":["Leap","Sweeping Beam","Ball Lightning"],"picked":"Defragment","floor":12.0},{"not_picked":["Amplify","Hyperbeam","Fission"],"picked":"All For One","floor":16.0},{"not_picked":["Leap","Rip and Tear+1","Turbo"],"picked":"Coolheaded","floor":18.0},{"not_picked":["Barrage","Steam","Beam Cell+1"],"picked":"Auto Shields","floor":19.0},{"not_picked":["Coolheaded","Chaos","Hologram"],"picked":"Ball Lightning","floor":21.0},{"not_picked":["Static Discharge+1","Melter","Conserve Battery"],"picked":"Defragment","floor":22.0},{"not_picked":["Cold Snap","Redo","Loop+1"],"picked":"Electrodynamics","floor":24.0},{"not_picked":["Stack","Hello World","Rebound"],"picked":"Ball Lightning","floor":30.0},{"not_picked":["Ball Lightning","Double Energy","Reprogram"],"picked":"Go for the Eyes","floor":31.0},{"not_picked":["Aggregate","Sunder+1"],"picked":"SKIP","floor":35.0},{"not_picked":["Dramatic Entrance"],"picked":"Enlightenment","floor":37.0},{"not_picked":["Hologram"],"picked":"Defragment+1","floor":38.0},{"not_picked":["Leap","Beam Cell+1"],"picked":"SKIP","floor":41},{"not_picked":["Darkness"],"picked":"Coolheaded+1","floor":46},{"not_picked":["Hologram","Fusion"],"picked":"SKIP","floor":48}],"player_experience":452845,"relics_obtained":[{"floor":6.0,"key":"Mercury Hourglass"},{"floor":9.0,"key":"Question Card"},{"floor":26.0,"key":"Mummified Hand"},{"floor":28.0,"key":"Nilry\u0027s Codex"},{"floor":43,"key":"DataDisk"},{"floor":46,"key":"Gambling Chip"}],"event_choices":[{"damage_healed":0.0,"max_hp_gain":0.0,"max_hp_loss":0.0,"gold_gain":0.0,"event_name":"Golden Idol","player_choice":"Take Damage","floor":2.0,"gold_loss":0.0,"damage_taken":18.0,"relics_obtained":["Golden Idol"]},{"damage_healed":0.0,"max_hp_gain":0.0,"max_hp_loss":0.0,"gold_gain":0.0,"event_name":"Match and Keep!","player_choice":"1 cards matched","floor":13.0,"gold_loss":0.0,"damage_taken":0.0,"cards_obtained":["Madness"]},{"damage_healed":0.0,"max_hp_gain":0.0,"max_hp_loss":0.0,"gold_gain":0.0,"event_name":"Cursed Tome","player_choice":"Obtained Book","floor":28.0,"gold_loss":0.0,"damage_taken":16.0},{"damage_healed":0.0,"max_hp_gain":0.0,"max_hp_loss":0.0,"gold_gain":0.0,"event_name":"SensoryStone","player_choice":"Memory 1","floor":37.0,"gold_loss":0.0,"damage_taken":0.0},{"damage_healed":0.0,"max_hp_gain":0.0,"max_hp_loss":0.0,"gold_gain":75.0,"event_name":"FaceTrader","player_choice":"Touch","floor":39.0,"gold_loss":0.0,"damage_taken":7.0},{"damage_healed":0,"gold_gain":0,"player_choice":"Max HP","damage_taken":0,"max_hp_gain":0,"max_hp_loss":4,"event_name":"Winding Halls","floor":44,"gold_loss":0},{"damage_healed":62,"gold_gain":0,"player_choice":"Heal","damage_taken":0,"max_hp_gain":0,"max_hp_loss":9,"event_name":"The Moai Head","floor":45,"gold_loss":0},{"damage_healed":0,"gold_gain":0,"player_choice":"Fight","damage_taken":0,"max_hp_gain":0,"max_hp_loss":0,"event_name":"MindBloom","floor":46,"gold_loss":0},{"damage_healed":0,"gold_gain":0,"player_choice":"Ignored","damage_taken":0,"max_hp_gain":0,"max_hp_loss":0,"event_name":"Mysterious Sphere","floor":47,"gold_loss":0}],"is_beta":false,"boss_relics":[{"not_picked":["Philosopher\u0027s Stone","Velvet Choker"],"picked":"Inserter"},{"not_picked":["FrozenCore","Snecko Eye"],"picked":"Busted Crown"}],"items_purged_floors":[7,20,42],"is_endless":false,"potions_floor_spawned":[1,3,12,19,24,30,31,38,48],"killed_by":"Awakened One","ascension_level":7}