{"gold_per_floor":[110,110,10,26,40,69,89,121,121,176,176,202,202,220,220,320,320,332,282,134,67,67,67,95,27,27,46,58,58,92,110,110,209,209,227,239,252,15,115,115],"floor_reached":40,"playtime":4494,"items_purged":[],"score":538,"play_id":"4b87bc75-9c7d-41df-8599-9bafc741b803","local_time":"20190821081349","is_ascension_mode":true,"campfire_choices":[{"floor":11.0,"key":"REST"},{"floor":13.0,"key":"REST"},{"floor":15.0,"key":"RECALL"},{"data":"Noxious Fumes","floor":23.0,"key":"SMITH"},{"floor":29,"key":"REST"},{"floor":32,"key":"REST"}],"neow_cost":"NONE","seed_source_timestamp":0,"circlet_count":0,"master_deck":["Strike_G","Strike_G","Strike_G","Strike_G","Defend_G","Defend_G","Defend_G","Defend_G","Defend_G","Survivor","Neutralize","Blade Dance","Noxious Fumes","PiercingWail","Blade Dance","After Image","Noxious Fumes+1","Terror","Slice","Dodge and Roll","Cloak And Dagger","Poisoned Stab","Leg Sweep","A Thousand Cuts","Cloak And Dagger","Blade Dance","Dodge and Roll","Caltrops","Caltrops","Writhe","Leg Sweep+1","Caltrops","Deadly Poison","Dash","Caltrops","Leg Sweep+1","Noxious Fumes","Poisoned Stab","Storm of Steel","Acrobatics+1","Acrobatics","Poisoned Stab+1","Apotheosis","Footwork","Bouncing Flask+1"],"special_seed":0,"relics":["Ring of the Snake","Smiling Mask","Bronze Scales","Dream Catcher","Meat on the Bone","Bag of Marbles","Sozu","Unceasing Top","Dodecahedron","Orichalcum","WristBlade","Girya"],"potions_floor_usage":[28],"damage_taken":[{"damage":1.0,"enemies":"Small Slimes","floor":1.0,"turns":4.0},{"damage":0.0,"enemies":"Cultist","floor":4.0,"turns":4.0},{"damage":0.0,"enemies":"2 Louse","floor":5.0,"turns":3.0},{"damage":13.0,"enemies":"Lagavulin","floor":6.0,"turns":10.0},{"damage":0.0,"enemies":"2 Fungi Beasts","floor":7.0,"turns":4.0},{"damage":13.0,"enemies":"3 Sentries","floor":8.0,"turns":7.0},{"damage":16.0,"enemies":"3 Sentries","floor":10.0,"turns":6.0},{"damage":37.0,"enemies":"Gremlin Nob","floor":12.0,"turns":5.0},{"damage":5.0,"enemies":"Blue Slaver","floor":14.0,"turns":4.0},{"damage":29.0,"enemies":"The Guardian","floor":16.0,"turns":11.0},{"damage":17.0,"enemies":"Spheric Guardian","floor":18.0,"turns":5.0},{"damage":26.0,"enemies":"Gremlin Leader","floor":24.0,"turns":7.0},{"damage":0.0,"enemies":"3 Byrds","floor":27.0,"turns":1.0},{"damage":13,"enemies":"Snake Plant","floor":28,"turns":4},{"damage":44,"enemies":"Slavers","floor":30,"turns":5},{"damage":0,"enemies":"Snecko","floor":31,"turns":5},{"damage":47,"enemies":"Collector","floor":33,"turns":11},{"damage":33,"enemies":"3 Darklings","floor":35,"turns":5},{"damage":4,"enemies":"Orb Walker","floor":36,"turns":5},{"damage":30,"enemies":"Maw","floor":37,"turns":7},{"damage":16,"enemies":"Mind Bloom Boss Battle","floor":39,"turns":7},{"damage":25,"enemies":"Reptomancer","floor":40,"turns":2}],"seed_played":"3400468711821026207","potions_obtained":[{"floor":4.0,"key":"Poison Potion"},{"floor":7.0,"key":"Dexterity Potion"},{"floor":10.0,"key":"LiquidBronze"},{"floor":14.0,"key":"FearPotion"}],"is_trial":false,"path_per_floor":["M","?","$","M","M","E","M","E","T","?","R","E","R","M","R","B",null,"M","?","$","$","?","R","E","$","T","M","M","R","E","M","R","B",null,"M","M","M","$","?","E"],"character_chosen":"THE_SILENT","items_purchased":["Noxious Fumes","PiercingWail","Blade Dance","Dodge and Roll","Caltrops","Caltrops","Caltrops","Apotheosis","Footwork"],"campfire_rested":4,"item_purchase_floors":[3,3,20,20,20,21,25,38,38],"current_hp_per_floor":[76,69,69,69,69,56,56,43,43,27,50,25,48,43,43,26,77,60,60,60,60,60,60,46,46,46,46,45,68,36,48,71,36,77,44,40,22,22,18,0],"gold":115,"neow_bonus":"TEN_PERCENT_HP_BONUS","is_prod":false,"is_daily":false,"chose_seed":false,"campfire_upgraded":1,"win_rate":0,"timestamp":1566368029,"path_taken":["M","?","$","M","M","E","M","E","T","?","R","E","R","M","R","BOSS","M","?","?","$","?","R","E","$","T","M","M","R","E","M","R","BOSS","M","M","M","$","?","E"],"build_version":"2019-07-17","purchased_purges":0,"victory":false,"max_hp_per_floor":[77,77,77,77,77,77,77,77,77,77,77,77,77,77,77,77,77,77,77,77,77,77,77,77,77,77,77,77,77,77,77,77,77,77,77,77,77,77,77,77],"card_choices":[{"not_picked":["Prepared","Sucker Punch"],"picked":"Blade Dance","floor":1.0},{"not_picked":["Choke","Flechettes"],"picked":"Blade Dance","floor":4.0},{"not_picked":["Dodge and Roll","Quick Slash"],"picked":"After Image","floor":5.0},{"not_picked":["Flying Knee","Venomology"],"picked":"Noxious Fumes","floor":6.0},{"not_picked":["Bane","Masterful Stab"],"picked":"Terror","floor":7.0},{"not_picked":["Flechettes","Reflex","Sucker Punch"],"picked":"SKIP","floor":8.0},{"not_picked":["Concentrate","PiercingWail"],"picked":"Slice","floor":10.0},{"not_picked":["Acrobatics","Prepared"],"picked":"Dodge and Roll","floor":11.0},{"not_picked":["Prepared","Backflip"],"picked":"Cloak And Dagger","floor":12.0},{"not_picked":["Dagger Spray","Venomology"],"picked":"Poisoned Stab","floor":13.0},{"not_picked":["Masterful Stab","Acrobatics"],"picked":"Leg Sweep","floor":14.0},{"not_picked":["Doppelganger","Adrenaline"],"picked":"A Thousand Cuts","floor":16.0},{"not_picked":["Bouncing Flask+1","Acrobatics+1"],"picked":"Cloak And Dagger","floor":18.0},{"not_picked":["Prepared","Deflect"],"picked":"Leg Sweep+1","floor":24.0},{"not_picked":["Acrobatics","Flying Knee"],"picked":"Deadly Poison","floor":27.0},{"not_picked":["Backflip","Storm of Steel"],"picked":"Dash","floor":28},{"not_picked":["Quick Slash","Finisher"],"picked":"Caltrops","floor":29},{"not_picked":["Finisher","Backflip"],"picked":"Leg Sweep+1","floor":30},{"not_picked":["Backflip+1","Flying Knee"],"picked":"Noxious Fumes","floor":31},{"not_picked":["Glass Knife","Calculated Gamble+1"],"picked":"Poisoned Stab","floor":32},{"not_picked":["Glass Knife","Unload"],"picked":"Storm of Steel","floor":33},{"not_picked":["Underhanded Strike","Backflip"],"picked":"Acrobatics+1","floor":35},{"not_picked":["Calculated Gamble","Dagger Throw"],"picked":"Acrobatics","floor":36},{"not_picked":["Bane","Masterful Stab+1"],"picked":"Poisoned Stab+1","floor":37},{"not_picked":["Endless Agony+1","Deadly Poison+1"],"picked":"Bouncing Flask+1","floor":39}],"player_experience":399651,"relics_obtained":[{"floor":6.0,"key":"Smiling Mask"},{"floor":8.0,"key":"Bronze Scales"},{"floor":9.0,"key":"Dream Catcher"},{"floor":10.0,"key":"Meat on the Bone"},{"floor":12.0,"key":"Bag of Marbles"},{"floor":24.0,"key":"Dodecahedron"},{"floor":30,"key":"Orichalcum"},{"floor":39,"key":"Girya"}],"event_choices":[{"cards_removed":["Strike_G"],"damage_healed":0.0,"max_hp_gain":0.0,"max_hp_loss":0.0,"gold_gain":0.0,"event_name":"Golden Wing","player_choice":"Card Removal","floor":2.0,"gold_loss":0.0,"damage_taken":7.0},{"damage_healed":0.0,"max_hp_gain":0.0,"max_hp_loss":0.0,"gold_gain":0.0,"event_name":"Dead Adventurer","player_choice":"Searched \u00271\u0027 times","floor":10.0,"gold_loss":0.0,"damage_taken":0.0},{"damage_healed":0.0,"max_hp_gain":0.0,"max_hp_loss":0.0,"gold_gain":0.0,"event_name":"The Joust","player_choice":"Bet on Murderer","floor":19.0,"gold_loss":50.0,"damage_taken":0.0},{"damage_healed":0.0,"max_hp_gain":0.0,"max_hp_loss":0.0,"gold_gain":0.0,"event_name":"The Mausoleum","player_choice":"Opened","floor":22.0,"gold_loss":0.0,"damage_taken":0.0,"relics_obtained":["Unceasing Top"],"cards_obtained":["Writhe"]},{"damage_healed":0,"gold_gain":0,"player_choice":"Fight","damage_taken":0,"max_hp_gain":0,"max_hp_loss":0,"event_name":"MindBloom","floor":39,"gold_loss":0}],"is_beta":false,"boss_relics":[{"not_picked":["Coffee Dripper","HoveringKite"],"picked":"Sozu"},{"not_picked":["Black Star","Velvet Choker"],"picked":"WristBlade"}],"items_purged_floors":[],"is_endless":false,"potions_floor_spawned":[4,7,10,14,24,27,30,36,37,39],"killed_by":"Reptomancer","ascension_level":2}