{"gold_per_floor":[114,114,67,93,105,105,170,170,170,170,180,22,97,109,109,208,208,227,227,227,241,254,254,183,195,195,222,236,236,236,10,10,10],"floor_reached":33,"playtime":2143,"items_purged":[],"score":266,"play_id":"a4ac165d-d546-4b49-8555-8bd9dbf48ee6","local_time":"20190724161100","is_ascension_mode":true,"campfire_choices":[{"data":"Anger","floor":6.0,"key":"SMITH"},{"data":"Inflame","floor":8.0,"key":"SMITH"},{"data":"Rupture","floor":15.0,"key":"SMITH"},{"floor":23.0,"key":"REST"},{"floor":29,"key":"REST"},{"data":"Demon Form","floor":32,"key":"SMITH"}],"neow_cost":"NONE","seed_source_timestamp":29058683080804,"circlet_count":0,"master_deck":["Strike_R+1","Strike_R+1","Strike_R+1","Strike_R+1","Defend_R+1","Defend_R+1","Defend_R+1","Defend_R+1","Bash","Inflame+1","Perfected Strike","Iron Wave","Anger+1","Body Slam","Searing Blow","Rupture+1","Bloodletting","Shrug It Off","Iron Wave","Double Tap","Iron Wave","Thunderclap","Hemokinesis","Rampage","Heavy Blade","Demon Form+1","Flame Barrier","J.A.X.","Metallicize"],"special_seed":0,"relics":["Burning Blood","Potion Belt","Peace Pipe","Dodecahedron","Sozu","Magic Flower","Paper Frog","Bronze Scales"],"potions_floor_usage":[],"damage_taken":[{"damage":1.0,"enemies":"2 Louse","floor":1.0,"turns":3.0},{"damage":5.0,"enemies":"Cultist","floor":5.0,"turns":4.0},{"damage":14.0,"enemies":"Gremlin Nob","floor":7.0,"turns":4.0},{"damage":2.0,"enemies":"Small Slimes","floor":11.0,"turns":3.0},{"damage":15.0,"enemies":"3 Louse","floor":14.0,"turns":4.0},{"damage":60.0,"enemies":"Hexaghost","floor":16.0,"turns":10.0},{"damage":26.0,"enemies":"2 Thieves","floor":18.0,"turns":5.0},{"damage":3.0,"enemies":"Chosen","floor":21.0,"turns":4.0},{"damage":24.0,"enemies":"3 Cultists","floor":22.0,"turns":6.0},{"damage":13.0,"enemies":"Chosen and Byrds","floor":25.0,"turns":4.0},{"damage":32.0,"enemies":"Book of Stabbing","floor":27.0,"turns":5.0},{"damage":30,"enemies":"Snake Plant","floor":28,"turns":4},{"damage":58,"enemies":"Collector","floor":33,"turns":5}],"seed_played":"151271585585843079","potions_obtained":[{"floor":1.0,"key":"SpeedPotion"},{"floor":14.0,"key":"GamblersBrew"},{"floor":16.0,"key":"Energy Potion"}],"is_trial":false,"path_per_floor":["M","?","$","T","M","R","?","R","T","?","M","$","?","M","R","B",null,"M","?","?","M","M","R","$","M","T","E","M","R","?","$","R","B"],"character_chosen":"IRONCLAD","items_purchased":["Iron Wave","Rupture","Bloodletting","Shrug It Off","Rampage","Metallicize","Bronze Scales"],"campfire_rested":2,"item_purchase_floors":[3,12,12,12,24,31,31],"current_hp_per_floor":[88,88,88,88,88,88,80,80,80,80,84,84,73,64,64,10,88,68,68,68,71,53,79,79,72,72,49,28,54,54,54,54,0],"gold":10,"neow_bonus":"TEN_PERCENT_HP_BONUS","is_prod":false,"is_daily":false,"chose_seed":false,"campfire_upgraded":4,"win_rate":0,"timestamp":1563977460,"path_taken":["M","?","$","?","M","R","?","R","T","?","M","$","?","M","R","BOSS","M","?","?","M","?","R","$","M","T","E","M","R","?","$","R","BOSS"],"build_version":"2019-07-17","purchased_purges":0,"victory":false,"max_hp_per_floor":[88,88,88,88,88,88,88,88,88,88,88,88,88,88,88,88,88,88,88,88,88,88,88,88,88,88,88,88,88,88,88,88,88],"card_choices":[{"not_picked":["Disarm","Searing Blow"],"picked":"Inflame","floor":1.0},{"not_picked":["True Grit","Flame Barrier"],"picked":"Anger","floor":5.0},{"not_picked":["Iron Wave","True Grit"],"picked":"Body Slam","floor":7.0},{"not_picked":["Seeing Red","Heavy Blade"],"picked":"Searing Blow","floor":11.0},{"not_picked":["Clothesline","Searing Blow"],"picked":"Iron Wave","floor":14.0},{"not_picked":["Immolate","Bludgeon"],"picked":"Double Tap","floor":16.0},{"not_picked":["True Grit","Carnage"],"picked":"Iron Wave","floor":18.0},{"not_picked":["Clothesline","Havoc+1"],"picked":"Thunderclap","floor":21.0},{"not_picked":["Headbutt+1","Flex"],"picked":"Hemokinesis","floor":22.0},{"not_picked":["Thunderclap","Havoc"],"picked":"Heavy Blade","floor":25.0},{"not_picked":["Body Slam+1","Anger+1"],"picked":"Demon Form","floor":27.0},{"not_picked":["Hemokinesis","Disarm"],"picked":"Flame Barrier","floor":28}],"player_experience":199295,"relics_obtained":[{"floor":4.0,"key":"Potion Belt"},{"floor":7.0,"key":"Peace Pipe"},{"floor":9.0,"key":"Dodecahedron"},{"floor":26.0,"key":"Magic Flower"},{"floor":27.0,"key":"Paper Frog"}],"event_choices":[{"damage_healed":0.0,"max_hp_gain":0.0,"max_hp_loss":0.0,"gold_gain":0.0,"cards_transformed":["Strike_R"],"event_name":"Transmorgrifier","player_choice":"Transformed","floor":2.0,"gold_loss":0.0,"damage_taken":0.0,"cards_obtained":["Perfected Strike"]},{"damage_healed":0.0,"max_hp_gain":0.0,"max_hp_loss":0.0,"gold_gain":0.0,"event_name":"Dead Adventurer","player_choice":"Searched \u00271\u0027 times","floor":7.0,"gold_loss":0.0,"damage_taken":0.0},{"damage_healed":0.0,"max_hp_gain":0.0,"max_hp_loss":0.0,"gold_gain":0.0,"event_name":"Liars Game","player_choice":"Ignored","floor":10.0,"gold_loss":0.0,"damage_taken":0.0},{"damage_healed":0.0,"max_hp_gain":0.0,"max_hp_loss":0.0,"gold_gain":75.0,"event_name":"World of Goop","player_choice":"Gather Gold","floor":13.0,"gold_loss":0.0,"damage_taken":11.0},{"damage_healed":0.0,"max_hp_gain":0.0,"max_hp_loss":0.0,"gold_gain":0.0,"event_name":"Back to Basics","player_choice":"Simplicity","floor":19.0,"gold_loss":0.0,"damage_taken":0.0,"cards_upgraded":["Strike_R","Strike_R","Strike_R","Strike_R","Defend_R","Defend_R","Defend_R","Defend_R"]},{"damage_healed":0.0,"max_hp_gain":0.0,"max_hp_loss":0.0,"gold_gain":0.0,"event_name":"Lab","player_choice":"Got Potions","floor":20.0,"gold_loss":0.0,"damage_taken":0.0},{"damage_healed":0,"gold_gain":0,"player_choice":"Obtain J.A.X.","damage_taken":0,"max_hp_gain":0,"max_hp_loss":0,"event_name":"Drug Dealer","floor":30,"gold_loss":0,"cards_obtained":["J.A.X."]}],"is_beta":false,"boss_relics":[{"not_picked":["Runic Dome","Calling Bell"],"picked":"Sozu"}],"items_purged_floors":[],"is_endless":false,"potions_floor_spawned":[1,14,16,18,22,25],"killed_by":"Collector","ascension_level":1}