{"gold_per_floor":[116,116,44,44,44,44,119,151,175,195,195,222,222,238,238,238],"floor_reached":16,"playtime":575,"items_purged":[],"score":183,"play_id":"0cd0b02a-9efc-4cb7-8b1a-a9dafe0ce23f","local_time":"20190821155706","is_ascension_mode":true,"campfire_choices":[{"data":"Neutralize","floor":6,"key":"SMITH"},{"floor":11,"key":"REST"},{"data":"Backflip","floor":13,"key":"SMITH"},{"floor":15,"key":"REST"}],"neow_cost":"NONE","seed_source_timestamp":21918225737273,"circlet_count":0,"master_deck":["Strike_G","Strike_G","Strike_G","Strike_G","Defend_G","Defend_G","Defend_G","Defend_G","Defend_G","Survivor","Neutralize+1","Blur+1","Envenom","Backflip+1","Footwork"],"relics":["Ring of the Snake","NeowsBlessing","Turnip","Boot","Paper Crane"],"potions_floor_usage":[12,16,16],"damage_taken":[{"damage":0,"enemies":"Jaw Worm","floor":1,"turns":1},{"damage":0,"enemies":"Gremlin Nob","floor":8,"turns":1},{"damage":0,"enemies":"Small Slimes","floor":10,"turns":1},{"damage":18,"enemies":"Lagavulin","floor":12,"turns":10},{"damage":0,"enemies":"2 Louse","floor":14,"turns":4},{"damage":92,"enemies":"Slime Boss","floor":16,"turns":24}],"seed_played":"1493536007092072682","potions_obtained":[{"floor":1,"key":"EssenceOfSteel"},{"floor":10,"key":"GamblersBrew"},{"floor":12,"key":"GamblersBrew"}],"is_trial":false,"path_per_floor":["M","?","$","?","?","R","?","E","T","M","R","E","R","M","R","B"],"character_chosen":"THE_SILENT","items_purchased":["Envenom"],"campfire_rested":2,"item_purchase_floors":[3],"current_hp_per_floor":[63,68,68,68,61,61,50,50,50,50,72,54,54,54,75,0],"gold":238,"neow_bonus":"THREE_ENEMY_KILL","is_prod":false,"is_daily":false,"chose_seed":false,"campfire_upgraded":2,"win_rate":0,"timestamp":1566399426,"path_taken":["M","?","$","?","?","R","?","E","T","?","R","E","R","M","R","BOSS"],"build_version":"2019-07-17","purchased_purges":0,"victory":false,"max_hp_per_floor":[70,75,75,75,75,75,75,75,75,75,75,75,75,75,75,75],"card_choices":[{"not_picked":["Eviscerate","Dagger Spray"],"picked":"Blur","floor":1},{"not_picked":["Slice","Sucker Punch"],"picked":"Backflip","floor":8},{"not_picked":["Sucker Punch","Setup","PiercingWail"],"picked":"SKIP","floor":10},{"not_picked":["Deflect","Flying Knee","Eviscerate"],"picked":"SKIP","floor":12},{"not_picked":["Backflip","Masterful Stab"],"picked":"Footwork","floor":14}],"player_experience":488139,"relics_obtained":[{"floor":8,"key":"Turnip"},{"floor":9,"key":"Boot"},{"floor":12,"key":"Paper Crane"}],"event_choices":[{"damage_healed":0,"gold_gain":0,"player_choice":"Donut","damage_taken":0,"max_hp_gain":5,"max_hp_loss":0,"event_name":"Big Fish","floor":2,"gold_loss":0},{"damage_healed":0,"gold_gain":0,"player_choice":"Grow","damage_taken":0,"max_hp_gain":0,"max_hp_loss":0,"event_name":"Living Wall","floor":4,"gold_loss":0,"cards_upgraded":["Blur"]},{"cards_removed":["Strike_G"],"damage_healed":0,"gold_gain":0,"player_choice":"Card Removal","damage_taken":7,"max_hp_gain":0,"max_hp_loss":0,"event_name":"Golden Wing","floor":5,"gold_loss":0},{"damage_healed":0,"gold_gain":75,"player_choice":"Gather Gold","damage_taken":11,"max_hp_gain":0,"max_hp_loss":0,"event_name":"World of Goop","floor":7,"gold_loss":0}],"is_beta":false,"boss_relics":[],"items_purged_floors":[],"is_endless":false,"potions_floor_spawned":[1,10,12],"killed_by":"Slime Boss","ascension_level":8}