{"gold_per_floor":[111,111,111,134,158,158,158,178,260,40,61,61,61,100,100,190,190,211,234,149,49,73,73,117,130,130,130,154,154,175,200,200,296,296,320,320,35,81,81,112,112,152,152,199,211,38,72,21,21,21,21,21,21,21],"floor_reached":54,"playtime":4519,"items_purged":["Writhe","Injury"],"score":1451,"play_id":"e647b34f-ddcf-4ce2-bfc5-05f4252757b4","local_time":"20190821181113","is_ascension_mode":true,"campfire_choices":[{"data":"Infinite Blades","floor":6.0,"key":"SMITH"},{"floor":13.0,"key":"REST"},{"floor":15.0,"key":"REST"},{"floor":23.0,"key":"REST"},{"floor":27.0,"key":"REST"},{"data":"After Image","floor":29.0,"key":"SMITH"},{"data":"Accuracy","floor":32.0,"key":"SMITH"},{"floor":41.0,"key":"RECALL"},{"data":"Neutralize","floor":45.0,"key":"SMITH"},{"floor":49.0,"key":"REST"},{"data":"Wraith Form v2","floor":52.0,"key":"SMITH"}],"neow_cost":"NONE","seed_source_timestamp":0,"circlet_count":0,"master_deck":["AscendersBane","Strike_G","Strike_G","Strike_G","Strike_G","Strike_G","Defend_G","Defend_G","Defend_G","Defend_G","Defend_G","Survivor","Neutralize","Infinite Blades+1","Poisoned Stab","Neutralize+1","Backflip","Dagger Spray","Glass Knife","Die Die Die+1","Blade Dance","Caltrops+1","Poisoned Stab+1","Adrenaline","Accuracy+1","Dodge and Roll","After Image+1","Outmaneuver+1","Terror+1","Backflip+1","PiercingWail+1","Burst+1","Blade Dance+1","Finisher","Footwork+1","Dash+1","Mind Blast+1","Accuracy","Wraith Form v2+1","Sucker Punch+1"],"special_seed":0,"relics":["Philosopher\u0027s Stone","Golden Idol","Regal Pillow","Darkstone Periapt","Dead Branch","Lizard Tail","Matryoshka","Omamori","Toxic Egg 2","Sozu","Torii","Ninja Scroll","Whetstone","Oddly Smooth Stone","Bottled Flame","Molten Egg 2","MawBank","Blue Candle","Shovel"],"potions_floor_usage":[],"damage_taken":[{"damage":0.0,"enemies":"2 Louse","floor":1.0,"turns":4.0},{"damage":7.0,"enemies":"Cultist","floor":4.0,"turns":4.0},{"damage":2.0,"enemies":"Small Slimes","floor":5.0,"turns":4.0},{"damage":16.0,"enemies":"3 Louse","floor":8.0,"turns":3.0},{"damage":0.0,"enemies":"Looter","floor":11.0,"turns":3.0},{"damage":13.0,"enemies":"Lagavulin","floor":14.0,"turns":6.0},{"damage":29.0,"enemies":"The Guardian","floor":16.0,"turns":9.0},{"damage":9.0,"enemies":"Chosen","floor":18.0,"turns":3.0},{"damage":35.0,"enemies":"Shell Parasite","floor":19.0,"turns":4.0},{"damage":30.0,"enemies":"Snecko","floor":22.0,"turns":5.0},{"damage":24.0,"enemies":"Slavers","floor":24.0,"turns":4.0},{"damage":18.0,"enemies":"Centurion and Healer","floor":25.0,"turns":4.0},{"damage":18.0,"enemies":"3 Cultists","floor":28.0,"turns":4.0},{"damage":3.0,"enemies":"Shelled Parasite and Fungi","floor":30.0,"turns":4.0},{"damage":12.0,"enemies":"Centurion and Healer","floor":31.0,"turns":6.0},{"damage":27.0,"enemies":"Collector","floor":33.0,"turns":9.0},{"damage":10.0,"enemies":"3 Shapes","floor":35.0,"turns":2.0},{"damage":9.0,"enemies":"Nemesis","floor":40.0,"turns":5.0},{"damage":6.0,"enemies":"Reptomancer","floor":42.0,"turns":5.0},{"damage":1.0,"enemies":"Nemesis","floor":44.0,"turns":5.0},{"damage":18.0,"enemies":"Reptomancer","floor":47.0,"turns":5.0},{"damage":49.0,"enemies":"Time Eater","floor":50.0,"turns":10.0},{"damage":58,"enemies":"Shield and Spear","floor":54,"turns":3}],"seed_played":"5618458473458441222","potions_obtained":[{"floor":1.0,"key":"Strength Potion"},{"floor":8.0,"key":"GhostInAJar"},{"floor":19.0,"key":"Weak Potion"},{"floor":25.0,"key":"SpeedPotion"},{"floor":30.0,"key":"Regen Potion"},{"floor":33.0,"key":"Energy Potion"}],"is_trial":false,"path_per_floor":["M","?","?","M","M","R","?","M","T","$","M","?","R","E","R","B",null,"M","M","?","$","M","R","E","M","T","R","M","R","M","M","R","B",null,"M","?","$","T","?","E","R","E","T","E","R","$","E","$","R","B",null,"R","$","E"],"character_chosen":"THE_SILENT","items_purchased":["Die Die Die","Blade Dance","Ninja Scroll","Mind Blast+1","Accuracy","Sucker Punch+1"],"campfire_rested":5,"item_purchase_floors":[10,10,37,46,46,48],"current_hp_per_floor":[59,59,59,52,50,50,24,8,8,8,8,8,42,29,63,34,58,49,14,14,14,33,66,42,24,24,58,40,40,37,40,40,13,53,43,43,43,43,56,47,47,41,41,40,40,40,22,22,56,7,51,51,51,0],"gold":21,"neow_bonus":"BOSS_RELIC","is_prod":false,"is_daily":false,"chose_seed":false,"campfire_upgraded":5,"win_rate":0,"timestamp":1566436273,"path_taken":["M","?","?","M","?","R","?","M","T","$","M","?","R","E","R","BOSS","M","M","?","$","M","R","E","M","T","R","M","R","M","M","R","BOSS","M","?","?","?","?","E","R","E","T","E","R","$","E","?","R","BOSS","R","$","E"],"build_version":"2019-07-17","purchased_purges":2,"victory":false,"max_hp_per_floor":[66,66,66,66,66,66,66,66,66,66,66,66,66,66,66,66,66,66,66,66,66,66,66,66,66,66,66,66,66,66,66,66,66,66,66,66,66,66,66,66,66,66,66,66,66,66,66,66,66,66,66,66,66,66],"card_choices":[{"not_picked":["Backflip","Dodge and Roll"],"picked":"Infinite Blades","floor":1.0},{"not_picked":["Noxious Fumes","Acrobatics"],"picked":"Backflip","floor":4.0},{"not_picked":["Underhanded Strike","Setup"],"picked":"Dagger Spray","floor":5.0},{"not_picked":["PiercingWail","Outmaneuver"],"picked":"Glass Knife","floor":8.0},{"not_picked":["Flechettes","Concentrate"],"picked":"Caltrops","floor":11.0},{"not_picked":["Flechettes","Underhanded Strike"],"picked":"Poisoned Stab","floor":14.0},{"not_picked":["Grand Finale","Die Die Die"],"picked":"Adrenaline","floor":16.0},{"not_picked":["Blade Dance","Prepared"],"picked":"Accuracy","floor":18.0},{"not_picked":["Deadly Poison","Prepared","All Out Attack"],"picked":"SKIP","floor":19.0},{"not_picked":["Backflip","Prepared"],"picked":"Dodge and Roll","floor":22.0},{"not_picked":["Well Laid Plans","Prepared"],"picked":"After Image","floor":24.0},{"not_picked":["Crippling Poison","All Out Attack"],"picked":"Outmaneuver+1","floor":25.0},{"not_picked":["Flying Knee","Poisoned Stab"],"picked":"Terror+1","floor":28.0},{"not_picked":["Prepared+1","Acrobatics+1"],"picked":"Backflip+1","floor":30.0},{"not_picked":["Bullet Time+1","Dodge and Roll+1"],"picked":"PiercingWail+1","floor":31.0},{"not_picked":["Wraith Form v2","Die Die Die"],"picked":"Burst+1","floor":33.0},{"not_picked":["Footwork","Prepared+1"],"picked":"Blade Dance+1","floor":35.0},{"not_picked":["Tactician+1","Escape Plan+1"],"picked":"Finisher","floor":40.0},{"not_picked":["Reflex+1","Masterful Stab"],"picked":"Footwork+1","floor":42.0},{"not_picked":["PiercingWail+1","Acrobatics+1"],"picked":"Dash+1","floor":44.0},{"not_picked":["Backstab+1","Dagger Throw+1"],"picked":"Wraith Form v2","floor":47.0}],"player_experience":714414,"relics_obtained":[{"floor":9.0,"key":"Darkstone Periapt"},{"floor":14.0,"key":"Dead Branch"},{"floor":24.0,"key":"Omamori"},{"floor":26.0,"key":"Toxic Egg 2"},{"floor":36.0,"key":"Torii"},{"floor":38.0,"key":"Whetstone"},{"floor":38.0,"key":"Oddly Smooth Stone"},{"floor":40.0,"key":"Bottled Flame"},{"floor":42.0,"key":"Molten Egg 2"},{"floor":43.0,"key":"MawBank"},{"floor":44.0,"key":"Blue Candle"},{"floor":47.0,"key":"Shovel"}],"event_choices":[{"damage_healed":0.0,"max_hp_gain":0.0,"max_hp_loss":0.0,"gold_gain":0.0,"event_name":"Golden Idol","player_choice":"Take Wound","floor":2.0,"gold_loss":0.0,"damage_taken":0.0,"relics_obtained":["Golden Idol"],"cards_obtained":["Injury"]},{"damage_healed":0.0,"max_hp_gain":0.0,"max_hp_loss":0.0,"gold_gain":0.0,"event_name":"Match and Keep!","player_choice":"3 cards matched","floor":3.0,"gold_loss":0.0,"damage_taken":0.0,"cards_obtained":["Poisoned Stab","Writhe","Neutralize"]},{"damage_healed":0.0,"max_hp_gain":0.0,"max_hp_loss":0.0,"gold_gain":0.0,"event_name":"Scrap Ooze","player_choice":"Success","floor":7.0,"gold_loss":0.0,"damage_taken":26.0,"relics_obtained":["Regal Pillow"]},{"damage_healed":0.0,"max_hp_gain":0.0,"max_hp_loss":0.0,"gold_gain":0.0,"event_name":"Living Wall","player_choice":"Grow","floor":12.0,"gold_loss":0.0,"damage_taken":0.0,"cards_upgraded":["Caltrops"]},{"damage_healed":0.0,"max_hp_gain":0.0,"max_hp_loss":0.0,"gold_gain":0.0,"event_name":"Addict","player_choice":"Obtained Relic","floor":20.0,"gold_loss":85.0,"damage_taken":0.0,"relics_obtained":["Matryoshka"]},{"damage_healed":0.0,"max_hp_gain":0.0,"max_hp_loss":0.0,"gold_gain":0.0,"event_name":"Wheel of Change","player_choice":"Relic","floor":36.0,"gold_loss":0.0,"damage_taken":0.0},{"damage_healed":13.0,"max_hp_gain":0.0,"max_hp_loss":0.0,"gold_gain":0.0,"event_name":"Winding Halls","player_choice":"Writhe","floor":39.0,"gold_loss":0.0,"damage_taken":0.0,"cards_obtained":["Writhe"]}],"is_beta":false,"boss_relics":[{"not_picked":["Fusion Hammer","Tiny House"],"picked":"Lizard Tail"},{"not_picked":["Coffee Dripper","Snecko Eye"],"picked":"Sozu"}],"items_purged_floors":[10,21],"is_endless":false,"potions_floor_spawned":[1,8,11,19,25,30,33,35,42,47],"killed_by":"Shield and Spear","ascension_level":17}