{"gold_per_floor":[117,130,58,73,86,86,101,101,101,112,212,242,258,108,108,213,213,226,104,124,49,67,67,102,102,102,102,136,151,151,163,163,262,262,279,294,294,310,185,185,185,185],"floor_reached":42,"playtime":4295,"items_purged":["Strike_G","Strike_G","Predator"],"score":528,"play_id":"0c42f6c1-f756-4ea0-b4cd-a138da1104b0","local_time":"20181016220952","is_ascension_mode":true,"campfire_choices":[{"data":"Noxious Fumes","floor":6,"key":"SMITH"},{"data":"Neutralize","floor":8,"key":"SMITH"},{"data":"Deflect","floor":15,"key":"SMITH"},{"data":"Adrenaline","floor":23,"key":"SMITH"},{"data":"Defend_G","floor":25,"key":"SMITH"},{"floor":30,"key":"REST"},{"data":"PiercingWail","floor":32,"key":"SMITH"},{"floor":40,"key":"REST"}],"neow_cost":"NONE","seed_source_timestamp":0,"circlet_count":0,"master_deck":["Defend_G+1","Defend_G","Defend_G","Defend_G","Defend_G","Strike_G","Survivor","Neutralize+1","Noxious Fumes+1","Deadly Poison","Deflect+1","Deadly Poison","Adrenaline+1","Deadly Poison","PiercingWail+1","Footwork+1","PiercingWail+1","Bane+1","Backflip"],"special_seed":0,"relics":["Ring of the Snake","Pear","Paper Crane","Lizard Tail","Oddly Smooth Stone","Mercury Hourglass","Strawberry","Art of War"],"potions_floor_usage":[5,7,12,13,16,28,33,35,38],"damage_taken":[{"damage":0,"enemies":"Small Slimes","floor":1,"turns":7},{"damage":0,"enemies":"Cultist","floor":2,"turns":4},{"damage":0,"enemies":"Jaw Worm","floor":4,"turns":7},{"damage":10,"enemies":"Exordium Wildlife","floor":5,"turns":6},{"damage":2,"enemies":"Looter","floor":7,"turns":4},{"damage":0,"enemies":"Exordium Thugs","floor":10,"turns":4},{"damage":28,"enemies":"Gremlin Nob","floor":12,"turns":4},{"damage":8,"enemies":"Lots of Slimes","floor":13,"turns":5},{"damage":20,"enemies":"The Guardian","floor":16,"turns":9},{"damage":0,"enemies":"Chosen","floor":18,"turns":5},{"damage":2,"enemies":"Spheric Guardian","floor":20,"turns":4},{"damage":0,"enemies":"Snake Plant","floor":22,"turns":4},{"damage":41,"enemies":"Slavers","floor":24,"turns":7},{"damage":57,"enemies":"Book of Stabbing","floor":28,"turns":7},{"damage":3,"enemies":"Chosen and Byrds","floor":29,"turns":8},{"damage":3,"enemies":"Shelled Parasite and Fungi","floor":31,"turns":6},{"damage":6,"enemies":"Champ","floor":33,"turns":14},{"damage":34,"enemies":"3 Darklings","floor":35,"turns":8},{"damage":8,"enemies":"Orb Walker","floor":36,"turns":4},{"damage":35,"enemies":"Transient","floor":38,"turns":5},{"damage":45,"enemies":"2 Orb Walkers","floor":42,"turns":4}],"seed_played":"9079153660650373320","potions_obtained":[{"floor":4,"key":"Fire Potion"},{"floor":5,"key":"Dexterity Potion"},{"floor":10,"key":"FearPotion"},{"floor":12,"key":"SkillPotion"},{"floor":24,"key":"Explosive Potion"},{"floor":28,"key":"GamblersBrew"},{"floor":29,"key":"SteroidPotion"},{"floor":36,"key":"Weak Potion"},{"floor":38,"key":"Ancient Potion"}],"is_trial":false,"path_per_floor":["M","M","$","M","M","R","M","R","T","M","?","E","M","$","R","B",null,"M","$","M","?","M","R","E","R","T","$","E","M","R","M","R","B",null,"M","M","?","M","$","R","T"],"character_chosen":"THE_SILENT","items_purchased":["Noxious Fumes","LiquidBronze","Deadly Poison"],"campfire_rested":2,"item_purchase_floors":[3,14,19],"current_hp_per_floor":[70,70,70,70,60,60,58,58,68,68,68,40,32,32,32,12,80,80,80,78,78,78,78,37,37,37,37,33,30,56,53,53,47,87,53,45,45,10,10,34,34,0],"gold":185,"neow_bonus":"REMOVE_CARD","is_prod":false,"is_daily":false,"chose_seed":false,"campfire_upgraded":6,"win_rate":0,"timestamp":1539698992,"path_taken":["M","M","$","M","M","R","M","R","T","M","?","E","M","$","R","BOSS","M","$","M","?","M","R","E","R","T","$","E","?","R","M","R","BOSS","M","?","?","M","$","R","?","E"],"build_version":"2018-10-11","purchased_purges":3,"victory":false,"max_hp_per_floor":[70,70,70,70,70,70,70,70,80,80,80,80,80,80,80,80,80,80,80,80,80,80,80,80,80,80,80,87,87,87,87,87,87,87,87,87,83,83,83,83,83,83],"card_choices":[{"not_picked":["Sucker Punch","Slice","Blade Dance"],"picked":"SKIP","floor":1},{"not_picked":["Bane","Dagger Spray"],"picked":"Predator","floor":2},{"not_picked":["Backflip","Bane"],"picked":"Deadly Poison","floor":4},{"not_picked":["Dagger Spray","Prepared"],"picked":"Deflect","floor":5},{"not_picked":["Calculated Gamble","Glass Knife"],"picked":"Deadly Poison","floor":7},{"not_picked":["Poisoned Stab","Dagger Spray","Flying Knee"],"picked":"SKIP","floor":10},{"not_picked":["Choke","Predator","Footwork"],"picked":"SKIP","floor":12},{"not_picked":["Flying Knee","Predator","Eviscerate"],"picked":"SKIP","floor":13},{"not_picked":["Corpse Explosion","Bullet Time"],"picked":"Adrenaline","floor":16},{"not_picked":["Expertise+1","Acrobatics+1","Infinite Blades"],"picked":"SKIP","floor":18},{"not_picked":["Concentrate","Poisoned Stab","Bouncing Flask"],"picked":"SKIP","floor":20},{"not_picked":["All Out Attack","Flying Knee"],"picked":"PiercingWail","floor":22},{"not_picked":["Poisoned Stab+1","Dagger Throw","Crippling Poison"],"picked":"SKIP","floor":24},{"not_picked":["Doppelganger","Outmaneuver","Sucker Punch"],"picked":"SKIP","floor":28},{"not_picked":["Deadly Poison","Underhanded Strike"],"picked":"Footwork+1","floor":29},{"not_picked":["Dodge and Roll","Flying Knee","Deadly Poison"],"picked":"SKIP","floor":31},{"not_picked":["Dagger Spray","Cloak And Dagger+1"],"picked":"PiercingWail+1","floor":35},{"not_picked":["Outmaneuver","Flechettes"],"picked":"Bane+1","floor":36},{"not_picked":["Skewer","Accuracy"],"picked":"Backflip","floor":38}],"player_experience":422622,"relics_obtained":[{"floor":9,"key":"Pear"},{"floor":12,"key":"Paper Crane"},{"floor":24,"key":"Oddly Smooth Stone"},{"floor":26,"key":"Mercury Hourglass"},{"floor":28,"key":"Strawberry"},{"floor":41,"key":"Art of War"}],"event_choices":[{"event_name":"Golden Shrine","player_choice":"Pray","floor":11,"damage_taken":0},{"event_name":"Beggar","player_choice":"Gave Gold","floor":21,"damage_taken":0},{"event_name":"Winding Halls","player_choice":"Max HP","floor":37,"damage_taken":0}],"is_beta":false,"boss_relics":[{"not_picked":["Philosopher\u0027s Stone","Orrery"],"picked":"Lizard Tail"},{"not_picked":["Busted Crown","Eternal Feather","Runic Pyramid"]}],"items_purged_floors":[14,19,39],"is_endless":false,"potions_floor_spawned":[4,5,10,12,24,28,29,36,38],"killed_by":"2 Orb Walkers","ascension_level":4}