{"gold_per_floor":[118,68,68,88,102,102,116,147,216,106,106,120,120,120,120,223,223,233,251,151,170,170,170],"floor_reached":23,"playtime":2398,"items_purged":["Strike_R","Bash"],"score":277,"play_id":"3c223e5b-4e9c-4663-9b74-bb73e1de01a4","local_time":"20190802001638","is_ascension_mode":true,"campfire_choices":[{"data":"Brutality","floor":6,"key":"SMITH"},{"floor":13,"key":"REST"},{"data":"Hemokinesis","floor":15,"key":"SMITH"}],"neow_cost":"NONE","seed_source_timestamp":785551146940700,"circlet_count":0,"master_deck":["Strike_R","Strike_R","Strike_R","Defend_R","Defend_R","Defend_R","Brutality+1","Ghostly Armor","Hemokinesis+1","Battle Trance","Immolate","Feed","Rupture","Ghostly Armor"],"relics":["Burning Blood","Incense Burner","Bottled Lightning","Black Star"],"potions_floor_usage":[18,21,23,23],"damage_taken":[{"damage":8,"enemies":"2 Louse","floor":1,"turns":3},{"damage":8,"enemies":"Cultist","floor":4,"turns":4},{"damage":6,"enemies":"Small Slimes","floor":5,"turns":7},{"damage":10,"enemies":"Looter","floor":7,"turns":3},{"damage":45,"enemies":"Lagavulin","floor":8,"turns":6},{"damage":12,"enemies":"Red Slaver","floor":12,"turns":3},{"damage":8,"enemies":"Slime Boss","floor":16,"turns":5},{"damage":20,"enemies":"2 Thieves","floor":18,"turns":4},{"damage":37,"enemies":"Shell Parasite","floor":19,"turns":8},{"damage":29,"enemies":"Centurion and Healer","floor":21,"turns":7},{"damage":10,"enemies":"Slavers","floor":23,"turns":2}],"seed_played":"-6693214637455020649","potions_obtained":[{"floor":1,"key":"Dexterity Potion"},{"floor":5,"key":"Fire Potion"},{"floor":7,"key":"Weak Potion"},{"floor":19,"key":"SpeedPotion"}],"is_trial":false,"path_per_floor":["M","?","?","M","M","R","M","E","T","$","?","M","R","?","R","B",null,"M","M","$","M","?","E"],"character_chosen":"IRONCLAD","items_purchased":["Battle Trance"],"campfire_rested":1,"item_purchase_floors":[10],"current_hp_per_floor":[78,78,78,76,76,76,72,33,33,33,33,27,51,51,51,49,80,69,41,41,21,21,11],"gold":170,"neow_bonus":"ONE_RANDOM_RARE_CARD","is_prod":false,"is_daily":false,"chose_seed":false,"campfire_upgraded":2,"win_rate":0,"timestamp":1564676198,"path_taken":["M","?","?","M","M","R","?","E","T","$","?","M","R","?","R","BOSS","M","?","$","M","?","E"],"build_version":"2019-07-17","purchased_purges":2,"victory":false,"max_hp_per_floor":[80,80,80,80,80,80,80,80,80,80,80,80,80,80,80,80,80,83,86,86,89,89,89],"card_choices":[{"not_picked":["Headbutt","Shrug It Off","Blood for Blood"],"picked":"SKIP","floor":1},{"not_picked":["Blood for Blood","Battle Trance"],"picked":"Ghostly Armor","floor":4},{"not_picked":["Anger","Blood for Blood"],"picked":"Hemokinesis","floor":5},{"not_picked":["Cleave","Infernal Blade","Armaments"],"picked":"SKIP","floor":7},{"not_picked":["Evolve","Second Wind","Entrench"],"picked":"SKIP","floor":8},{"not_picked":["Thunderclap","Sentinel"],"picked":"Immolate","floor":12},{"not_picked":["Reaper","Brutality"],"picked":"Feed","floor":16},{"not_picked":["Iron Wave","Rampage"],"picked":"Rupture","floor":18},{"not_picked":["Armaments","Body Slam","Wild Strike"],"picked":"SKIP","floor":19},{"not_picked":["Flex","Spot Weakness","Bludgeon"],"picked":"SKIP","floor":21}],"player_experience":712035,"relics_obtained":[{"floor":8,"key":"Incense Burner"},{"floor":9,"key":"Bottled Lightning"}],"event_choices":[{"cards_removed":["Strike_R"],"damage_healed":0,"gold_gain":0,"player_choice":"Card Removal","damage_taken":0,"max_hp_gain":0,"max_hp_loss":0,"event_name":"The Cleric","floor":2,"gold_loss":50},{"damage_healed":0,"gold_gain":0,"player_choice":"Bought 0 Potions","damage_taken":0,"max_hp_gain":0,"max_hp_loss":0,"event_name":"The Woman in Blue","floor":3,"gold_loss":0},{"cards_removed":["Defend_R"],"damage_healed":0,"gold_gain":0,"player_choice":"Forget","damage_taken":0,"max_hp_gain":0,"max_hp_loss":0,"event_name":"Living Wall","floor":11,"gold_loss":0},{"damage_healed":0,"gold_gain":0,"player_choice":"1 cards matched","damage_taken":0,"max_hp_gain":0,"max_hp_loss":0,"event_name":"Match and Keep!","floor":14,"gold_loss":0,"cards_obtained":["Bash"]},{"damage_healed":0,"gold_gain":0,"cards_transformed":["Bash"],"player_choice":"Transformed","damage_taken":0,"max_hp_gain":0,"max_hp_loss":0,"event_name":"Transmorgrifier","floor":22,"gold_loss":0,"cards_obtained":["Ghostly Armor"]}],"is_beta":false,"boss_relics":[{"not_picked":["Eternal Feather","Orrery"],"picked":"Black Star"}],"items_purged_floors":[10,20],"is_endless":false,"potions_floor_spawned":[1,5,7,8,19],"killed_by":"Slavers","ascension_level":3}