{"gold_per_floor":[110,110,121,133,146,146,177,10,36,48],"floor_reached":10,"playtime":378,"items_purged":["Pain"],"score":85,"play_id":"4c696ae9-c529-44d2-8ad8-956027739496","local_time":"20190126211310","is_ascension_mode":true,"campfire_choices":[{"floor":6,"key":"REST"}],"neow_cost":"NONE","seed_source_timestamp":4498004443169720,"circlet_count":0,"master_deck":["Strike_B","Strike_B","Strike_B","Strike_B","Defend_B","Defend_B","Defend_B","Defend_B","Zap","Dualcast","Pain","Shame","Conserve Battery","Ball Lightning","FTL","FTL","Redo","Flash of Steel"],"relics":["Calling Bell","Anchor","Pear","Calipers","Bag of Marbles","DataDisk","MawBank"],"potions_floor_usage":[10,10],"damage_taken":[{"damage":8,"enemies":"Jaw Worm","floor":1,"turns":3},{"damage":17,"enemies":"2 Louse","floor":3,"turns":4},{"damage":5,"enemies":"Cultist","floor":4,"turns":3},{"damage":21,"enemies":"Red Slaver","floor":5,"turns":5},{"damage":47,"enemies":"Gremlin Nob","floor":7,"turns":5},{"damage":13,"enemies":"3 Sentries","floor":10,"turns":4}],"seed_played":"4754472326501946868","potions_obtained":[{"floor":1,"key":"SkillPotion"},{"floor":4,"key":"Block Potion"}],"is_trial":false,"path_per_floor":["M","?","M","M","M","R","E","$","T","?"],"character_chosen":"DEFECT","items_purchased":["Flash of Steel"],"campfire_rested":1,"item_purchase_floors":[8],"current_hp_per_floor":[77,70,53,48,27,52,5,5,5,0],"gold":48,"neow_bonus":"BOSS_RELIC","is_prod":false,"is_daily":false,"chose_seed":false,"campfire_upgraded":0,"win_rate":0,"timestamp":1548555190,"path_taken":["M","?","M","M","M","R","E","$","T","?"],"build_version":"2019-01-23","purchased_purges":1,"victory":false,"max_hp_per_floor":[85,85,85,85,85,85,85,85,85,85],"card_choices":[{"not_picked":["Rebound","Compile Driver"],"picked":"Conserve Battery","floor":1},{"not_picked":["Streamline","Turbo"],"picked":"Ball Lightning","floor":3},{"not_picked":["Hologram","BootSequence"],"picked":"FTL","floor":4},{"not_picked":["Compile Driver","Seek"],"picked":"FTL","floor":5},{"not_picked":["Hologram","Beam Cell"],"picked":"Redo","floor":7}],"player_experience":340214,"relics_obtained":[{"floor":0,"key":"Anchor"},{"floor":0,"key":"Pear"},{"floor":0,"key":"Calipers"},{"floor":7,"key":"DataDisk"},{"floor":9,"key":"MawBank"}],"event_choices":[{"damage_healed":0,"gold_gain":0,"player_choice":"Success","damage_taken":7,"relics_obtained":["Bag of Marbles"],"max_hp_gain":0,"max_hp_loss":0,"event_name":"Scrap Ooze","floor":2,"gold_loss":0},{"damage_healed":0,"gold_gain":0,"player_choice":"Searched \u00271\u0027 times","damage_taken":0,"max_hp_gain":0,"max_hp_loss":0,"event_name":"Dead Adventurer","floor":10,"gold_loss":0}],"is_beta":false,"boss_relics":[],"items_purged_floors":[8],"is_endless":false,"potions_floor_spawned":[1,4],"killed_by":"3 Sentries","ascension_level":5}