{"gold_per_floor":[116,116,126,144,72,72,86,105,179,194,209,239,239,249,249,348,348,366,21,38,49,66,99,49,49,49,65,65,65,65,77,77,182,182,194,204,60,77,77,77,77],"floor_reached":41,"playtime":1824,"items_purged":[],"score":608,"play_id":"c40b5aff-82ae-400e-a0d3-3e92e566bafb","local_time":"20190128144357","is_ascension_mode":true,"campfire_choices":[{"floor":6,"key":"RECALL"},{"floor":15,"key":"REST"},{"floor":25,"key":"REST"},{"floor":30,"key":"DIG"},{"floor":32,"key":"REST"},{"floor":40,"key":"REST"}],"neow_cost":"NONE","seed_source_timestamp":4646010733785810,"circlet_count":0,"master_deck":["Strike_R","Strike_R","Strike_R","Strike_R","Strike_R","Defend_R+1","Defend_R+1","Defend_R","Defend_R","Bash+1","Pommel Strike","Fire Breathing","Rage","Pommel Strike","Perfected Strike+1","Barricade","Twin Strike+1","Twin Strike","Intimidate","Reaper","Seeing Red","Fire Breathing+1","Perfected Strike+1"],"relics":["Fusion Hammer","Kunai","Gambling Chip","War Paint","Sozu","Lee\u0027s Waffle","Orichalcum","Juzu Bracelet","Shovel","Paper Frog","Ancient Tea Set","Lizard Tail","Whetstone"],"potions_floor_usage":[36,38,38],"damage_taken":[{"damage":7,"enemies":"Jaw Worm","floor":1,"turns":3},{"damage":0,"enemies":"Cultist","floor":3,"turns":3},{"damage":2,"enemies":"Small Slimes","floor":4,"turns":4},{"damage":5,"enemies":"3 Louse","floor":7,"turns":4},{"damage":0,"enemies":"Exordium Wildlife","floor":8,"turns":4},{"damage":0,"enemies":"2 Fungi Beasts","floor":10,"turns":4},{"damage":4,"enemies":"Blue Slaver","floor":11,"turns":2},{"damage":12,"enemies":"3 Sentries","floor":12,"turns":7},{"damage":2,"enemies":"Large Slime","floor":14,"turns":5},{"damage":33,"enemies":"The Guardian","floor":16,"turns":9},{"damage":14,"enemies":"Shell Parasite","floor":18,"turns":3},{"damage":6,"enemies":"Chosen","floor":20,"turns":3},{"damage":18,"enemies":"Shelled Parasite and Fungi","floor":21,"turns":5},{"damage":4,"enemies":"3 Cultists","floor":22,"turns":5},{"damage":27,"enemies":"Slavers","floor":23,"turns":6},{"damage":0,"enemies":"Sentry and Sphere","floor":27,"turns":4},{"damage":18,"enemies":"Snecko","floor":31,"turns":5},{"damage":47,"enemies":"Automaton","floor":33,"turns":13},{"damage":67,"enemies":"3 Darklings","floor":35,"turns":10},{"damage":5,"enemies":"Orb Walker","floor":36,"turns":3},{"damage":23,"enemies":"Spire Growth","floor":38,"turns":4},{"damage":74,"enemies":"Giant Head","floor":41,"turns":6}],"seed_played":"2023843393749119704","potions_obtained":[{"floor":7,"key":"FearPotion"},{"floor":8,"key":"LiquidBronze"},{"floor":10,"key":"Poison Potion"}],"is_trial":false,"path_per_floor":["M","?","M","M","$","R","M","M","T","M","M","E","?","M","R","B",null,"M","$","M","M","M","E","$","R","T","M","?","?","R","M","R","B",null,"M","M","$","M","?","R","E"],"character_chosen":"IRONCLAD","items_purchased":["Fire Breathing","Lee\u0027s Waffle","Orichalcum","Twin Strike","Whetstone"],"campfire_rested":4,"item_purchase_floors":[5,19,19,24,37],"current_hp_per_floor":[65,65,65,63,63,63,58,58,58,58,54,42,35,33,57,24,66,52,87,81,63,59,32,32,58,58,58,58,41,41,23,50,3,70,11,6,6,35,35,62,0],"gold":77,"neow_bonus":"BOSS_RELIC","is_prod":false,"is_daily":false,"chose_seed":false,"campfire_upgraded":0,"win_rate":0,"timestamp":1548704637,"path_taken":["M","?","M","M","$","R","M","?","T","M","M","E","?","M","R","BOSS","M","$","M","M","M","E","$","R","T","M","?","?","R","M","R","BOSS","M","M","$","M","?","R","E"],"build_version":"2019-01-23","purchased_purges":0,"victory":false,"max_hp_per_floor":[80,80,80,80,80,80,80,80,80,80,80,80,80,80,80,80,80,80,87,87,87,87,87,87,87,87,87,87,92,92,92,92,92,92,92,92,92,92,92,92,92],"card_choices":[{"not_picked":["Anger","Headbutt","Infernal Blade"],"picked":"SKIP","floor":1},{"not_picked":["Bloodletting","True Grit","Searing Blow"],"picked":"SKIP","floor":3},{"not_picked":["Clash","Infernal Blade"],"picked":"Pommel Strike","floor":4},{"not_picked":["Havoc","Anger"],"picked":"Rage","floor":7},{"not_picked":["True Grit","Cleave","Anger"],"picked":"SKIP","floor":8},{"not_picked":["Heavy Blade","Wild Strike","Infernal Blade"],"picked":"SKIP","floor":10},{"not_picked":["Brutality","Corruption"],"picked":"Pommel Strike","floor":11},{"not_picked":["Headbutt","Anger","Warcry"],"picked":"SKIP","floor":12},{"not_picked":["Flex","Clash"],"picked":"Perfected Strike","floor":14},{"not_picked":["Brutality","Fiend Fire"],"picked":"Barricade","floor":16},{"not_picked":["Body Slam","Second Wind","Anger+1"],"picked":"SKIP","floor":18},{"not_picked":["Clash","Sever Soul+1","Anger+1"],"picked":"SKIP","floor":20},{"not_picked":["Armaments","Blood for Blood","Sentinel"],"picked":"SKIP","floor":21},{"not_picked":["Carnage","Power Through","Iron Wave"],"picked":"SKIP","floor":22},{"not_picked":["Headbutt","Fiend Fire","Wild Strike+1"],"picked":"SKIP","floor":23},{"not_picked":["Anger","Sword Boomerang+1"],"picked":"Twin Strike","floor":27},{"not_picked":["Dropkick","Cleave"],"picked":"Intimidate","floor":31},{"not_picked":["Brutality","Limit Break"],"picked":"Reaper","floor":33},{"not_picked":["Iron Wave+1","Thunderclap+1"],"picked":"Seeing Red","floor":35},{"not_picked":["Headbutt+1","Cleave+1"],"picked":"Fire Breathing+1","floor":36},{"not_picked":["Whirlwind","Warcry"],"picked":"Perfected Strike+1","floor":38}],"player_experience":365202,"relics_obtained":[{"floor":9,"key":"Kunai"},{"floor":12,"key":"Gambling Chip"},{"floor":23,"key":"Juzu Bracelet"},{"floor":26,"key":"Shovel"},{"floor":30,"key":"Ancient Tea Set"}],"event_choices":[{"damage_healed":0,"gold_gain":0,"player_choice":"Forge","damage_taken":0,"max_hp_gain":0,"max_hp_loss":0,"event_name":"Accursed Blacksmith","floor":2,"gold_loss":0,"cards_upgraded":["Bash"]},{"damage_healed":0,"gold_gain":0,"player_choice":"Success","damage_taken":7,"relics_obtained":["War Paint"],"max_hp_gain":0,"max_hp_loss":0,"event_name":"Scrap Ooze","floor":13,"gold_loss":0},{"damage_healed":0,"gold_gain":0,"player_choice":"Opened","damage_taken":0,"relics_obtained":["Paper Frog"],"max_hp_gain":0,"max_hp_loss":0,"event_name":"The Mausoleum","floor":28,"gold_loss":0},{"damage_healed":0,"gold_gain":0,"player_choice":"Shed Blood","damage_taken":22,"max_hp_gain":5,"max_hp_loss":0,"event_name":"Forgotten Altar","floor":29,"gold_loss":0},{"damage_healed":0,"gold_gain":0,"player_choice":"Ignored","damage_taken":0,"max_hp_gain":0,"max_hp_loss":0,"event_name":"Mysterious Sphere","floor":39,"gold_loss":0}],"is_beta":false,"boss_relics":[{"not_picked":["Philosopher\u0027s Stone","Velvet Choker"],"picked":"Sozu"},{"not_picked":["Runic Cube","Pandora\u0027s Box"],"picked":"Lizard Tail"}],"items_purged_floors":[],"is_endless":false,"potions_floor_spawned":[7,8,10,12,14,16,27,33,36,38],"killed_by":"Giant Head","ascension_level":9}