{"gold_per_floor":[112,112,62,79,134,145,155,166,190,223,223,92,92,106,106,208,208,222,235,70,70,20,20,20],"floor_reached":24,"playtime":1762,"items_purged":[],"score":206,"play_id":"4021eeb5-80d5-4aa5-a0ab-ecedd414d253","local_time":"20190724153442","is_ascension_mode":true,"campfire_choices":[{"floor":11.0,"key":"REST"},{"floor":15.0,"key":"REST"},{"floor":23,"key":"REST"}],"neow_cost":"NONE","seed_source_timestamp":0,"circlet_count":0,"master_deck":["Strike_R","Strike_R","Strike_R","Strike_R","Strike_R","Defend_R","Defend_R","Defend_R","Defend_R","Bash","Blood for Blood","Pommel Strike","Armaments","Rupture","Pommel Strike","Inflame","Berserk","Fire Breathing","Twin Strike","Rupture","Juggernaut","Rage","Flex","Pommel Strike","Armaments","Burning Pact","Twin Strike","Berserk","Magnetism","Shrug It Off"],"special_seed":0,"relics":["Burning Blood","Bag of Marbles","Pen Nib","Orichalcum","Orrery"],"potions_floor_usage":[],"damage_taken":[{"damage":0.0,"enemies":"2 Louse","floor":1.0,"turns":4.0},{"damage":1.0,"enemies":"Jaw Worm","floor":4.0,"turns":4.0},{"damage":0.0,"enemies":"Small Slimes","floor":6.0,"turns":3.0},{"damage":17.0,"enemies":"Exordium Thugs","floor":7.0,"turns":7.0},{"damage":11.0,"enemies":"2 Fungi Beasts","floor":8.0,"turns":3.0},{"damage":30.0,"enemies":"3 Sentries","floor":10.0,"turns":7.0},{"damage":20.0,"enemies":"Exordium Wildlife","floor":14.0,"turns":4.0},{"damage":33,"enemies":"The Guardian","floor":16,"turns":9},{"damage":41,"enemies":"Shell Parasite","floor":18,"turns":6},{"damage":47,"enemies":"2 Thieves","floor":19,"turns":4},{"damage":41,"enemies":"Book of Stabbing","floor":24,"turns":3}],"seed_played":"9194521501680027927","potions_obtained":[{"floor":1.0,"key":"Weak Potion"},{"floor":6.0,"key":"Block Potion"},{"floor":8.0,"key":"Strength Potion"}],"is_trial":false,"path_per_floor":["M","?","$","M","?","M","M","M","T","E","R","$","?","M","R","B",null,"M","M","$","?","$","R","E"],"character_chosen":"IRONCLAD","items_purchased":["Pommel Strike","Fire Breathing","Twin Strike","Magnetism","Shrug It Off"],"campfire_rested":3,"item_purchase_floors":[3,12,12,20,22],"current_hp_per_floor":[88,55,55,60,60,66,55,50,50,26,52,52,52,38,64,37,88,53,12,12,12,12,38,0],"gold":20,"neow_bonus":"TEN_PERCENT_HP_BONUS","is_prod":false,"is_daily":false,"chose_seed":false,"campfire_upgraded":0,"win_rate":0,"timestamp":1563975282,"path_taken":["M","?","$","M","?","M","M","?","T","E","R","$","?","M","R","BOSS","M","M","$","?","?","R","E"],"build_version":"2019-07-17","purchased_purges":0,"victory":false,"max_hp_per_floor":[88,88,88,88,88,88,88,88,88,88,88,88,88,88,88,88,88,88,88,88,88,88,88,88],"card_choices":[{"not_picked":["Entrench","Iron Wave"],"picked":"Blood for Blood","floor":1.0},{"not_picked":["Feel No Pain","Clash"],"picked":"Armaments","floor":4.0},{"not_picked":["Pummel","Clash"],"picked":"Rupture","floor":6.0},{"not_picked":["Heavy Blade","Perfected Strike"],"picked":"Pommel Strike","floor":7.0},{"not_picked":["Shrug It Off","Flame Barrier"],"picked":"Inflame","floor":8.0},{"not_picked":["Havoc","Second Wind"],"picked":"Berserk","floor":10.0},{"not_picked":["Pummel","Shockwave"],"picked":"Rupture","floor":14.0},{"not_picked":["Limit Break","Exhume"],"picked":"Juggernaut","floor":16},{"not_picked":["Shockwave","Twin Strike"],"picked":"Rage","floor":17},{"not_picked":["Clothesline","Carnage"],"picked":"Flex","floor":17},{"not_picked":["Clothesline","Entrench"],"picked":"Pommel Strike","floor":17},{"not_picked":["Warcry","Disarm"],"picked":"Armaments","floor":17},{"not_picked":["True Grit","Second Wind"],"picked":"Burning Pact","floor":17},{"not_picked":["True Grit","Warcry+1"],"picked":"Twin Strike","floor":18},{"not_picked":["Perfected Strike+1","Blood for Blood"],"picked":"Berserk","floor":19}],"player_experience":197533,"relics_obtained":[{"floor":9.0,"key":"Pen Nib"},{"floor":10.0,"key":"Orichalcum"}],"event_choices":[{"damage_healed":0.0,"max_hp_gain":0.0,"max_hp_loss":0.0,"gold_gain":0.0,"event_name":"Scrap Ooze","player_choice":"Success","floor":2.0,"gold_loss":0.0,"damage_taken":33.0,"relics_obtained":["Bag of Marbles"]},{"damage_healed":0.0,"max_hp_gain":0.0,"max_hp_loss":0.0,"gold_gain":55.0,"event_name":"Golden Wing","player_choice":"Gained Gold","floor":5.0,"gold_loss":0.0,"damage_taken":0.0},{"damage_healed":0.0,"max_hp_gain":0.0,"max_hp_loss":0.0,"gold_gain":0.0,"event_name":"The Cleric","player_choice":"Leave","floor":13.0,"gold_loss":0.0,"damage_taken":0.0},{"damage_healed":0,"gold_gain":0,"player_choice":"Bought 0 Potions","damage_taken":0,"max_hp_gain":0,"max_hp_loss":0,"event_name":"The Woman in Blue","floor":21,"gold_loss":0}],"is_beta":false,"boss_relics":[{"not_picked":["Fusion Hammer","Runic Pyramid"],"picked":"Orrery"}],"items_purged_floors":[],"is_endless":false,"potions_floor_spawned":[1,6,8,16,18],"killed_by":"Book of Stabbing","ascension_level":1}