{"gold_per_floor":[112,37,56,56,70,70,84,84,84,111,111,111,11,29,29,126,126,113,130,76,89,14,14,14,14,14,32,49,83,97,111,111,212,212,232,246,256,56,73,73,73,73,119,131,143,158,169,184,184,184],"floor_reached":50,"playtime":4735,"items_purged":["Pain","Strike_B"],"score":621,"play_id":"505e960d-0f96-4274-9abb-fb73eee84ca8","local_time":"20190115214900","is_ascension_mode":true,"campfire_choices":[{"data":"Dualcast","floor":6.0,"key":"SMITH"},{"data":"Chill","floor":8.0,"key":"SMITH"},{"data":"Scrape","floor":11.0,"key":"SMITH"},{"data":"Redo","floor":15.0,"key":"SMITH"},{"data":"Redo","floor":23.0,"key":"SMITH"},{"data":"Glacier","floor":25.0,"key":"SMITH"},{"floor":32.0,"key":"REST"},{"floor":40.0,"key":"REST"},{"floor":42.0,"key":"REST"},{"floor":49,"key":"REST"}],"neow_cost":"CURSE","seed_source_timestamp":0,"circlet_count":0,"master_deck":["Strike_B","Defend_B","Zap+1","Dualcast+1","Buffer+1","Steam","Gash","Scrape+1","Chill+1","Glacier+1","Reprogram","Redo+1","Redo+1","Gash","Conserve Battery","FTL","Conserve Battery","Go for the Eyes","Capacitor+1","Glacier","Fission+1","Gash","Scrape+1","Gash+1","Gash+1","Gash","Capacitor+1"],"special_seed":0,"relics":["Cracked Core","Pocketwatch","Prayer Wheel","Nloth\u0027s Gift","Cables","Centennial Puzzle","Sozu","DollysMirror","Regal Pillow"],"potions_floor_usage":[],"damage_taken":[{"damage":4.0,"enemies":"Cultist","floor":1.0,"turns":4.0},{"damage":8.0,"enemies":"2 Louse","floor":3.0,"turns":3.0},{"damage":7.0,"enemies":"Jaw Worm","floor":5.0,"turns":3.0},{"damage":0.0,"enemies":"2 Fungi Beasts","floor":7.0,"turns":3.0},{"damage":0.0,"enemies":"Gremlin Nob","floor":10.0,"turns":4.0},{"damage":0.0,"enemies":"Lots of Slimes","floor":14.0,"turns":4.0},{"damage":38.0,"enemies":"Hexaghost","floor":16.0,"turns":13.0},{"damage":1.0,"enemies":"2 Thieves","floor":18.0,"turns":4.0},{"damage":0.0,"enemies":"Spheric Guardian","floor":19.0,"turns":4.0},{"damage":11.0,"enemies":"Snake Plant","floor":21.0,"turns":4.0},{"damage":4.0,"enemies":"3 Cultists","floor":27.0,"turns":6.0},{"damage":0.0,"enemies":"Cultist and Chosen","floor":28.0,"turns":7.0},{"damage":22.0,"enemies":"Gremlin Leader","floor":29.0,"turns":7.0},{"damage":1.0,"enemies":"Snecko","floor":30.0,"turns":7.0},{"damage":13.0,"enemies":"Snake Plant","floor":31.0,"turns":3.0},{"damage":51.0,"enemies":"Collector","floor":33.0,"turns":11.0},{"damage":2.0,"enemies":"Orb Walker","floor":35.0,"turns":4.0},{"damage":0.0,"enemies":"3 Shapes","floor":36.0,"turns":7.0},{"damage":45.0,"enemies":"Jaw Worm Horde","floor":37.0,"turns":7.0},{"damage":31.0,"enemies":"Sphere and 2 Shapes","floor":39.0,"turns":7.0},{"damage":0.0,"enemies":"4 Shapes","floor":44.0,"turns":8.0},{"damage":1.0,"enemies":"3 Darklings","floor":45.0,"turns":5.0},{"damage":9,"enemies":"Sphere and 2 Shapes","floor":46,"turns":7},{"damage":0,"enemies":"Writhing Mass","floor":47,"turns":7},{"damage":4,"enemies":"Maw","floor":48,"turns":6},{"damage":80,"enemies":"Time Eater","floor":50,"turns":4}],"seed_played":"-4376565315654762420","potions_obtained":[{"floor":14.0,"key":"Ancient Potion"},{"floor":16.0,"key":"LiquidBronze"},{"floor":18.0,"key":"LiquidBronze"},{"floor":28.0,"key":"Ancient Potion"},{"floor":29.0,"key":"GamblersBrew"},{"floor":31.0,"key":"Explosive Potion"}],"is_trial":false,"path_per_floor":["M","$","M","?","M","R","M","R","T","E","R","?","$","M","R","B",null,"M","M","$","M","?","R","?","R","T","M","M","E","M","M","R","B",null,"M","M","M","$","M","R","?","R","T","M","M","M","M","M","R","B"],"character_chosen":"DEFECT","items_purchased":["Gash","DollysMirror"],"campfire_rested":4,"item_purchase_floors":[20,38],"current_hp_per_floor":[71,71,63,48,41,41,41,41,41,41,41,46,46,46,46,8,80,79,79,79,68,68,68,68,68,68,64,64,42,41,28,52,1,80,78,78,33,33,2,26,26,50,50,50,49,40,40,36,75,0],"gold":184,"neow_bonus":"TRANSFORM_TWO_CARDS","is_prod":false,"is_daily":false,"chose_seed":false,"campfire_upgraded":6,"win_rate":0,"timestamp":1547606940,"path_taken":["M","$","M","?","M","R","M","R","T","E","R","?","$","M","R","BOSS","M","M","$","M","?","R","?","R","T","M","M","E","M","M","R","BOSS","M","?","M","$","M","R","?","R","T","M","?","M","M","M","R","BOSS"],"build_version":"2019-01-10","purchased_purges":2,"victory":false,"max_hp_per_floor":[75,75,75,75,75,75,75,75,75,75,75,80,80,80,80,80,80,80,80,80,80,80,80,80,80,80,80,80,80,80,80,80,80,80,80,80,80,80,80,80,80,80,80,80,80,80,80,80,80,80],"card_choices":[{"not_picked":["Turbo","Beam Cell"],"picked":"Gash","floor":1.0},{"not_picked":["Streamline","Leap"],"picked":"Scrape","floor":3.0},{"not_picked":["Barrage","Streamline","Sunder"],"picked":"SKIP","floor":5.0},{"not_picked":["Go for the Eyes","Streamline"],"picked":"Chill","floor":7.0},{"not_picked":["Rebound","Chaos"],"picked":"Glacier","floor":10.0},{"not_picked":["Redo","Stack"],"picked":"Reprogram","floor":14.0},{"not_picked":["Chill","Streamline"],"picked":"Redo","floor":14.0},{"not_picked":["Sweeping Beam","Rebound+1","Heatsinks+1"],"picked":"SKIP","floor":18.0},{"not_picked":["Leap","Turbo","Undo"],"picked":"SKIP","floor":18.0},{"not_picked":["Stack","Coolheaded"],"picked":"Redo","floor":19.0},{"not_picked":["Turbo","Steam","Sweeping Beam"],"picked":"SKIP","floor":19.0},{"not_picked":["Cold Snap","Streamline","Skim"],"picked":"SKIP","floor":21.0},{"not_picked":["Redo","BootSequence","Rip and Tear"],"picked":"SKIP","floor":21.0},{"not_picked":["Rebound","Sunder"],"picked":"Conserve Battery","floor":27.0},{"not_picked":["Rainbow","BootSequence","Steam"],"picked":"SKIP","floor":27.0},{"not_picked":["Streamline","Darkness"],"picked":"FTL","floor":28.0},{"not_picked":["Streamline+1","Ball Lightning","Lockon+1"],"picked":"SKIP","floor":28.0},{"not_picked":["Steam+1","Biased Cognition"],"picked":"Conserve Battery","floor":29.0},{"not_picked":["Consume","Redo"],"picked":"Go for the Eyes","floor":30.0},{"not_picked":["Compile Driver","Multi-Cast","Recycle+1"],"picked":"SKIP","floor":30.0},{"not_picked":["Storm+1","Steam Power"],"picked":"Capacitor+1","floor":31.0},{"not_picked":["Beam Cell+1","Conserve Battery"],"picked":"Glacier","floor":31.0},{"not_picked":["Amplify","Core Surge"],"picked":"Fission","floor":33.0},{"not_picked":["Cold Snap+1","Sweeping Beam"],"picked":"Gash","floor":35.0},{"not_picked":["Streamline","Go for the Eyes","Static Discharge+1"],"picked":"SKIP","floor":35.0},{"not_picked":["FTL","Melter","Redo+1"],"picked":"SKIP","floor":36.0},{"not_picked":["Melter","Ball Lightning","Coolheaded"],"picked":"SKIP","floor":36.0},{"not_picked":["Consume","Barrage+1","Rebound"],"picked":"SKIP","floor":37.0},{"not_picked":["Ball Lightning","Redo+1","Force Field"],"picked":"SKIP","floor":37.0},{"not_picked":["Leap+1","Genetic Algorithm","Self Repair"],"picked":"SKIP","floor":39.0},{"not_picked":["Creative AI","Ball Lightning","Streamline+1"],"picked":"SKIP","floor":39.0},{"not_picked":["Cold Snap","Leap"],"picked":"Gash+1","floor":44.0},{"not_picked":["Streamline+1","Blizzard+1","Compile Driver"],"picked":"SKIP","floor":44.0},{"not_picked":["Coolheaded","Steam+1","Ball Lightning"],"picked":"SKIP","floor":45.0},{"not_picked":["Steam","Rip and Tear+1","Genetic Algorithm"],"picked":"SKIP","floor":45.0},{"not_picked":["Beam Cell+1","Turbo+1"],"picked":"Gash+1","floor":46},{"not_picked":["Barrage","Auto Shields+1","Rebound"],"picked":"SKIP","floor":46},{"not_picked":["Scrape","Heatsinks+1"],"picked":"Gash","floor":47},{"not_picked":["Barrage","Recycle+1","Heatsinks+1"],"picked":"SKIP","floor":47},{"not_picked":["Go for the Eyes+1","Steam+1"],"picked":"Capacitor+1","floor":48},{"not_picked":["Echo Form","Ball Lightning+1","BootSequence"],"picked":"SKIP","floor":48}],"player_experience":226137,"relics_obtained":[{"floor":9.0,"key":"Pocketwatch"},{"floor":10.0,"key":"Prayer Wheel"},{"floor":26.0,"key":"Cables"},{"floor":29.0,"key":"Centennial Puzzle"},{"floor":43.0,"key":"Regal Pillow"}],"event_choices":[{"damage_healed":0.0,"max_hp_gain":0.0,"max_hp_loss":0.0,"gold_gain":0.0,"event_name":"Shining Light","player_choice":"Entered Light","floor":4.0,"gold_loss":0.0,"damage_taken":15.0,"cards_upgraded":["Zap","Buffer"]},{"damage_healed":0.0,"max_hp_gain":5.0,"max_hp_loss":0.0,"gold_gain":0.0,"event_name":"Big Fish","player_choice":"Donut","floor":12.0,"gold_loss":0.0,"damage_taken":0.0},{"cards_removed":["Defend_B"],"damage_healed":0.0,"max_hp_gain":0.0,"max_hp_loss":0.0,"gold_gain":0.0,"event_name":"Beggar","player_choice":"Gave Gold","floor":22.0,"gold_loss":75.0,"damage_taken":0.0},{"damage_healed":0.0,"max_hp_gain":0.0,"max_hp_loss":0.0,"gold_gain":0.0,"event_name":"N\u0027loth","player_choice":"Traded Relic","floor":24.0,"relics_lost":["Empty Cage"],"gold_loss":0.0,"damage_taken":0.0,"relics_obtained":["Nloth\u0027s Gift"]},{"damage_healed":0.0,"max_hp_gain":0.0,"max_hp_loss":0.0,"gold_gain":0.0,"event_name":"Accursed Blacksmith","player_choice":"Forge","floor":41.0,"gold_loss":0.0,"damage_taken":0.0,"cards_upgraded":["Fission"]}],"is_beta":false,"boss_relics":[{"not_picked":["Coffee Dripper","Orrery"],"picked":"Empty Cage"},{"not_picked":["Busted Crown","White Beast Statue"],"picked":"Sozu"}],"items_purged_floors":[2,13],"is_endless":false,"potions_floor_spawned":[14,16,18,28,29,31,35,36,44,45],"killed_by":"Time Eater","ascension_level":4}