{"gold_per_floor":[119,119,119,135,155,155,171,171,171,241,1,1,16,32,32,32],"floor_reached":16,"playtime":2396,"items_purged":[],"score":124,"play_id":"7569630b-69b0-432a-b251-f860baebd0ed","local_time":"20190820173108","is_ascension_mode":true,"campfire_choices":[{"floor":6.0,"key":"REST"},{"data":"Conserve Battery","floor":8.0,"key":"SMITH"},{"floor":12.0,"key":"REST"},{"floor":15.0,"key":"REST"}],"neow_cost":"NONE","seed_source_timestamp":111694607345489,"circlet_count":0,"master_deck":["Strike_B","Strike_B","Strike_B","Defend_B","Defend_B","Defend_B","Defend_B","Zap","Dualcast","Consume","Conserve Battery+1","White Noise","Chaos","Go for the Eyes","Gash"],"special_seed":0,"relics":["Cracked Core","Golden Idol","Blue Candle","Unceasing Top","Frozen Egg 2"],"potions_floor_usage":[],"damage_taken":[{"damage":2.0,"enemies":"Jaw Worm","floor":1.0,"turns":4.0},{"damage":3.0,"enemies":"Small Slimes","floor":4.0,"turns":3.0},{"damage":0.0,"enemies":"Cultist","floor":5.0,"turns":3.0},{"damage":9.0,"enemies":"Exordium Wildlife","floor":7.0,"turns":4.0},{"damage":30.0,"enemies":"3 Sentries","floor":10.0,"turns":10.0},{"damage":8.0,"enemies":"Blue Slaver","floor":13.0,"turns":4.0},{"damage":18.0,"enemies":"Lots of Slimes","floor":14.0,"turns":6.0},{"damage":52,"enemies":"Slime Boss","floor":16,"turns":9}],"seed_played":"-4754568703553527075","potions_obtained":[{"floor":5.0,"key":"Swift Potion"},{"floor":13.0,"key":"Weak Potion"},{"floor":14.0,"key":"Ancient Potion"}],"is_trial":false,"path_per_floor":["M","?","?","M","M","R","M","R","T","?","$","R","M","M","R","B"],"character_chosen":"DEFECT","items_purchased":["Frozen Egg 2"],"campfire_rested":3,"item_purchase_floors":[11],"current_hp_per_floor":[73,66,46,43,43,67,58,58,58,28,28,52,44,26,50,0],"gold":32,"neow_bonus":"TEN_PERCENT_HP_BONUS","is_prod":false,"is_daily":false,"chose_seed":false,"campfire_upgraded":1,"win_rate":0,"timestamp":1566318668,"path_taken":["M","?","?","?","M","R","M","R","T","?","$","R","M","M","R","BOSS"],"build_version":"2019-07-17","purchased_purges":0,"victory":false,"max_hp_per_floor":[82,82,82,82,82,82,82,82,82,82,82,82,82,82,82,82],"card_choices":[{"not_picked":["Steam","Sweeping Beam"],"picked":"Consume","floor":1.0},{"not_picked":["Rip and Tear","BootSequence"],"picked":"Conserve Battery","floor":4.0},{"not_picked":["Turbo","Ball Lightning"],"picked":"White Noise","floor":5.0},{"not_picked":["Melter","Beam Cell","Rebound"],"picked":"SKIP","floor":7.0},{"not_picked":["Steam","Streamline"],"picked":"Chaos","floor":10.0},{"not_picked":["Sweeping Beam","BootSequence"],"picked":"Go for the Eyes","floor":13.0},{"not_picked":["Conserve Battery","Redo"],"picked":"Gash","floor":14.0}],"player_experience":455318,"relics_obtained":[{"floor":9.0,"key":"Blue Candle"},{"floor":10.0,"key":"Unceasing Top"}],"event_choices":[{"cards_removed":["Strike_B"],"damage_healed":0.0,"max_hp_gain":0.0,"max_hp_loss":0.0,"gold_gain":0.0,"event_name":"Golden Wing","player_choice":"Card Removal","floor":2.0,"gold_loss":0.0,"damage_taken":7.0},{"damage_healed":0.0,"max_hp_gain":0.0,"max_hp_loss":0.0,"gold_gain":0.0,"event_name":"Golden Idol","player_choice":"Take Damage","floor":3.0,"gold_loss":0.0,"damage_taken":20.0,"relics_obtained":["Golden Idol"]},{"damage_healed":0.0,"max_hp_gain":0.0,"max_hp_loss":0.0,"gold_gain":0.0,"event_name":"Dead Adventurer","player_choice":"Searched \u00271\u0027 times","floor":10.0,"gold_loss":0.0,"damage_taken":0.0}],"is_beta":false,"boss_relics":[],"items_purged_floors":[],"is_endless":false,"potions_floor_spawned":[5,13,14],"killed_by":"Slime Boss","ascension_level":7}