{"gold_per_floor":[118,129,148,166,116,128,163,180,180,208,22,55,55,74,74,172,172,152,165,175,201,201,201,212,212],"floor_reached":25,"playtime":3499,"items_purged":[],"score":227,"play_id":"015c8fe4-e7c5-4af2-9ff2-2e8154f4d492","local_time":"20190716124156","is_ascension_mode":false,"campfire_choices":[{"floor":15,"key":"REST"},{"floor":23,"key":"REST"}],"neow_cost":"NONE","seed_source_timestamp":2950001621453,"circlet_count":0,"master_deck":["Strike_G","Strike_G","Strike_G","Strike_G","Strike_G","Defend_G","Defend_G","Defend_G","Defend_G","Defend_G","Survivor","Neutralize","Night Terror","Distraction","Dash","Quick Slash","Footwork+1","Dodge and Roll","Terror","Backflip","PiercingWail","Infinite Blades","Deadly Poison","Flying Knee","Dagger Spray","PiercingWail","Burst","Cloak And Dagger","Backstab+1","Acrobatics","Distraction+1","Tools of the Trade"],"special_seed":0,"relics":["Ring of the Snake","Ninja Scroll","Unceasing Top","Calipers","Darkstone Periapt","Cursed Key","Red Mask"],"potions_floor_usage":[],"damage_taken":[{"damage":2.0,"enemies":"Small Slimes","floor":1.0,"turns":5.0},{"damage":6.0,"enemies":"2 Louse","floor":2.0,"turns":4.0},{"damage":1.0,"enemies":"Cultist","floor":3.0,"turns":5.0},{"damage":5.0,"enemies":"Exordium Wildlife","floor":4.0,"turns":5.0},{"damage":3.0,"enemies":"2 Fungi Beasts","floor":6.0,"turns":5.0},{"damage":24.0,"enemies":"3 Sentries","floor":7.0,"turns":14.0},{"damage":0,"enemies":"3 Louse","floor":8,"turns":6},{"damage":5,"enemies":"Gremlin Nob","floor":10,"turns":4},{"damage":24,"enemies":"Lagavulin","floor":12,"turns":6},{"damage":2,"enemies":"Red Slaver","floor":14,"turns":4},{"damage":27,"enemies":"Slime Boss","floor":16,"turns":14},{"damage":7,"enemies":"2 Thieves","floor":18,"turns":4},{"damage":21,"enemies":"Spheric Guardian","floor":19,"turns":7},{"damage":0,"enemies":"Snecko","floor":20,"turns":5},{"damage":35,"enemies":"Masked Bandits","floor":21,"turns":4},{"damage":3,"enemies":"3 Cultists","floor":24,"turns":6},{"damage":30,"enemies":"Gremlin Leader","floor":25,"turns":10}],"seed_played":"-4389126793908776147","potions_obtained":[{"floor":2.0,"key":"Weak Potion"},{"floor":6.0,"key":"Regen Potion"},{"floor":10,"key":"Poison Potion"},{"floor":12,"key":"EssenceOfSteel"},{"floor":16,"key":"AttackPotion"},{"floor":24,"key":"GhostInAJar"}],"is_trial":false,"path_per_floor":["M","M","M","M","?","M","E","M","T","E","$","E","?","M","R","B",null,"M","M","M","?","?","R","M","E"],"character_chosen":"THE_SILENT","items_purchased":["Infinite Blades","Deadly Poison","Flying Knee"],"campfire_rested":2,"item_purchase_floors":[11,11,11],"current_hp_per_floor":[68,62,61,56,56,53,44,44,44,39,39,15,15,13,34,7,70,63,42,42,7,7,28,25,0],"gold":212,"neow_bonus":"ONE_RANDOM_RARE_CARD","is_prod":false,"is_daily":false,"chose_seed":false,"campfire_upgraded":0,"win_rate":0.0,"timestamp":1563273716,"path_taken":["M","M","M","M","?","M","E","M","T","E","$","E","?","M","R","BOSS","M","M","M","?","?","R","M","E"],"build_version":"2019-07-05","purchased_purges":0,"victory":false,"max_hp_per_floor":[70,70,70,70,70,70,70,70,70,70,70,70,70,70,70,70,70,70,70,70,70,70,70,70,70],"card_choices":[{"not_picked":["Quick Slash","Dagger Throw"],"picked":"Distraction","floor":1.0},{"not_picked":["Distraction","Flying Knee"],"picked":"Dash","floor":2.0},{"not_picked":["Slice","Riddle With Holes"],"picked":"Quick Slash","floor":3.0},{"not_picked":["Caltrops","Dodge and Roll"],"picked":"Footwork","floor":4.0},{"not_picked":["Slice","Catalyst"],"picked":"Dodge and Roll","floor":6.0},{"not_picked":["Crippling Poison","Dagger Throw"],"picked":"Terror","floor":7.0},{"not_picked":["Calculated Gamble","Poisoned Stab"],"picked":"Backflip","floor":8},{"not_picked":["Storm of Steel","Deadly Poison"],"picked":"PiercingWail","floor":10},{"not_picked":["Sucker Punch","Prepared"],"picked":"Dagger Spray","floor":12},{"not_picked":["Underhanded Strike","Blur"],"picked":"PiercingWail","floor":14},{"not_picked":["Phantasmal Killer","Doppelganger"],"picked":"Burst","floor":16},{"not_picked":["PiercingWail","Flying Knee+1"],"picked":"Cloak And Dagger","floor":18},{"not_picked":["Underhanded Strike","Slice"],"picked":"Backstab+1","floor":19},{"not_picked":["Prepared","Flechettes"],"picked":"Acrobatics","floor":20},{"not_picked":["Acrobatics","Cloak And Dagger+1"],"picked":"Distraction+1","floor":21},{"not_picked":["Blade Dance","Underhanded Strike"],"picked":"Tools of the Trade","floor":24}],"player_experience":133105,"relics_obtained":[{"floor":7.0,"key":"Ninja Scroll"},{"floor":9,"key":"Unceasing Top"},{"floor":10,"key":"Calipers"},{"floor":12,"key":"Darkstone Periapt"},{"floor":21,"key":"Red Mask"}],"event_choices":[{"damage_healed":0.0,"max_hp_gain":0.0,"max_hp_loss":0.0,"gold_gain":0.0,"event_name":"World of Goop","player_choice":"Left Gold","floor":5.0,"gold_loss":50.0,"damage_taken":0.0},{"damage_healed":0,"gold_gain":0,"player_choice":"Grow","damage_taken":0,"max_hp_gain":0,"max_hp_loss":0,"event_name":"Living Wall","floor":13,"gold_loss":0,"cards_upgraded":["Footwork"]},{"damage_healed":0,"gold_gain":0,"player_choice":"Fought Bandits","damage_taken":0,"max_hp_gain":0,"max_hp_loss":0,"event_name":"Masked Bandits","floor":21,"gold_loss":0},{"damage_healed":0,"gold_gain":0,"player_choice":"Ignored","damage_taken":0,"max_hp_gain":0,"max_hp_loss":0,"event_name":"Vampires","floor":22,"gold_loss":0}],"is_beta":false,"boss_relics":[{"not_picked":["Busted Crown","Snecko Eye"],"picked":"Cursed Key"}],"items_purged_floors":[],"is_endless":false,"potions_floor_spawned":[2,6,10,12,14,16,19,21,24],"killed_by":"Gremlin Leader","ascension_level":0}