{"gold_per_floor":[116,129,29,48,58,77,37,52,52,68,78,94,94,94],"floor_reached":14,"playtime":1051,"items_purged":[],"score":163,"play_id":"f5cc026f-e7f4-4e5d-a9e2-26d9af3c30d7","local_time":"20190807193640","is_ascension_mode":true,"campfire_choices":[{"data":"Envenom","floor":13,"key":"SMITH"}],"neow_cost":"TEN_PERCENT_HP_LOSS","seed_source_timestamp":2243253300570916,"circlet_count":0,"master_deck":["AscendersBane","Strike_G","Strike_G","Strike_G","Defend_G","Defend_G","Defend_G","Defend_G","Defend_G","Survivor","Neutralize","Deflect","Envenom+1","Choke","Flying Knee","Escape Plan","Poisoned Stab","Bane","Poisoned Stab","Well Laid Plans","Noxious Fumes","Footwork","Prepared"],"relics":["Ring of the Snake","Shuriken"],"potions_floor_usage":[10,14],"damage_taken":[{"damage":5,"enemies":"Small Slimes","floor":1,"turns":7},{"damage":6,"enemies":"Cultist","floor":2,"turns":5},{"damage":4,"enemies":"Jaw Worm","floor":4,"turns":3},{"damage":17,"enemies":"Gremlin Gang","floor":5,"turns":4},{"damage":0,"enemies":"2 Fungi Beasts","floor":6,"turns":5},{"damage":0,"enemies":"Looter","floor":8,"turns":2},{"damage":15,"enemies":"Red Slaver","floor":10,"turns":5},{"damage":2,"enemies":"3 Louse","floor":11,"turns":3},{"damage":2,"enemies":"Blue Slaver","floor":12,"turns":5},{"damage":11,"enemies":"Large Slime","floor":14,"turns":2}],"seed_played":"5536136878701906363","potions_obtained":[{"floor":2,"key":"Energy Potion"},{"floor":4,"key":"SkillPotion"}],"is_trial":false,"path_per_floor":["M","M","$","M","M","M","$","M","T","M","M","M","R","M"],"character_chosen":"THE_SILENT","items_purchased":["Escape Plan","Poisoned Stab","Noxious Fumes"],"campfire_rested":0,"item_purchase_floors":[3,3,7],"current_hp_per_floor":[54,48,48,44,27,27,27,27,27,12,10,8,8,0],"gold":94,"neow_bonus":"TRANSFORM_TWO_CARDS","is_prod":false,"is_daily":false,"chose_seed":false,"campfire_upgraded":1,"win_rate":0,"timestamp":1565221000,"path_taken":["M","M","$","M","M","M","$","M","T","M","M","M","R","M"],"build_version":"2019-07-17","purchased_purges":0,"victory":false,"max_hp_per_floor":[60,60,60,60,60,60,60,60,60,60,60,60,60,60],"card_choices":[{"not_picked":["Quick Slash","Underhanded Strike"],"picked":"Choke","floor":1},{"not_picked":["Caltrops","Riddle With Holes"],"picked":"Flying Knee","floor":2},{"not_picked":["Deadly Poison","Predator"],"picked":"Bane","floor":4},{"not_picked":["Accuracy","Heel Hook"],"picked":"Poisoned Stab","floor":5},{"not_picked":["Sucker Punch","Flying Knee"],"picked":"Well Laid Plans","floor":6},{"not_picked":["Finisher","Underhanded Strike"],"picked":"Footwork","floor":8},{"not_picked":["Finisher","Poisoned Stab"],"picked":"Prepared","floor":10},{"not_picked":["Dodge and Roll","PiercingWail","Distraction"],"picked":"SKIP","floor":11},{"not_picked":["Riddle With Holes","Underhanded Strike","Acrobatics"],"picked":"SKIP","floor":12}],"player_experience":991154,"relics_obtained":[{"floor":9,"key":"Shuriken"}],"event_choices":[],"is_beta":false,"boss_relics":[],"items_purged_floors":[],"is_endless":false,"potions_floor_spawned":[2,4,5,6],"killed_by":"Large Slime","ascension_level":17}