{"gold_per_floor":[112,124,141,25,25,56,56,73,124,124,124,20,46,65,65,170,170,189,208,72,89,107,107,138,164,164,197,197,197,197,227,227,327,327,344,19,19,38,50,85,135,165,189,204,217,245,245,40,40,40],"floor_reached":51,"playtime":2052,"items_purged":["Normality"],"score":1349,"play_id":"a9fc0624-a923-4af7-b279-36e81efda88e","local_time":"20190128123137","is_ascension_mode":true,"campfire_choices":[{"data":"Inflame","floor":7.0,"key":"SMITH"},{"floor":11.0,"key":"REST"},{"data":"Reaper","floor":15.0,"key":"SMITH"},{"data":"Perfected Strike","floor":23.0,"key":"SMITH"},{"data":"Shrug It Off","floor":29.0,"key":"SMITH"},{"data":"Shrug It Off","floor":32.0,"key":"SMITH"},{"data":"Flame Barrier","floor":47,"key":"SMITH"},{"data":"Shrug It Off","floor":49,"key":"SMITH"}],"neow_cost":"NONE","seed_source_timestamp":4637681940212356,"circlet_count":0,"master_deck":["Strike_R","Strike_R","Strike_R","Strike_R","Strike_R","Defend_R+1","Defend_R+1","Defend_R","Defend_R","Perfected Strike+1","Twin Strike","Inflame+1","Twin Strike","Pommel Strike","Perfected Strike","Reaper+1","Twin Strike","Reaper","Demon Form","Perfected Strike","Shrug It Off+1","Swift Strike","Perfected Strike+1","Perfected Strike","Double Tap","Shrug It Off+1","Pommel Strike","Barricade+1","Shrug It Off","Ghostly Armor","Madness","Madness","Shrug It Off+1","Pommel Strike","Shrug It Off+1","Twin Strike+1","Flame Barrier+1","Metallicize+1","Pommel Strike"],"special_seed":0,"relics":["Black Star","Bag of Marbles","Bottled Tornado","Oddly Smooth Stone","Regal Pillow","Gremlin Horn","Sozu","Sundial","War Paint","Red Mask","Frozen Egg 2","Magic Flower","Bronze Scales","Pen Nib","Question Card","Cursed Key","Singing Bowl","Self Forming Clay","Shuriken","Champion Belt","Strawberry","Bag of Preparation","Vajra","Pantograph","Anchor"],"potions_floor_usage":[],"damage_taken":[{"damage":6.0,"enemies":"Cultist","floor":1.0,"turns":3.0},{"damage":4.0,"enemies":"Jaw Worm","floor":2.0,"turns":4.0},{"damage":6.0,"enemies":"2 Louse","floor":3.0,"turns":2.0},{"damage":32.0,"enemies":"Gremlin Nob","floor":6.0,"turns":4.0},{"damage":1.0,"enemies":"Exordium Thugs","floor":8.0,"turns":3.0},{"damage":12.0,"enemies":"3 Sentries","floor":13.0,"turns":5.0},{"damage":0.0,"enemies":"3 Louse","floor":14.0,"turns":1.0},{"damage":37.0,"enemies":"The Guardian","floor":16.0,"turns":8.0},{"damage":3.0,"enemies":"3 Byrds","floor":18.0,"turns":8.0},{"damage":0.0,"enemies":"Spheric Guardian","floor":19.0,"turns":1.0},{"damage":0.0,"enemies":"Snake Plant","floor":21.0,"turns":1.0},{"damage":18.0,"enemies":"Shelled Parasite and Fungi","floor":22.0,"turns":3.0},{"damage":1.0,"enemies":"Slavers","floor":24.0,"turns":3.0},{"damage":0.0,"enemies":"Masked Bandits","floor":25.0,"turns":2.0},{"damage":25.0,"enemies":"Book of Stabbing","floor":27.0,"turns":4.0},{"damage":8.0,"enemies":"Slavers","floor":31.0,"turns":2.0},{"damage":68.0,"enemies":"Champ","floor":33.0,"turns":8.0},{"damage":2.0,"enemies":"Orb Walker","floor":35.0,"turns":2.0},{"damage":0.0,"enemies":"3 Darklings","floor":38.0,"turns":3.0},{"damage":0.0,"enemies":"Writhing Mass","floor":39.0,"turns":2.0},{"damage":54.0,"enemies":"Nemesis","floor":40.0,"turns":5.0},{"damage":9.0,"enemies":"2 Orb Walkers","floor":41.0,"turns":3.0},{"damage":19.0,"enemies":"Giant Head","floor":42.0,"turns":6.0},{"damage":3,"enemies":"Maw","floor":44,"turns":4},{"damage":0,"enemies":"Jaw Worm Horde","floor":45,"turns":3},{"damage":0,"enemies":"Reptomancer","floor":46,"turns":1},{"damage":30,"enemies":"Awakened One","floor":50,"turns":10}],"seed_played":"3584607823986624763","potions_obtained":[{"floor":1.0,"key":"SkillPotion"},{"floor":8.0,"key":"Dexterity Potion"},{"floor":14.0,"key":"SpeedPotion"}],"is_trial":false,"path_per_floor":["M","M","M","$","?","E","R","M","T","?","R","$","E","M","R","B",null,"M","M","$","M","M","R","E","?","T","E","?","R","?","E","R","B",null,"M","$","?","M","M","E","?","E","T","M","M","E","R","$","R","B",null],"character_chosen":"IRONCLAD","items_purchased":["Inflame","Twin Strike","Twin Strike","Energy Potion","Shrug It Off","Swift Strike","Singing Bowl","Ghostly Armor","Metallicize+1","Pommel Strike"],"campfire_rested":1,"item_purchase_floors":[4,4,12,12,20,20,36,36,48,48],"current_hp_per_floor":[66,62,56,56,56,24,24,23,23,23,47,47,49,49,49,24,66,75,75,75,75,57,57,56,77,77,52,52,52,52,44,44,8,62,78,78,68,80,80,28,45,35,35,52,66,93,93,93,93,77],"gold":40,"neow_bonus":"BOSS_RELIC","is_prod":false,"is_daily":false,"chose_seed":false,"campfire_upgraded":7,"win_rate":0,"timestamp":1548696697,"path_taken":["M","M","?","$","?","E","R","?","T","?","R","?","E","M","R","BOSS","M","M","$","M","M","R","E","?","T","E","?","R","?","E","R","BOSS","M","$","?","M","M","E","?","E","T","M","M","E","R","?","R","BOSS"],"build_version":"2019-01-23","purchased_purges":1,"victory":true,"max_hp_per_floor":[80,80,80,80,80,80,80,80,80,80,80,80,80,80,80,80,80,80,80,80,80,80,80,80,80,80,80,80,80,80,80,80,80,80,80,80,80,80,80,82,84,93,93,93,93,93,93,93,93,93],"card_choices":[{"not_picked":["Dual Wield","Havoc"],"picked":"Perfected Strike","floor":1.0},{"not_picked":["Evolve","Sentinel"],"picked":"Twin Strike","floor":2.0},{"not_picked":["Combust","Heavy Blade","Body Slam"],"picked":"SKIP","floor":3.0},{"not_picked":["Blood for Blood","Seeing Red"],"picked":"Pommel Strike","floor":6.0},{"not_picked":["True Grit","Clash"],"picked":"Perfected Strike","floor":8.0},{"not_picked":["Sword Boomerang","Corruption"],"picked":"Reaper","floor":13.0},{"not_picked":["Warcry","Dropkick","Clothesline"],"picked":"SKIP","floor":14.0},{"not_picked":["Impervious","Exhume"],"picked":"Demon Form","floor":16.0},{"not_picked":["Warcry","Headbutt"],"picked":"Perfected Strike","floor":18.0},{"not_picked":["Rampage","Blood for Blood","Uppercut"],"picked":"SKIP","floor":19.0},{"not_picked":["Rupture","Armaments"],"picked":"Perfected Strike","floor":21.0},{"not_picked":["Infernal Blade+1","Iron Wave+1"],"picked":"Perfected Strike","floor":22.0},{"not_picked":["Dual Wield","Armaments"],"picked":"Double Tap","floor":24.0},{"not_picked":["Shockwave","Dual Wield+1","Spot Weakness"],"picked":"SKIP","floor":27.0},{"not_picked":["Immolate","Whirlwind"],"picked":"Pommel Strike","floor":31.0},{"not_picked":["Immolate","Limit Break","Offering"],"picked":"Barricade+1","floor":33.0},{"not_picked":["Cleave","Power Through","Carnage"],"picked":"Shrug It Off","floor":35.0},{"not_picked":["Pommel Strike+1","Iron Wave+1","Pummel"],"picked":"Shrug It Off+1","floor":38.0},{"not_picked":["Disarm","True Grit","Sever Soul+1"],"picked":"Pommel Strike","floor":39.0},{"not_picked":["Fiend Fire","Shockwave+1","Flex","Bloodletting"],"picked":"Singing Bowl","floor":40.0},{"not_picked":["Flex","Hemokinesis","Thunderclap+1","Havoc+1"],"picked":"Singing Bowl","floor":41.0},{"not_picked":["Double Tap","Feel No Pain+1","True Grit","Havoc+1"],"picked":"Singing Bowl","floor":42.0},{"not_picked":["Corruption+1","Dual Wield","Body Slam"],"picked":"Shrug It Off","floor":44},{"not_picked":["Corruption+1","Rampage","Havoc+1"],"picked":"Twin Strike+1","floor":45},{"not_picked":["Warcry","Double Tap","Sentinel+1"],"picked":"Flame Barrier","floor":46}],"player_experience":359374,"relics_obtained":[{"floor":6.0,"key":"Bag of Marbles"},{"floor":6.0,"key":"Bottled Tornado"},{"floor":9.0,"key":"Oddly Smooth Stone"},{"floor":13.0,"key":"Regal Pillow"},{"floor":13.0,"key":"Gremlin Horn"},{"floor":24.0,"key":"Sundial"},{"floor":24.0,"key":"War Paint"},{"floor":25.0,"key":"Red Mask"},{"floor":26.0,"key":"Frozen Egg 2"},{"floor":27.0,"key":"Magic Flower"},{"floor":27.0,"key":"Bronze Scales"},{"floor":31.0,"key":"Pen Nib"},{"floor":31.0,"key":"Question Card"},{"floor":40.0,"key":"Self Forming Clay"},{"floor":40.0,"key":"Shuriken"},{"floor":41.0,"key":"Champion Belt"},{"floor":42.0,"key":"Strawberry"},{"floor":42.0,"key":"Bag of Preparation"},{"floor":43,"key":"Vajra"},{"floor":46,"key":"Pantograph"},{"floor":46,"key":"Anchor"}],"event_choices":[{"damage_healed":0.0,"max_hp_gain":0.0,"max_hp_loss":0.0,"gold_gain":0.0,"event_name":"Accursed Blacksmith","player_choice":"Forge","floor":5.0,"gold_loss":0.0,"damage_taken":0.0,"cards_upgraded":["Perfected Strike"]},{"damage_healed":0.0,"max_hp_gain":0.0,"max_hp_loss":0.0,"gold_gain":0.0,"cards_transformed":["Bash"],"event_name":"Transmorgrifier","player_choice":"Transformed","floor":10.0,"gold_loss":0.0,"damage_taken":0.0,"cards_obtained":["Reaper"]},{"damage_healed":0.0,"max_hp_gain":0.0,"max_hp_loss":0.0,"gold_gain":0.0,"event_name":"Masked Bandits","player_choice":"Fought Bandits","floor":25.0,"gold_loss":0.0,"damage_taken":0.0},{"damage_healed":0.0,"max_hp_gain":0.0,"max_hp_loss":0.0,"gold_gain":0.0,"event_name":"Vampires","player_choice":"Ignored","floor":28.0,"gold_loss":0.0,"damage_taken":0.0},{"damage_healed":0.0,"max_hp_gain":0.0,"max_hp_loss":0.0,"gold_gain":0.0,"event_name":"The Library","player_choice":"Read","floor":30.0,"gold_loss":0.0,"damage_taken":0.0,"cards_obtained":["Shrug It Off"]},{"damage_healed":0.0,"max_hp_gain":0.0,"max_hp_loss":0.0,"gold_gain":0.0,"event_name":"Winding Halls","player_choice":"Embrace Madness","floor":37.0,"gold_loss":0.0,"damage_taken":10.0,"cards_obtained":["Madness","Madness"]},{"damage_healed":0.0,"max_hp_gain":0.0,"max_hp_loss":0.0,"gold_gain":0.0,"event_name":"Mysterious Sphere","player_choice":"Fight","floor":41.0,"gold_loss":0.0,"damage_taken":0.0}],"is_beta":false,"boss_relics":[{"not_picked":["Runic Dome","Tiny House"],"picked":"Sozu"},{"not_picked":["Astrolabe","Calling Bell"],"picked":"Cursed Key"}],"items_purged_floors":[48],"is_endless":false,"potions_floor_spawned":[1,8,14,22,24,25,31,33,39,45,46],"ascension_level":8}