{"gold_per_floor":[115,7,7,20,34,11,21,31,82,82,82,82,105,70,70,191,191,211,234,257,257,273,273,273,289,315,327,360,385,397],"floor_reached":30,"playtime":3507,"items_purged":[],"score":226,"play_id":"ea5173cc-4f4f-4de9-a64a-f3ba8c53815c","local_time":"20190709095156","is_ascension_mode":false,"campfire_choices":[{"floor":12,"key":"REST"},{"data":"Rampage","floor":15,"key":"SMITH"},{"floor":23,"key":"REST"},{"floor":27,"key":"REST"}],"neow_cost":"NONE","seed_source_timestamp":9390630205440,"circlet_count":0,"master_deck":["Strike_R","Strike_R","Strike_R+1","Strike_R","Defend_R","Defend_R","Defend_R","Defend_R","Bash","Power Through","Hemokinesis","Intimidate","Rampage+1","Pommel Strike","Shrug It Off+1","Pommel Strike","Feel No Pain","Twin Strike","Demon Form","Blood for Blood","Anger+1","Rampage","Feel No Pain+1","Battle Trance+1","Rampage","Cleave"],"relics":["Burning Blood","Blood Vial","Golden Idol","Fusion Hammer","MutagenicStrength","MawBank"],"potions_floor_usage":[18,18],"damage_taken":[{"damage":10,"enemies":"Cultist","floor":1,"turns":4},{"damage":0,"enemies":"2 Louse","floor":4,"turns":3},{"damage":0,"enemies":"Small Slimes","floor":5,"turns":3},{"damage":3,"enemies":"Blue Slaver","floor":7,"turns":4},{"damage":8,"enemies":"Large Slime","floor":8,"turns":7},{"damage":1,"enemies":"2 Fungi Beasts","floor":13,"turns":4},{"damage":67,"enemies":"Slime Boss","floor":16,"turns":19},{"damage":37,"enemies":"3 Byrds","floor":18,"turns":8},{"damage":15,"enemies":"Spheric Guardian","floor":19,"turns":5},{"damage":32,"enemies":"Snake Plant","floor":20,"turns":5},{"damage":10,"enemies":"Snecko","floor":22,"turns":4},{"damage":31,"enemies":"Centurion and Healer","floor":25,"turns":6},{"damage":13,"enemies":"Snake Plant","floor":28,"turns":5},{"damage":36,"enemies":"3 Cultists","floor":29,"turns":5},{"damage":21,"enemies":"Chosen and Byrds","floor":30,"turns":4}],"seed_played":"4661450583508710413","potions_obtained":[{"floor":0,"key":"Dexterity Potion"},{"floor":0,"key":"SneckoOil"},{"floor":0,"key":"Explosive Potion"},{"floor":1,"key":"SteroidPotion"},{"floor":4,"key":"Weak Potion"},{"floor":8,"key":"Swift Potion"},{"floor":13,"key":"Swift Potion"},{"floor":18,"key":"EssenceOfSteel"}],"is_trial":false,"path_per_floor":["M","$","?","M","M","$","M","M","T","?","?","R","M","?","R","B",null,"M","M","M","?","M","R","?","M","T","R","M","M","M"],"character_chosen":"IRONCLAD","items_purchased":["Hemokinesis","Intimidate","Shrug It Off"],"campfire_rested":3,"item_purchase_floors":[2,2,6],"current_hp_per_floor":[76,76,76,80,80,80,80,78,78,58,42,66,73,80,80,19,80,49,42,18,18,16,40,40,17,17,41,36,8,0],"gold":397,"neow_bonus":"THREE_SMALL_POTIONS","is_prod":false,"is_daily":false,"chose_seed":false,"campfire_upgraded":1,"win_rate":0.0,"timestamp":1562658716,"path_taken":["M","$","?","M","M","$","M","M","T","?","?","R","M","?","R","BOSS","M","M","M","?","?","R","?","M","T","R","M","M","M"],"build_version":"2019-07-05","purchased_purges":0,"victory":false,"max_hp_per_floor":[80,80,80,80,80,80,80,80,80,80,80,80,80,80,80,80,80,80,80,80,80,80,80,80,80,80,80,80,80,80],"card_choices":[{"not_picked":["Thunderclap","Twin Strike"],"picked":"Power Through","floor":1},{"not_picked":["Bloodletting","Iron Wave"],"picked":"Rampage","floor":4},{"not_picked":["Reckless Charge","Searing Blow"],"picked":"Pommel Strike","floor":5},{"not_picked":["Battle Trance","Corruption"],"picked":"Pommel Strike","floor":7},{"not_picked":["Clash","Flex"],"picked":"Feel No Pain","floor":8},{"not_picked":["Dropkick","True Grit"],"picked":"Twin Strike","floor":13},{"not_picked":["Dark Embrace","Impervious"],"picked":"Demon Form","floor":16},{"not_picked":["Seeing Red","Hemokinesis+1"],"picked":"Blood for Blood","floor":18},{"not_picked":["Metallicize","Reckless Charge+1"],"picked":"Anger+1","floor":19},{"not_picked":["Sword Boomerang+1","Warcry"],"picked":"Rampage","floor":20},{"not_picked":["Battle Trance","Inflame"],"picked":"Feel No Pain+1","floor":22},{"not_picked":["Sever Soul+1","Warcry"],"picked":"Battle Trance+1","floor":25},{"not_picked":["Shrug It Off+1","Clash"],"picked":"Rampage","floor":28},{"not_picked":["Whirlwind","Ghostly Armor+1"],"picked":"Cleave","floor":29}],"player_experience":6940,"relics_obtained":[{"floor":9,"key":"Blood Vial"},{"floor":26,"key":"MawBank"}],"event_choices":[{"damage_healed":0,"gold_gain":0,"player_choice":"Ignored","damage_taken":0,"max_hp_gain":0,"max_hp_loss":0,"event_name":"Liars Game","floor":3,"gold_loss":0},{"damage_healed":0,"gold_gain":0,"player_choice":"Take Damage","damage_taken":20,"relics_obtained":["Golden Idol"],"max_hp_gain":0,"max_hp_loss":0,"event_name":"Golden Idol","floor":10,"gold_loss":0},{"damage_healed":0,"gold_gain":0,"player_choice":"Entered Light","damage_taken":16,"max_hp_gain":0,"max_hp_loss":0,"event_name":"Shining Light","floor":11,"gold_loss":0,"cards_upgraded":["Strike_R","Shrug It Off"]},{"damage_healed":20,"gold_gain":0,"player_choice":"Healed","damage_taken":0,"max_hp_gain":0,"max_hp_loss":0,"event_name":"The Cleric","floor":14,"gold_loss":35},{"cards_removed":["Strike_R"],"damage_healed":0,"gold_gain":0,"player_choice":"Purged","damage_taken":0,"max_hp_gain":0,"max_hp_loss":0,"event_name":"Purifier","floor":21,"gold_loss":0},{"damage_healed":0,"gold_gain":0,"player_choice":"Inject Mutagens","damage_taken":0,"relics_obtained":["MutagenicStrength"],"max_hp_gain":0,"max_hp_loss":0,"event_name":"Drug Dealer","floor":24,"gold_loss":0}],"is_beta":false,"boss_relics":[{"not_picked":["Empty Cage","Busted Crown"],"picked":"Fusion Hammer"}],"items_purged_floors":[],"is_endless":false,"potions_floor_spawned":[1,4,8,13,18],"killed_by":"Chosen and Byrds","ascension_level":0}