{"gold_per_floor":[117,127,127,127,141,141,172,172,222,236,248,248,248,264,264,368,368,388,400,414,88,187,187,207,207,207,222,222,235,235,245,245,340,340,360,376,390,83,83],"floor_reached":39,"playtime":2653,"items_purged":["Bloodletting"],"score":752,"play_id":"8ef51912-8f1b-4c53-a19a-daa5d1eac99d","local_time":"20190126220936","is_ascension_mode":true,"campfire_choices":[{"data":"Feel No Pain","floor":6,"key":"SMITH"},{"data":"Juggernaut","floor":8,"key":"SMITH"},{"floor":13,"key":"REST"},{"floor":15,"key":"REST"},{"floor":23,"key":"REST"},{"floor":28,"key":"REST"},{"data":"Chrysalis","floor":32,"key":"SMITH"}],"neow_cost":"NONE","seed_source_timestamp":0,"circlet_count":0,"master_deck":["Bash","Fire Breathing","Dual Wield","Disarm","Reckless Charge+1","Twin Strike+1","Feel No Pain+1","Dropkick","Shrug It Off","Warcry","Intimidate+1","Evolve","Juggernaut+1","Iron Wave","Intimidate","Exhume","Offering","Flame Barrier","Fire Breathing","Havoc","Chrysalis+1","Havoc+1","Pommel Strike","Shrug It Off","Exhume","Shrug It Off","Fire Breathing+1","Carnage+1","Metallicize"],"special_seed":0,"relics":["Pandora\u0027s Box","Omamori","Whetstone","Cursed Key","Blood Vial","Meat on the Bone","Sozu","Bag of Preparation"],"potions_floor_usage":[27,33,36,39,39],"damage_taken":[{"damage":2,"enemies":"Small Slimes","floor":1,"turns":3},{"damage":13,"enemies":"Jaw Worm","floor":2,"turns":2},{"damage":0,"enemies":"Cultist","floor":5,"turns":4},{"damage":28,"enemies":"Gremlin Nob","floor":7,"turns":4},{"damage":21,"enemies":"3 Louse","floor":10,"turns":4},{"damage":10,"enemies":"Red Slaver","floor":11,"turns":3},{"damage":0,"enemies":"Looter","floor":14,"turns":3},{"damage":41,"enemies":"The Guardian","floor":16,"turns":10},{"damage":21,"enemies":"Shell Parasite","floor":18,"turns":4},{"damage":0,"enemies":"Spheric Guardian","floor":19,"turns":4},{"damage":29,"enemies":"Centurion and Healer","floor":20,"turns":8},{"damage":17,"enemies":"Shelled Parasite and Fungi","floor":24,"turns":7},{"damage":16,"enemies":"Sentry and Sphere","floor":27,"turns":5},{"damage":9,"enemies":"Centurion and Healer","floor":29,"turns":8},{"damage":24,"enemies":"Cultist and Chosen","floor":31,"turns":4},{"damage":24,"enemies":"Champ","floor":33,"turns":10},{"damage":7,"enemies":"Orb Walker","floor":35,"turns":5},{"damage":31,"enemies":"3 Darklings","floor":36,"turns":5},{"damage":35,"enemies":"Sphere and 2 Shapes","floor":37,"turns":6},{"damage":33,"enemies":"Jaw Worm Horde","floor":39,"turns":3}],"seed_played":"-7999598111663968492","potions_obtained":[{"floor":1,"key":"Dexterity Potion"},{"floor":10,"key":"FairyPotion"},{"floor":16,"key":"EssenceOfSteel"},{"floor":19,"key":"Explosive Potion"},{"floor":31,"key":"Fire Potion"},{"floor":33,"key":"Block Potion"}],"is_trial":false,"path_per_floor":["M","M","?","?","M","R","E","R","T","M","M","?","R","M","R","B",null,"M","M","M","$","?","R","M","?","T","M","R","M","?","M","R","B",null,"M","M","M","$","M"],"character_chosen":"IRONCLAD","items_purchased":["Blood Vial","Chrysalis","Metallicize","Bag of Preparation"],"campfire_rested":4,"item_purchase_floors":[21,21,38,38],"current_hp_per_floor":[70,57,57,57,57,57,29,29,29,8,8,8,32,32,56,15,64,43,43,14,14,14,38,23,23,23,21,45,50,50,40,40,30,68,63,46,25,25,0],"gold":83,"neow_bonus":"BOSS_RELIC","is_prod":false,"is_daily":false,"chose_seed":false,"campfire_upgraded":3,"win_rate":0,"timestamp":1548558576,"path_taken":["M","M","?","?","?","R","E","R","T","M","M","?","R","M","R","BOSS","M","M","M","$","?","R","M","?","T","M","R","M","?","M","R","BOSS","M","M","M","$","M"],"build_version":"2019-01-23","purchased_purges":1,"victory":false,"max_hp_per_floor":[80,80,80,80,80,80,80,80,80,80,80,80,80,80,80,80,80,80,80,80,80,80,80,80,80,80,80,80,80,80,80,80,80,80,80,80,80,80,80],"card_choices":[{"not_picked":["Searing Blow","Evolve"],"picked":"Warcry","floor":1},{"not_picked":["Thunderclap","Sword Boomerang"],"picked":"Intimidate","floor":2},{"not_picked":["Clothesline","Anger"],"picked":"Evolve","floor":5},{"not_picked":["Sever Soul","Inflame"],"picked":"Juggernaut","floor":7},{"not_picked":["Perfected Strike","Body Slam"],"picked":"Iron Wave","floor":10},{"not_picked":["Sword Boomerang","Perfected Strike"],"picked":"Intimidate","floor":11},{"not_picked":["Perfected Strike","Clothesline","Cleave"],"picked":"SKIP","floor":14},{"not_picked":["Barricade","Immolate"],"picked":"Offering","floor":16},{"not_picked":["Perfected Strike","Shockwave"],"picked":"Flame Barrier","floor":18},{"not_picked":["Clothesline+1","Entrench+1"],"picked":"Fire Breathing","floor":19},{"not_picked":["Blood for Blood","Anger+1"],"picked":"Havoc","floor":20},{"not_picked":["Iron Wave","Brutality"],"picked":"Havoc+1","floor":24},{"not_picked":["Wild Strike","Cleave"],"picked":"Pommel Strike","floor":27},{"not_picked":["Shockwave","Inflame+1"],"picked":"Shrug It Off","floor":29},{"not_picked":["Clothesline+1","Bloodletting+1","Anger"],"picked":"SKIP","floor":31},{"not_picked":["Offering","Berserk"],"picked":"Exhume","floor":33},{"not_picked":["Clash","Twin Strike+1"],"picked":"Shrug It Off","floor":35},{"not_picked":["Pummel","Heavy Blade+1"],"picked":"Fire Breathing+1","floor":36},{"not_picked":["Clash+1","Thunderclap+1"],"picked":"Carnage+1","floor":37}],"player_experience":340592,"relics_obtained":[{"floor":7,"key":"Omamori"},{"floor":9,"key":"Whetstone"},{"floor":26,"key":"Meat on the Bone"}],"event_choices":[{"damage_healed":0,"gold_gain":0,"player_choice":"Grow","damage_taken":0,"max_hp_gain":0,"max_hp_loss":0,"event_name":"Living Wall","floor":3,"gold_loss":0,"cards_upgraded":["Intimidate"]},{"damage_healed":0,"gold_gain":0,"player_choice":"Bought 0 Potions","damage_taken":0,"max_hp_gain":0,"max_hp_loss":0,"event_name":"The Woman in Blue","floor":4,"gold_loss":0},{"damage_healed":0,"gold_gain":0,"player_choice":"1 cards matched","damage_taken":0,"max_hp_gain":0,"max_hp_loss":0,"event_name":"Match and Keep!","floor":12,"gold_loss":0,"cards_obtained":["Exhume"]},{"damage_healed":0,"gold_gain":99,"player_choice":"Stole From Cult","damage_taken":0,"max_hp_gain":0,"max_hp_loss":0,"event_name":"Nest","floor":22,"gold_loss":0},{"damage_healed":0,"gold_gain":0,"player_choice":"Ignored","damage_taken":0,"max_hp_gain":0,"max_hp_loss":0,"event_name":"Cursed Tome","floor":25,"gold_loss":0},{"damage_healed":0,"gold_gain":0,"player_choice":"Ignored","damage_taken":0,"max_hp_gain":0,"max_hp_loss":0,"event_name":"Beggar","floor":30,"gold_loss":0}],"is_beta":false,"boss_relics":[{"not_picked":["Lizard Tail","Fusion Hammer"],"picked":"Cursed Key"},{"not_picked":["Philosopher\u0027s Stone","Snecko Eye"],"picked":"Sozu"}],"items_purged_floors":[38],"is_endless":false,"potions_floor_spawned":[1,10,16,19,24,31,33],"killed_by":"Jaw Worm Horde","ascension_level":8}