{"gold_per_floor":[112,287,303,319,45,45,64,95,142,132,132,9,36,46,46,151,151,170,170,2,19,19],"floor_reached":22,"playtime":1932,"items_purged":[],"score":216,"play_id":"03fffd8d-eb0f-4aee-b435-fb97c0ea132e","local_time":"20190727151252","is_ascension_mode":true,"campfire_choices":[{"floor":6.0,"key":"REST"},{"floor":11.0,"key":"REST"},{"floor":15.0,"key":"REST"}],"neow_cost":"NONE","seed_source_timestamp":378521437914,"circlet_count":0,"master_deck":["Strike_R","Strike_R","Strike_R","Strike_R","Strike_R","Defend_R","Defend_R","Defend_R","Defend_R","Bash","Panacea","Doubt","Clash","Battle Trance","Pommel Strike","Evolve","Apotheosis","Inflame","Headbutt","Rampage","Body Slam","Blood for Blood","Feed","Metallicize","Chrysalis","Shrug It Off","Shrug It Off","Warcry","Dramatic Entrance","Dual Wield"],"special_seed":0,"relics":["Black Blood","Membership Card","Lantern","The Courier","Dream Catcher","Blood Vial"],"potions_floor_usage":[],"damage_taken":[{"damage":1.0,"enemies":"2 Louse","floor":1.0,"turns":3.0},{"damage":28.0,"enemies":"Jaw Worm","floor":3.0,"turns":7.0},{"damage":14.0,"enemies":"Small Slimes","floor":4.0,"turns":4.0},{"damage":10.0,"enemies":"2 Fungi Beasts","floor":7.0,"turns":4.0},{"damage":59.0,"enemies":"Lagavulin","floor":8.0,"turns":9.0},{"damage":7.0,"enemies":"Exordium Thugs","floor":10.0,"turns":4.0},{"damage":20.0,"enemies":"3 Sentries","floor":13.0,"turns":8.0},{"damage":8.0,"enemies":"3 Louse","floor":14.0,"turns":4.0},{"damage":49.0,"enemies":"Slime Boss","floor":16.0,"turns":8.0},{"damage":39.0,"enemies":"3 Byrds","floor":18.0,"turns":6.0},{"damage":43,"enemies":"Shell Parasite","floor":21,"turns":6},{"damage":30,"enemies":"Snake Plant","floor":22,"turns":2}],"seed_played":"7057199426726574144","potions_obtained":[{"floor":8.0,"key":"SteroidPotion"},{"floor":10.0,"key":"PowerPotion"},{"floor":16.0,"key":"AttackPotion"},{"floor":18.0,"key":"Regen Potion"}],"is_trial":false,"path_per_floor":["M","?","M","M","$","R","M","E","T","M","R","$","E","M","R","B",null,"M","?","$","M","M"],"character_chosen":"IRONCLAD","items_purchased":["Membership Card","Lantern","Apotheosis","Inflame","Headbutt","Chrysalis","Shrug It Off","Shrug It Off","Warcry","Dramatic Entrance"],"campfire_rested":3,"item_purchase_floors":[5,5,12,12,12,20,20,20,20,20],"current_hp_per_floor":[80,80,58,50,50,74,70,17,17,16,40,40,26,26,50,9,80,55,55,55,24,0],"gold":19,"neow_bonus":"RANDOM_COLORLESS","is_prod":false,"is_daily":false,"chose_seed":false,"campfire_upgraded":0,"win_rate":0,"timestamp":1564233172,"path_taken":["M","?","M","M","$","R","M","E","T","M","R","$","E","M","R","BOSS","M","?","$","M","M"],"build_version":"2019-07-17","purchased_purges":0,"victory":false,"max_hp_per_floor":[80,80,80,80,80,80,80,80,80,80,80,80,80,80,80,80,80,84,84,84,84,84],"card_choices":[{"not_picked":["Perfected Strike","Clothesline","Havoc"],"picked":"SKIP","floor":1.0},{"not_picked":["Sword Boomerang","Entrench","Havoc"],"picked":"SKIP","floor":3.0},{"not_picked":["Body Slam","Shrug It Off"],"picked":"Clash","floor":4.0},{"not_picked":["Pommel Strike","Corruption"],"picked":"Battle Trance","floor":7.0},{"not_picked":["Blood for Blood","Sentinel"],"picked":"Pommel Strike","floor":8.0},{"not_picked":["Sword Boomerang","Entrench"],"picked":"Evolve","floor":10.0},{"not_picked":["Flame Barrier","Cleave"],"picked":"Rampage","floor":13.0},{"not_picked":["Pummel","Cleave"],"picked":"Body Slam","floor":14.0},{"not_picked":["Hemokinesis","Perfected Strike"],"picked":"Blood for Blood","floor":15.0},{"not_picked":["Fiend Fire","Limit Break"],"picked":"Feed","floor":16.0},{"not_picked":["Shockwave","Armaments"],"picked":"Metallicize","floor":18.0},{"not_picked":["Iron Wave","Flame Barrier"],"picked":"Dual Wield","floor":21}],"player_experience":241069,"relics_obtained":[{"floor":8.0,"key":"The Courier"},{"floor":9.0,"key":"Dream Catcher"},{"floor":13.0,"key":"Blood Vial"}],"event_choices":[{"damage_healed":0.0,"max_hp_gain":0.0,"max_hp_loss":0.0,"gold_gain":175.0,"event_name":"Liars Game","player_choice":"AGREE","floor":2.0,"gold_loss":0.0,"damage_taken":0.0,"cards_obtained":["Doubt"]},{"damage_healed":0.0,"max_hp_gain":0.0,"max_hp_loss":0.0,"gold_gain":0.0,"event_name":"Ghosts","player_choice":"Ignored","floor":19.0,"gold_loss":0.0,"damage_taken":0.0}],"is_beta":false,"boss_relics":[{"not_picked":["Ectoplasm","Lizard Tail"],"picked":"Black Blood"}],"items_purged_floors":[],"is_endless":false,"potions_floor_spawned":[8,10,16,18],"killed_by":"Snake Plant","ascension_level":2}