{"gold_per_floor":[118,2,2,14,33,33,48,48,48,65,76,88,88,12,12,117,117,135,124,142,153,165,191,210,227,227,227,31,50,26,26,26,26],"floor_reached":33,"playtime":4758,"items_purged":[],"score":340,"play_id":"9999e5c3-4efe-49ce-98db-b2bd73958c70","local_time":"20190723104419","is_ascension_mode":false,"campfire_choices":[{"data":"Endless Agony","floor":6.0,"key":"SMITH"},{"data":"Distraction","floor":8.0,"key":"SMITH"},{"data":"Footwork","floor":15.0,"key":"SMITH"},{"floor":32,"key":"REST"}],"neow_cost":"NONE","seed_source_timestamp":5718314334662,"circlet_count":0,"master_deck":["Strike_G+1","Strike_G+1","Strike_G+1","Strike_G+1","Defend_G+1","Defend_G+1","Defend_G+1","Defend_G+1","Defend_G+1","Survivor","Neutralize","Backflip","Well Laid Plans","Backflip","Distraction+1","Endless Agony+1","Deadly Poison","Bane+1","Deflect","Footwork+1","Slice+1","Quick Slash+1","After Image","Bane+1","Acrobatics+1","Dagger Throw+1","Bane+1","Quick Slash+1","Deflect","Poisoned Stab+1","Slice+1","Choke+1","Bane+1","Infinite Blades","Backflip+1","Poisoned Stab+1"],"special_seed":0,"relics":["Ring of the Snake","Molten Egg 2","Pear","Fusion Hammer","Bronze Scales","Unceasing Top"],"potions_floor_usage":[],"damage_taken":[{"damage":0.0,"enemies":"2 Louse","floor":1.0,"turns":3.0},{"damage":3.0,"enemies":"Cultist","floor":4.0,"turns":5.0},{"damage":5.0,"enemies":"Jaw Worm","floor":5.0,"turns":7.0},{"damage":7.0,"enemies":"Gremlin Gang","floor":7.0,"turns":9.0},{"damage":0.0,"enemies":"Exordium Wildlife","floor":10.0,"turns":6.0},{"damage":2.0,"enemies":"Large Slime","floor":11.0,"turns":9.0},{"damage":3.0,"enemies":"2 Fungi Beasts","floor":12.0,"turns":3.0},{"damage":30.0,"enemies":"Hexaghost","floor":16.0,"turns":10.0},{"damage":0.0,"enemies":"3 Byrds","floor":18.0,"turns":5.0},{"damage":10.0,"enemies":"2 Thieves","floor":19.0,"turns":4.0},{"damage":8.0,"enemies":"Sentry and Sphere","floor":20.0,"turns":8.0},{"damage":0.0,"enemies":"Centurion and Healer","floor":21.0,"turns":6.0},{"damage":8.0,"enemies":"Shelled Parasite and Fungi","floor":22.0,"turns":5.0},{"damage":50.0,"enemies":"Slavers","floor":23.0,"turns":7.0},{"damage":1.0,"enemies":"Cultist and Chosen","floor":24.0,"turns":6.0},{"damage":10,"enemies":"Snake Plant","floor":25,"turns":4},{"damage":5,"enemies":"Colosseum Slavers","floor":27,"turns":4},{"damage":6,"enemies":"3 Cultists","floor":29,"turns":4},{"damage":33,"enemies":"Champ","floor":33,"turns":8}],"seed_played":"-1239265044271573106","potions_obtained":[{"floor":4.0,"key":"Ancient Potion"},{"floor":5.0,"key":"SkillPotion"},{"floor":10.0,"key":"Block Potion"},{"floor":18.0,"key":"PowerPotion"},{"floor":20.0,"key":"GhostInAJar"},{"floor":21.0,"key":"Regen Potion"},{"floor":23.0,"key":"GhostInAJar"}],"is_trial":false,"path_per_floor":["M","$","?","M","M","R","M","R","T","M","M","M","?","$","R","B",null,"M","M","M","M","M","E","M","M","T","?","$","M","$","?","R","B"],"character_chosen":"THE_SILENT","items_purchased":["Well Laid Plans","Backflip","Slice+1","Quick Slash+1","Choke+1","Bane+1","Infinite Blades","Poisoned Stab+1"],"campfire_rested":1,"item_purchase_floors":[2,2,14,14,28,28,28,30],"current_hp_per_floor":[77,77,77,74,69,69,62,62,62,62,60,57,67,67,67,37,87,87,77,69,69,61,26,25,15,15,10,10,4,4,4,30,0],"gold":26,"neow_bonus":"TEN_PERCENT_HP_BONUS","is_prod":false,"is_daily":false,"chose_seed":false,"campfire_upgraded":3,"win_rate":0.0,"timestamp":1563871459,"path_taken":["M","$","?","M","M","R","M","R","T","M","?","M","?","$","R","BOSS","M","?","M","M","M","E","M","M","T","?","$","M","$","?","R","BOSS"],"build_version":"2019-07-17","purchased_purges":0,"victory":false,"max_hp_per_floor":[77,77,77,77,77,77,77,77,77,77,77,77,87,87,87,87,87,87,87,87,87,87,87,87,87,87,87,87,87,87,87,87,87],"card_choices":[{"not_picked":["Bane","Cloak And Dagger"],"picked":"Backflip","floor":1.0},{"not_picked":["Eviscerate","Bane"],"picked":"Distraction","floor":4.0},{"not_picked":["Sucker Punch","Dodge and Roll"],"picked":"Endless Agony","floor":5.0},{"not_picked":["Dodge and Roll","Poisoned Stab"],"picked":"Deadly Poison","floor":7.0},{"not_picked":["Blade Dance","Well Laid Plans"],"picked":"Bane+1","floor":10.0},{"not_picked":["Flying Knee+1","Dagger Spray+1"],"picked":"Deflect","floor":11.0},{"not_picked":["Reflex","Bouncing Flask"],"picked":"Footwork","floor":12.0},{"not_picked":["Venomology","Burst"],"picked":"After Image","floor":16.0},{"not_picked":["Infinite Blades","Blur"],"picked":"Bane+1","floor":18.0},{"not_picked":["Expertise","Eviscerate+1"],"picked":"Acrobatics+1","floor":19.0},{"not_picked":["Prepared+1","Blade Dance"],"picked":"Dagger Throw+1","floor":20.0},{"not_picked":["Well Laid Plans","Predator+1"],"picked":"Bane+1","floor":21.0},{"not_picked":["Flechettes+1","Expertise+1"],"picked":"Quick Slash+1","floor":22.0},{"not_picked":["Acrobatics","Flechettes+1"],"picked":"Deflect","floor":23.0},{"not_picked":["Dagger Spray+1","Deadly Poison"],"picked":"Poisoned Stab+1","floor":24.0},{"not_picked":["Tools of the Trade","Underhanded Strike+1"],"picked":"Slice+1","floor":25},{"not_picked":["Prepared","Tactician+1"],"picked":"Backflip+1","floor":29}],"player_experience":176306,"relics_obtained":[{"floor":9.0,"key":"Molten Egg 2"},{"floor":13.0,"key":"Pear"},{"floor":23.0,"key":"Bronze Scales"},{"floor":26,"key":"Unceasing Top"}],"event_choices":[{"cards_removed":["Strike_G"],"damage_healed":0.0,"max_hp_gain":0.0,"max_hp_loss":0.0,"gold_gain":0.0,"event_name":"Bonfire Elementals","player_choice":"Offered Basic","floor":3.0,"gold_loss":0.0,"damage_taken":0.0},{"damage_healed":0.0,"max_hp_gain":0.0,"max_hp_loss":0.0,"gold_gain":0.0,"event_name":"Wheel of Change","player_choice":"Relic","floor":13.0,"gold_loss":0.0,"damage_taken":0.0},{"damage_healed":0,"gold_gain":0,"player_choice":"Fight","damage_taken":0,"max_hp_gain":0,"max_hp_loss":0,"event_name":"Colosseum","floor":27,"gold_loss":0},{"damage_healed":0,"gold_gain":0,"player_choice":"Fled From Nobs","damage_taken":0,"max_hp_gain":0,"max_hp_loss":0,"event_name":"Colosseum","floor":27,"gold_loss":0},{"damage_healed":0,"gold_gain":0,"player_choice":"Simplicity","damage_taken":0,"max_hp_gain":0,"max_hp_loss":0,"event_name":"Back to Basics","floor":31,"gold_loss":0,"cards_upgraded":["Strike_G","Strike_G","Strike_G","Strike_G","Defend_G","Defend_G","Defend_G","Defend_G","Defend_G"]}],"is_beta":false,"boss_relics":[{"not_picked":["Velvet Choker","Tiny House"],"picked":"Fusion Hammer"}],"items_purged_floors":[],"is_endless":false,"potions_floor_spawned":[4,5,10,18,20,21,23,24],"killed_by":"Champ","ascension_level":0}