{"gold_per_floor":[110,26,38,38,38,72,24,38,38,38,54,54,72,97,97,228,228,248,248,159,159,178,178,194,294,294,294,90,90],"floor_reached":29,"playtime":2252,"items_purged":[],"score":234,"play_id":"17e9d7c4-b19b-4d17-ba28-b932a6178bd9","local_time":"20190724165135","is_ascension_mode":true,"campfire_choices":[{"floor":10.0,"key":"REST"},{"floor":12.0,"key":"REST"},{"data":"Discovery","floor":15.0,"key":"SMITH"},{"floor":23,"key":"REST"},{"floor":27,"key":"REST"}],"neow_cost":"NONE","seed_source_timestamp":31292093289671,"circlet_count":0,"master_deck":["Strike_R","Strike_R","Strike_R","Strike_R","Strike_R","Defend_R","Defend_R","Defend_R","Defend_R","Bash","Trip","Sword Boomerang","Discovery+1","Armaments","Headbutt","Anger","Brutality","Flex","Headbutt+1","Fire Breathing","Bludgeon+1","Shrug It Off+1","Combust","Headbutt+1","Clash+1","Rampage+1","Metallicize","Mind Blast+1","Shockwave+1"],"special_seed":0,"relics":["Black Blood","Golden Idol","Shovel","Centennial Puzzle","Molten Egg 2","Toxic Egg 2"],"potions_floor_usage":[],"damage_taken":[{"damage":0.0,"enemies":"Small Slimes","floor":1.0,"turns":3.0},{"damage":6.0,"enemies":"Jaw Worm","floor":3.0,"turns":3.0},{"damage":37.0,"enemies":"3 Sentries","floor":6.0,"turns":9.0},{"damage":3.0,"enemies":"2 Louse","floor":8.0,"turns":2.0},{"damage":14.0,"enemies":"Exordium Thugs","floor":11.0,"turns":3.0},{"damage":5.0,"enemies":"Large Slime","floor":13.0,"turns":5.0},{"damage":3.0,"enemies":"Red Slaver","floor":14.0,"turns":3.0},{"damage":55,"enemies":"Hexaghost","floor":16,"turns":10},{"damage":42,"enemies":"Shell Parasite","floor":18,"turns":9},{"damage":21,"enemies":"Spheric Guardian","floor":22,"turns":4},{"damage":46,"enemies":"Shelled Parasite and Fungi","floor":24,"turns":7},{"damage":49,"enemies":"Centurion and Healer","floor":29,"turns":5}],"seed_played":"-7821204169308088419","potions_obtained":[{"floor":6.0,"key":"Strength Potion"},{"floor":11.0,"key":"FearPotion"},{"floor":16,"key":"FearPotion"},{"floor":24,"key":"PowerPotion"}],"is_trial":false,"path_per_floor":["M","$","M","?","?","E","$","M","T","R","M","R","M","M","R","B",null,"M","?","$","?","M","R","M","?","T","R","$","M"],"character_chosen":"IRONCLAD","items_purchased":["Discovery","Anger","Combust","Headbutt+1","Metallicize","Mind Blast+1","Shockwave+1"],"campfire_rested":4,"item_purchase_floors":[2,7,20,20,28,28,28],"current_hp_per_floor":[80,80,80,60,42,11,11,14,14,38,30,54,55,58,58,9,80,48,48,48,48,37,61,25,25,25,49,49,0],"gold":90,"neow_bonus":"RANDOM_COLORLESS","is_prod":false,"is_daily":false,"chose_seed":false,"campfire_upgraded":1,"win_rate":0,"timestamp":1563979895,"path_taken":["M","$","M","?","?","E","$","M","T","R","M","R","M","M","R","BOSS","M","?","$","?","M","R","M","?","T","R","$","M"],"build_version":"2019-07-17","purchased_purges":0,"victory":false,"max_hp_per_floor":[80,80,80,80,80,80,80,80,80,80,80,80,80,80,80,80,80,80,80,80,80,80,80,80,80,80,80,80,80],"card_choices":[{"not_picked":["True Grit","Perfected Strike"],"picked":"Sword Boomerang","floor":1.0},{"not_picked":["Fire Breathing","Intimidate"],"picked":"Armaments","floor":3.0},{"not_picked":["Pummel","Cleave"],"picked":"Headbutt","floor":6.0},{"not_picked":["Cleave","Warcry"],"picked":"Brutality","floor":8.0},{"not_picked":["True Grit","Havoc"],"picked":"Flex","floor":11.0},{"not_picked":["Warcry","True Grit"],"picked":"Headbutt+1","floor":13.0},{"not_picked":["Ghostly Armor","Wild Strike+1"],"picked":"Fire Breathing","floor":14.0},{"not_picked":["Exhume","Brutality"],"picked":"Bludgeon+1","floor":16},{"not_picked":["Clothesline+1","Heavy Blade+1"],"picked":"Shrug It Off+1","floor":18},{"not_picked":["Sever Soul+1","Shrug It Off"],"picked":"Clash+1","floor":22},{"not_picked":["Sword Boomerang+1","Cleave+1"],"picked":"Rampage+1","floor":24}],"player_experience":201438,"relics_obtained":[{"floor":6.0,"key":"Centennial Puzzle"},{"floor":9.0,"key":"Molten Egg 2"},{"floor":26,"key":"Toxic Egg 2"}],"event_choices":[{"damage_healed":0.0,"max_hp_gain":0.0,"max_hp_loss":0.0,"gold_gain":0.0,"event_name":"Golden Idol","player_choice":"Take Damage","floor":4.0,"gold_loss":0.0,"damage_taken":20.0,"relics_obtained":["Golden Idol"]},{"damage_healed":0.0,"max_hp_gain":0.0,"max_hp_loss":0.0,"gold_gain":0.0,"event_name":"Scrap Ooze","player_choice":"Success","floor":5.0,"gold_loss":0.0,"damage_taken":18.0,"relics_obtained":["Shovel"]},{"damage_healed":0,"gold_gain":0,"player_choice":"Ignored","damage_taken":0,"max_hp_gain":0,"max_hp_loss":0,"event_name":"Ghosts","floor":19,"gold_loss":0},{"damage_healed":0,"gold_gain":0,"player_choice":"Ignored","damage_taken":0,"max_hp_gain":0,"max_hp_loss":0,"event_name":"Vampires","floor":21,"gold_loss":0},{"damage_healed":0,"gold_gain":100,"player_choice":"Pray","damage_taken":0,"max_hp_gain":0,"max_hp_loss":0,"event_name":"Golden Shrine","floor":25,"gold_loss":0}],"is_beta":false,"boss_relics":[{"not_picked":["Lizard Tail","Coffee Dripper"],"picked":"Black Blood"}],"items_purged_floors":[],"is_endless":false,"potions_floor_spawned":[6,11,16,24],"killed_by":"Centurion and Healer","ascension_level":1}