{"gold_per_floor":[110,60,135,146,47,74,74,100,127,146,146,9,9,29,29,127,127,147,217,236,249,263,291,302,302,302,313,331,331,331,28,28,123,123,133,133,144,14,24,24,54,54,77,88,88,103,103,117,117,117],"floor_reached":51,"playtime":2828,"items_purged":["Strike_B","Strike_B","Strike_B"],"score":812,"play_id":"760a1512-fe2f-42b2-8375-945051cc3836","local_time":"20190113160343","is_ascension_mode":true,"campfire_choices":[{"data":"Chill","floor":7,"key":"SMITH"},{"data":"Storm","floor":13,"key":"SMITH"},{"data":"Electrodynamics","floor":15,"key":"SMITH"},{"data":"Machine Learning","floor":25,"key":"SMITH"},{"data":"Storm","floor":32,"key":"SMITH"},{"data":"Force Field","floor":40,"key":"SMITH"},{"data":"Heatsinks","floor":45,"key":"SMITH"},{"data":"Glacier","floor":47,"key":"SMITH"},{"floor":49,"key":"REST"}],"neow_cost":"NONE","seed_source_timestamp":3353730653185418,"circlet_count":0,"master_deck":["Defend_B","Defend_B","Zap","Dualcast","Conserve Battery","Chill+1","Conserve Battery","Glacier+1","White Noise","Storm+1","Self Repair","Electrodynamics+1","Machine Learning+1","Writhe","Ball Lightning+1","Storm+1","Decay","Loop","Storm+1","Machine Learning","White Noise","Panache","Force Field+1","Heatsinks+1","Leap","Conserve Battery","Clumsy","Hello World+1","Cold Snap+1"],"relics":["Cracked Core","NeowsBlessing","Lantern","Blue Candle","Ancient Tea Set","Letter Opener","Cursed Key","Bottled Tornado","Vajra","Singing Bowl","Nilry\u0027s Codex","Art of War","Empty Cage","Bottled Lightning","Toxic Egg 2","Boot"],"potions_floor_usage":[18,21,22,23,30,33],"damage_taken":[{"damage":0,"enemies":"Small Slimes","floor":1,"turns":1},{"damage":0,"enemies":"Jaw Worm","floor":4,"turns":1},{"damage":0,"enemies":"3 Sentries","floor":6,"turns":1},{"damage":12,"enemies":"Lagavulin","floor":8,"turns":10},{"damage":0,"enemies":"Cultist","floor":10,"turns":5},{"damage":0,"enemies":"Lots of Slimes","floor":14,"turns":2},{"damage":11,"enemies":"The Guardian","floor":16,"turns":9},{"damage":5,"enemies":"Shell Parasite","floor":18,"turns":4},{"damage":11,"enemies":"Spheric Guardian","floor":20,"turns":3},{"damage":1,"enemies":"Cultist and Chosen","floor":21,"turns":4},{"damage":14,"enemies":"Shelled Parasite and Fungi","floor":22,"turns":5},{"damage":26,"enemies":"Gremlin Leader","floor":23,"turns":5},{"damage":8,"enemies":"Chosen and Byrds","floor":24,"turns":3},{"damage":8,"enemies":"Cultist and Chosen","floor":27,"turns":2},{"damage":0,"enemies":"Centurion and Healer","floor":28,"turns":2},{"damage":0,"enemies":"Colosseum Slavers","floor":30,"turns":1},{"damage":33,"enemies":"Champ","floor":33,"turns":8},{"damage":6,"enemies":"Orb Walker","floor":35,"turns":2},{"damage":0,"enemies":"3 Darklings","floor":37,"turns":1},{"damage":0,"enemies":"Jaw Worm Horde","floor":39,"turns":1},{"damage":19,"enemies":"Giant Head","floor":41,"turns":7},{"damage":0,"enemies":"4 Shapes","floor":44,"turns":1},{"damage":9,"enemies":"Writhing Mass","floor":46,"turns":2},{"damage":0,"enemies":"3 Darklings","floor":48,"turns":1},{"damage":19,"enemies":"Donu and Deca","floor":50,"turns":4}],"seed_played":"-997045710243960650","potions_obtained":[{"floor":4,"key":"PowerPotion"},{"floor":10,"key":"Regen Potion"},{"floor":14,"key":"LiquidBronze"},{"floor":18,"key":"Swift Potion"},{"floor":21,"key":"PowerPotion"},{"floor":27,"key":"PowerPotion"},{"floor":33,"key":"Energy Potion"},{"floor":37,"key":"Dexterity Potion"},{"floor":44,"key":"Poison Potion"},{"floor":46,"key":"FearPotion"}],"is_trial":false,"path_per_floor":["M","?","?","M","$","E","R","E","T","M","T","$","R","M","R","B",null,"M","T","M","M","M","E","M","R","T","M","M","?","?","$","R","B",null,"M","?","M","$","M","R","E","?","T","M","R","M","R","M","R","B",null],"character_chosen":"DEFECT","items_purchased":["Conserve Battery","Self Repair","Art of War","Storm","Heatsinks","Leap"],"campfire_rested":1,"item_purchase_floors":[5,12,31,31,38,38],"current_hp_per_floor":[75,75,64,64,64,64,64,52,52,52,52,52,52,52,52,48,75,75,75,64,75,68,49,48,48,48,40,42,26,26,26,26,15,77,77,71,71,71,71,71,61,61,61,63,63,54,54,54,79,67],"gold":117,"neow_bonus":"THREE_ENEMY_KILL","is_prod":false,"is_daily":false,"chose_seed":false,"campfire_upgraded":8,"win_rate":0,"timestamp":1547413423,"path_taken":["M","?","?","M","$","E","R","E","T","M","?","?","R","M","R","BOSS","M","?","M","M","M","E","?","R","T","M","M","?","?","?","R","BOSS","M","?","M","$","M","R","E","?","T","M","R","?","R","M","R","BOSS"],"build_version":"2019-01-10","purchased_purges":3,"victory":true,"max_hp_per_floor":[75,75,75,75,75,75,75,75,75,75,75,75,75,75,75,75,75,75,75,75,75,75,75,75,75,75,75,77,77,77,77,77,77,77,77,81,81,81,81,81,83,83,83,85,85,85,85,85,85,85],"card_choices":[{"not_picked":["BootSequence","Hologram"],"picked":"Conserve Battery","floor":1},{"not_picked":["Leap","Turbo"],"picked":"Chill","floor":4},{"not_picked":["Reprogram","Streamline"],"picked":"Glacier","floor":6},{"not_picked":["Rebound","Heatsinks"],"picked":"White Noise","floor":8},{"not_picked":["Leap","Streamline"],"picked":"Storm","floor":10},{"not_picked":["Lockon","Go for the Eyes"],"picked":"Electrodynamics","floor":14},{"not_picked":["Seek","All For One"],"picked":"Machine Learning","floor":16},{"not_picked":["Cold Snap","Streamline","Redo"],"picked":"SKIP","floor":18},{"not_picked":["Compile Driver","Reinforced Body","Gash"],"picked":"SKIP","floor":20},{"not_picked":["Steam+1","All For One","Darkness"],"picked":"SKIP","floor":21},{"not_picked":["Hologram","Conserve Battery"],"picked":"Ball Lightning+1","floor":22},{"not_picked":["Go for the Eyes+1","Undo","Rebound"],"picked":"SKIP","floor":23},{"not_picked":["Turbo","Double Energy+1"],"picked":"Storm+1","floor":24},{"not_picked":["Ball Lightning","Streamline+1"],"picked":"Loop","floor":27},{"not_picked":["Genetic Algorithm+1","BootSequence","Compile Driver"],"picked":"Singing Bowl","floor":28},{"not_picked":["Meteor Strike","Echo Form"],"picked":"Machine Learning","floor":33},{"not_picked":["Turbo","Scrape"],"picked":"White Noise","floor":35},{"not_picked":["Finesse","Master of Strategy"],"picked":"Panache","floor":36},{"not_picked":["Thinking Ahead","Sadistic Nature","Swift Strike"],"picked":"Singing Bowl","floor":36},{"not_picked":["Apotheosis","The Bomb","Deep Breath"],"picked":"Singing Bowl","floor":36},{"not_picked":["Sunder+1","Sweeping Beam"],"picked":"Force Field","floor":37},{"not_picked":["Beam Cell","Steam+1"],"picked":"Conserve Battery","floor":39},{"not_picked":["Scrape+1","Stack","FTL+1"],"picked":"Singing Bowl","floor":41},{"not_picked":["Redo+1","Fusion+1","Streamline+1"],"picked":"Singing Bowl","floor":44},{"not_picked":["Steam+1","Ball Lightning"],"picked":"Hello World+1","floor":46},{"not_picked":["Steam+1","Turbo+1"],"picked":"Cold Snap+1","floor":48}],"player_experience":205094,"relics_obtained":[{"floor":6,"key":"Lantern"},{"floor":8,"key":"Blue Candle"},{"floor":9,"key":"Ancient Tea Set"},{"floor":11,"key":"Letter Opener"},{"floor":19,"key":"Bottled Tornado"},{"floor":23,"key":"Vajra"},{"floor":26,"key":"Singing Bowl"},{"floor":29,"key":"Nilry\u0027s Codex"},{"floor":41,"key":"Bottled Lightning"},{"floor":43,"key":"Boot"}],"event_choices":[{"cards_removed":["Defend_B"],"damage_healed":0,"gold_gain":0,"player_choice":"Card Removal","damage_taken":0,"max_hp_gain":0,"max_hp_loss":0,"event_name":"The Cleric","floor":2,"gold_loss":50},{"damage_healed":0,"gold_gain":75,"player_choice":"Gather Gold","damage_taken":11,"max_hp_gain":0,"max_hp_loss":0,"event_name":"World of Goop","floor":3,"gold_loss":0},{"damage_healed":0,"gold_gain":0,"player_choice":"Obtained Book","damage_taken":16,"max_hp_gain":0,"max_hp_loss":0,"event_name":"Cursed Tome","floor":29,"gold_loss":0},{"damage_healed":0,"gold_gain":0,"player_choice":"Fight","damage_taken":0,"max_hp_gain":0,"max_hp_loss":0,"event_name":"Colosseum","floor":30,"gold_loss":0},{"damage_healed":0,"gold_gain":0,"player_choice":"Fled From Nobs","damage_taken":0,"max_hp_gain":0,"max_hp_loss":0,"event_name":"Colosseum","floor":30,"gold_loss":0},{"damage_healed":0,"gold_gain":0,"player_choice":"Memory 3","damage_taken":10,"max_hp_gain":0,"max_hp_loss":0,"event_name":"SensoryStone","floor":36,"gold_loss":0},{"damage_healed":0,"gold_gain":0,"player_choice":"Gave Potion","damage_taken":0,"relics_obtained":["Toxic Egg 2"],"max_hp_gain":0,"max_hp_loss":0,"event_name":"WeMeetAgain","floor":42,"gold_loss":0}],"is_beta":false,"boss_relics":[{"not_picked":["Snecko Eye","Orrery"],"picked":"Cursed Key"},{"not_picked":["Pandora\u0027s Box","Runic Pyramid"],"picked":"Empty Cage"}],"items_purged_floors":[5,12,31],"is_endless":false,"potions_floor_spawned":[4,10,14,16,18,21,27,33,37,44,46],"ascension_level":3}