{"gold_per_floor":[118,128,128,141,31,59,59,59,59,59],"floor_reached":10,"playtime":662,"items_purged":["Strike_G"],"score":79,"play_id":"04e3164d-7e67-45fa-ae0a-0b418d8a85c0","local_time":"20181019224035","is_ascension_mode":true,"campfire_choices":[],"neow_cost":"NONE","seed_source_timestamp":0,"circlet_count":0,"master_deck":["Defend_G+1","Defend_G","Defend_G","Defend_G","Defend_G","Strike_G","Strike_G","Strike_G","Strike_G","Survivor","Neutralize","Panacea","PiercingWail+1","Dagger Throw","Backstab","Dodge and Roll","Decay"],"special_seed":0,"relics":["Ring of the Snake","Ginger","Pear"],"potions_floor_usage":[6],"damage_taken":[{"damage":2,"enemies":"Jaw Worm","floor":1,"turns":6},{"damage":2,"enemies":"Small Slimes","floor":2,"turns":4},{"damage":0,"enemies":"2 Louse","floor":4,"turns":3},{"damage":7,"enemies":"Lagavulin","floor":6,"turns":11},{"damage":56,"enemies":"Gremlin Nob","floor":10,"turns":6}],"seed_played":"-2558234538485805870","potions_obtained":[{"floor":2,"key":"SpeedPotion"}],"is_trial":false,"path_per_floor":["M","M","?","M","$","E","$","?","T"],"character_chosen":"THE_SILENT","items_purchased":["Backstab"],"campfire_rested":0,"item_purchase_floors":[5],"current_hp_per_floor":[68,66,52,52,52,45,45,45,55,0],"gold":59,"neow_bonus":"RANDOM_COLORLESS","is_prod":false,"is_daily":false,"chose_seed":false,"campfire_upgraded":0,"win_rate":0,"timestamp":1539960035,"path_taken":["M","M","?","M","$","E","$","?","T","E"],"build_version":"2018-10-18","purchased_purges":1,"victory":false,"max_hp_per_floor":[70,70,70,70,70,70,70,70,80,80],"card_choices":[{"not_picked":["Underhanded Strike","Flying Knee"],"picked":"PiercingWail","floor":1},{"not_picked":["Outmaneuver","Backflip","Underhanded Strike"],"picked":"SKIP","floor":2},{"not_picked":["Outmaneuver","Deflect"],"picked":"Dagger Throw","floor":4},{"not_picked":["Predator","Deflect"],"picked":"Dodge and Roll","floor":6}],"player_experience":436557,"relics_obtained":[{"floor":6,"key":"Ginger"},{"floor":9,"key":"Pear"}],"event_choices":[{"damage_healed":0,"gold_gain":0,"player_choice":"Entered Light","damage_taken":14,"max_hp_gain":0,"max_hp_loss":0,"event_name":"Shining Light","floor":3,"gold_loss":0,"cards_upgraded":["Defend_G","PiercingWail"]},{"damage_healed":0,"gold_gain":0,"player_choice":"Cursed","damage_taken":0,"max_hp_gain":0,"max_hp_loss":0,"event_name":"Wheel of Change","floor":8,"gold_loss":0,"cards_obtained":["Decay"]}],"is_beta":false,"boss_relics":[],"items_purged_floors":[5],"is_endless":false,"potions_floor_spawned":[2],"killed_by":"Gremlin Nob","ascension_level":4}