{"gold_per_floor":[114,21,21,37,51,78,90,124,124,124,137,137,50,50,50,124,124,140,140,153,153,68,68,68,11,36,36,51,83,83,114,114,189,189,209,484,503,72,87,87,122,122,122,152,152,185,17,17,17,17,17,17,17,50,50],"floor_reached":55,"playtime":4096,"items_purged":["Regret"],"score":1516,"play_id":"397a976f-2d93-412b-a150-35173d9a5f5b","local_time":"20190821121151","is_ascension_mode":true,"campfire_choices":[{"floor":10.0,"key":"REST"},{"floor":15.0,"key":"REST"},{"floor":23.0,"key":"REST"},{"floor":27.0,"key":"REST"},{"floor":32.0,"key":"REST"},{"floor":40.0,"key":"REST"},{"floor":42.0,"key":"REST"},{"floor":45.0,"key":"REST"},{"floor":49.0,"key":"RECALL"},{"floor":52.0,"key":"REST"}],"neow_cost":"NONE","seed_source_timestamp":1006500517720497,"circlet_count":0,"master_deck":["AscendersBane","Defend_B","Defend_B","Defend_B","Defend_B","Zap","Dualcast","Chaos","Sunder+1","Beam Cell+1","Conserve Battery","Go for the Eyes","Defragment","Cold Snap+1","Coolheaded","Fusion+1","Creative AI","Electrodynamics","Undo+1","Defragment","Bite+1","Bite+1","Bite+1","Bite+1","Bite+1","Beam Cell+1","Darkness+1","Hologram","Buffer","Conserve Battery+1","Stack","Loop+1","Multi-Cast","Leap","Hologram+1"],"special_seed":0,"relics":["Cracked Core","Question Card","Happy Flower","Orichalcum","Inserter","Molten Egg 2","Ancient Tea Set","Mango","PreservedInsect","Red Mask","Fusion Hammer","Frozen Egg 2","Whetstone","Torii","Art of War","Oddly Smooth Stone","Ornamental Fan","Boot"],"potions_floor_usage":[55,55],"damage_taken":[{"damage":0.0,"enemies":"Small Slimes","floor":1.0,"turns":3.0},{"damage":0.0,"enemies":"Cultist","floor":4.0,"turns":3.0},{"damage":3.0,"enemies":"2 Louse","floor":5.0,"turns":3.0},{"damage":28.0,"enemies":"Lagavulin","floor":6.0,"turns":5.0},{"damage":19.0,"enemies":"Exordium Thugs","floor":7.0,"turns":4.0},{"damage":38.0,"enemies":"3 Sentries","floor":8.0,"turns":8.0},{"damage":9.0,"enemies":"Large Slime","floor":11.0,"turns":6.0},{"damage":39.0,"enemies":"The Guardian","floor":16.0,"turns":11.0},{"damage":24.0,"enemies":"2 Thieves","floor":18.0,"turns":3.0},{"damage":18.0,"enemies":"Spheric Guardian","floor":20.0,"turns":6.0},{"damage":11.0,"enemies":"Snecko","floor":28.0,"turns":5.0},{"damage":9.0,"enemies":"Gremlin Leader","floor":29.0,"turns":8.0},{"damage":39.0,"enemies":"Masked Bandits","floor":31.0,"turns":4.0},{"damage":39.0,"enemies":"Champ","floor":33.0,"turns":12.0},{"damage":45.0,"enemies":"3 Shapes","floor":35.0,"turns":4.0},{"damage":31.0,"enemies":"Orb Walker","floor":37.0,"turns":5.0},{"damage":26.0,"enemies":"Sphere and 2 Shapes","floor":39.0,"turns":9.0},{"damage":12.0,"enemies":"Nemesis","floor":41.0,"turns":9.0},{"damage":31.0,"enemies":"Reptomancer","floor":44.0,"turns":8.0},{"damage":1.0,"enemies":"Giant Head","floor":46.0,"turns":6.0},{"damage":52.0,"enemies":"Donu and Deca","floor":50.0,"turns":9.0},{"damage":63.0,"enemies":"Shield and Spear","floor":54.0,"turns":20.0},{"damage":98,"enemies":"The Heart","floor":55,"turns":5}],"seed_played":"3680296194880132020","potions_obtained":[{"floor":1.0,"key":"LiquidBronze"},{"floor":4.0,"key":"GamblersBrew"},{"floor":7.0,"key":"Regen Potion"},{"floor":8.0,"key":"Dexterity Potion"},{"floor":28.0,"key":"AttackPotion"},{"floor":29.0,"key":"Ancient Potion"}],"is_trial":false,"path_per_floor":["M","$","?","M","M","E","M","E","T","R","M","?","$","?","R","B",null,"M","?","M","?","?","R","?","$","T","R","M","E","T","?","R","B",null,"M","?","M","$","M","R","E","R","T","E","R","E","$","T","R","B",null,"R","$","E","B"],"character_chosen":"DEFECT","items_purchased":["Sunder","Beam Cell","Creative AI","Beam Cell+1","Frozen Egg 2","Loop+1","Oddly Smooth Stone"],"campfire_rested":9,"item_purchase_floors":[2,2,13,25,38,38,47],"current_hp_per_floor":[66,66,66,68,67,41,24,3,3,24,17,17,17,17,38,1,54,32,32,16,16,16,37,37,37,37,58,56,82,82,49,74,77,83,49,49,27,27,22,47,41,66,66,53,78,85,85,85,85,42,74,85,85,85,0],"gold":50,"neow_bonus":"RANDOM_COMMON_RELIC","is_prod":false,"is_daily":false,"chose_seed":false,"campfire_upgraded":0,"win_rate":0,"timestamp":1566403911,"path_taken":["M","$","?","M","M","E","?","E","T","R","M","?","?","?","R","BOSS","M","?","M","?","?","R","?","$","T","R","M","E","?","?","R","BOSS","M","?","M","$","M","R","E","R","T","E","R","E","$","?","R","BOSS","R","$","E","BOSS"],"build_version":"2019-07-17","purchased_purges":1,"victory":false,"max_hp_per_floor":[71,71,71,71,71,71,71,71,71,71,71,71,71,71,71,71,71,71,71,71,71,71,71,71,71,71,71,71,85,85,85,85,85,85,85,85,85,85,85,85,85,85,85,85,85,85,85,85,85,85,85,85,85,85,85],"card_choices":[{"not_picked":["Reinforced Body","Barrage"],"picked":"Chaos","floor":1.0},{"not_picked":["Loop","Stack"],"picked":"Conserve Battery","floor":4.0},{"not_picked":["Conserve Battery","Heatsinks"],"picked":"Go for the Eyes","floor":5.0},{"not_picked":["Turbo","Rebound","Redo"],"picked":"SKIP","floor":6.0},{"not_picked":["Genetic Algorithm","Cold Snap","Leap"],"picked":"Defragment","floor":7.0},{"not_picked":["Beam Cell","Turbo","Machine Learning"],"picked":"Cold Snap","floor":8.0},{"not_picked":["Force Field","Go for the Eyes","Beam Cell"],"picked":"Coolheaded","floor":11.0},{"not_picked":["Creative AI","Reboot","Meteor Strike"],"picked":"Electrodynamics","floor":16.0},{"not_picked":["Coolheaded","Fusion","Barrage"],"picked":"Undo+1","floor":18.0},{"not_picked":["Cold Snap","Go for the Eyes","Hello World"],"picked":"Defragment","floor":20.0},{"not_picked":["Stack","Chill","Loop"],"picked":"Darkness+1","floor":28.0},{"not_picked":["Turbo","Echo Form","Hyperbeam+1"],"picked":"Hologram","floor":29.0},{"not_picked":["Seek","All For One+1","Rainbow"],"picked":"Buffer","floor":33.0},{"not_picked":["Go for the Eyes+1","Gash+1","Compile Driver+1"],"picked":"Conserve Battery+1","floor":35.0},{"not_picked":["Rebound+1","Heatsinks","Gash+1"],"picked":"Stack","floor":37.0},{"not_picked":["Steam+1","Consume","Tempest"],"picked":"Multi-Cast","floor":39.0},{"not_picked":["Beam Cell+1","Capacitor+1","Ball Lightning+1"],"picked":"Leap","floor":41.0},{"not_picked":["Sunder+1","Cold Snap+1","Multi-Cast"],"picked":"Hologram+1","floor":44.0},{"not_picked":["Steam","Gash+1","Sweeping Beam+1","FTL+1"],"picked":"SKIP","floor":46.0},{"not_picked":["Go for the Eyes+1","Hologram","Fusion","Lockon+1"],"picked":"SKIP","floor":54.0}],"player_experience":1084360,"relics_obtained":[{"floor":6.0,"key":"Question Card"},{"floor":8.0,"key":"Happy Flower"},{"floor":9.0,"key":"Orichalcum"},{"floor":26.0,"key":"Ancient Tea Set"},{"floor":29.0,"key":"Mango"},{"floor":30.0,"key":"PreservedInsect"},{"floor":31.0,"key":"Red Mask"},{"floor":41.0,"key":"Whetstone"},{"floor":44.0,"key":"Torii"},{"floor":46.0,"key":"Art of War"},{"floor":48.0,"key":"Ornamental Fan"},{"floor":54.0,"key":"Boot"}],"event_choices":[{"damage_healed":0.0,"max_hp_gain":0.0,"max_hp_loss":0.0,"gold_gain":0.0,"event_name":"Upgrade Shrine","player_choice":"Upgraded","floor":3.0,"gold_loss":0.0,"damage_taken":0.0,"cards_upgraded":["Sunder"]},{"damage_healed":0.0,"max_hp_gain":0.0,"max_hp_loss":0.0,"gold_gain":0.0,"cards_transformed":["Strike_B"],"event_name":"Transmorgrifier","player_choice":"Transformed","floor":12.0,"gold_loss":0.0,"damage_taken":0.0,"cards_obtained":["Fusion"]},{"damage_healed":0.0,"max_hp_gain":0.0,"max_hp_loss":0.0,"gold_gain":0.0,"event_name":"Living Wall","player_choice":"Grow","floor":14.0,"gold_loss":0.0,"damage_taken":0.0,"cards_upgraded":["Fusion"]},{"damage_healed":0.0,"max_hp_gain":0.0,"max_hp_loss":0.0,"gold_gain":0.0,"event_name":"Ghosts","player_choice":"Ignored","floor":19.0,"gold_loss":0.0,"damage_taken":0.0},{"damage_healed":0.0,"max_hp_gain":0.0,"max_hp_loss":0.0,"gold_gain":0.0,"event_name":"Cursed Tome","player_choice":"Ignored","floor":21.0,"gold_loss":0.0,"damage_taken":0.0},{"damage_healed":0.0,"max_hp_gain":0.0,"max_hp_loss":0.0,"gold_gain":0.0,"event_name":"Addict","player_choice":"Obtained Relic","floor":22.0,"gold_loss":85.0,"damage_taken":0.0,"relics_obtained":["Molten Egg 2"]},{"damage_healed":0.0,"max_hp_gain":0.0,"max_hp_loss":0.0,"gold_gain":0.0,"event_name":"Vampires","player_choice":"Became a vampire (Vial)","floor":24.0,"relics_lost":["Blood Vial"],"gold_loss":0.0,"damage_taken":0.0,"cards_obtained":["Bite","Bite","Bite","Bite","Bite"]},{"damage_healed":0.0,"max_hp_gain":0.0,"max_hp_loss":0.0,"gold_gain":0.0,"event_name":"Masked Bandits","player_choice":"Fought Bandits","floor":31.0,"gold_loss":0.0,"damage_taken":0.0},{"damage_healed":0.0,"max_hp_gain":0.0,"max_hp_loss":0.0,"gold_gain":275.0,"event_name":"Golden Shrine","player_choice":"Desecrate","floor":36.0,"gold_loss":0.0,"damage_taken":0.0,"cards_obtained":["Regret"]}],"is_beta":false,"boss_relics":[{"not_picked":["Lizard Tail","Sozu"],"picked":"Inserter"},{"not_picked":["Runic Pyramid","Astrolabe"],"picked":"Fusion Hammer"}],"items_purged_floors":[38],"is_endless":false,"potions_floor_spawned":[1,4,7,8,28,29,33,35,41,46],"killed_by":"The Heart","ascension_level":19}