{"gold_per_floor":[110,128,174,192,211,211,13,13,13,46,64,81,108,120,132,247,259,284,211,239,251,263,275,287,299,338,350,392,200,213,213],"floor_reached":31,"playtime":2808,"items_purged":["Strike_R"],"score":472,"play_id":"606f728c-339d-4a18-84e5-6cee2ac644f1","local_time":"20190820212942","is_ascension_mode":true,"campfire_choices":[{"data":"Infernal Blade","floor":6.0,"key":"SMITH"},{"data":"Twin Strike","floor":8.0,"key":"SMITH"},{"floor":15.0,"key":"REST"},{"floor":23,"key":"REST"},{"data":"Barricade","floor":25,"key":"SMITH"},{"data":"Body Slam","floor":27,"key":"SMITH"}],"neow_cost":"CURSE","seed_source_timestamp":0,"circlet_count":0,"master_deck":["Strike_R","Strike_R+1","Strike_R","Strike_R+1","Defend_R","Defend_R","Defend_R","Defend_R","Bash","Slimebound:Icky","Ghostly Armor","Infernal Blade+1","Evolve","Twin Strike+1","Body Slam","Ghostly Armor","Barricade+1","Body Slam+1","Warcry","Necronomicurse","True Grit","Metallicize","Armaments"],"special_seed":0,"relics":["Burning Blood","Gambling Chip","Bag of Marbles","Whetstone","Self Forming Clay","Regal Pillow","MawBank","Orrery","Pantograph","Necronomicon","FaceOfCleric","Orichalcum","Ornamental Fan"],"potions_floor_usage":[28,28,30,31],"damage_taken":[{"damage":6.0,"enemies":"Cultist","floor":1.0,"turns":4.0},{"damage":0.0,"enemies":"Small Slimes","floor":2.0,"turns":3.0},{"damage":2.0,"enemies":"2 Louse","floor":4.0,"turns":3.0},{"damage":0.0,"enemies":"2 Fungi Beasts","floor":5.0,"turns":2.0},{"damage":27.0,"enemies":"Lagavulin","floor":10.0,"turns":6.0},{"damage":6.0,"enemies":"Gremlin Gang","floor":11.0,"turns":4.0},{"damage":6.0,"enemies":"Looter","floor":12.0,"turns":2.0},{"damage":25.0,"enemies":"3 Sentries","floor":13.0,"turns":7.0},{"damage":61.0,"enemies":"The Guardian","floor":16.0,"turns":16.0},{"damage":30.0,"enemies":"Chosen","floor":18.0,"turns":7.0},{"damage":7.0,"enemies":"2 Thieves","floor":20.0,"turns":3.0},{"damage":55,"enemies":"Book of Stabbing","floor":28,"turns":6},{"damage":14,"enemies":"Snake Plant","floor":30,"turns":3},{"damage":21,"enemies":"Cultist and Chosen","floor":31,"turns":6}],"seed_played":"5411684031355216102","potions_obtained":[{"floor":5.0,"key":"LiquidBronze"},{"floor":10.0,"key":"Strength Potion"},{"floor":11.0,"key":"Swift Potion"},{"floor":16.0,"key":"Poison Potion"},{"floor":18.0,"key":"Energy Potion"},{"floor":28,"key":"Weak Potion"}],"is_trial":false,"path_per_floor":["M","M","T","M","M","R","$","R","T","E","M","M","E","$","R","B",null,"M","?","M","$","?","R","?","R","T","R","E","$","M","M"],"character_chosen":"IRONCLAD","items_purchased":["Whetstone","Twin Strike","Metallicize","Fire Potion"],"campfire_rested":2,"item_purchase_floors":[7,7,29,29],"current_hp_per_floor":[72,78,78,80,80,80,80,80,80,59,59,59,40,40,79,24,66,42,42,41,41,25,64,64,64,64,64,16,16,9,0],"gold":213,"neow_bonus":"ONE_RARE_RELIC","is_prod":false,"is_daily":false,"chose_seed":false,"campfire_upgraded":4,"win_rate":0,"timestamp":1566307782,"path_taken":["M","M","?","M","M","R","$","R","T","E","M","M","E","$","R","BOSS","M","?","M","$","?","R","?","R","T","R","E","$","M","M"],"build_version":"2019-07-17","purchased_purges":1,"victory":false,"max_hp_per_floor":[80,80,80,80,80,80,80,80,80,80,80,80,80,80,80,80,80,80,80,80,80,80,80,80,80,80,80,81,81,82,82],"card_choices":[{"not_picked":["Warcry","Battle Trance"],"picked":"Ghostly Armor","floor":1.0},{"not_picked":["Sever Soul","Havoc"],"picked":"Infernal Blade","floor":2.0},{"not_picked":["Burning Pact","Anger"],"picked":"Evolve","floor":4.0},{"not_picked":["Clash","Searing Blow","Sword Boomerang"],"picked":"SKIP","floor":5.0},{"not_picked":["Anger","Bludgeon"],"picked":"Body Slam","floor":10.0},{"not_picked":["Sword Boomerang","Clothesline"],"picked":"Ghostly Armor","floor":11.0},{"not_picked":["Carnage","Combust","Sword Boomerang"],"picked":"SKIP","floor":12.0},{"not_picked":["Pommel Strike","Sever Soul","Bloodletting"],"picked":"SKIP","floor":13.0},{"not_picked":["Offering","Juggernaut"],"picked":"Barricade","floor":16.0},{"not_picked":["Shrug It Off","Pummel"],"picked":"Body Slam","floor":17.0},{"not_picked":["Burning Pact","Sever Soul"],"picked":"Warcry","floor":17.0},{"not_picked":["Fire Breathing+1","Wild Strike+1","Carnage"],"picked":"SKIP","floor":18.0},{"not_picked":["Infernal Blade","Shockwave","Body Slam"],"picked":"SKIP","floor":20.0},{"not_picked":["Flex","Infernal Blade+1"],"picked":"True Grit","floor":28},{"not_picked":["Juggernaut","Clash"],"picked":"Armaments","floor":30}],"player_experience":809192,"relics_obtained":[{"floor":3.0,"key":"Bag of Marbles"},{"floor":9.0,"key":"Self Forming Clay"},{"floor":10.0,"key":"Regal Pillow"},{"floor":13.0,"key":"MawBank"},{"floor":22,"key":"Necronomicon"},{"floor":26,"key":"Orichalcum"},{"floor":28,"key":"Ornamental Fan"}],"event_choices":[{"damage_healed":0.0,"max_hp_gain":0.0,"max_hp_loss":0.0,"gold_gain":0.0,"event_name":"Addict","player_choice":"Obtained Relic","floor":19.0,"gold_loss":85.0,"damage_taken":0.0,"relics_obtained":["Pantograph"]},{"damage_healed":0,"gold_gain":0,"player_choice":"Obtained Book","damage_taken":16,"max_hp_gain":0,"max_hp_loss":0,"event_name":"Cursed Tome","floor":22,"gold_loss":0},{"damage_healed":0,"gold_gain":0,"player_choice":"Trade","damage_taken":0,"relics_obtained":["FaceOfCleric"],"max_hp_gain":0,"max_hp_loss":0,"event_name":"FaceTrader","floor":24,"gold_loss":0}],"is_beta":false,"boss_relics":[{"not_picked":["Snecko Eye","Runic Cube"],"picked":"Orrery"}],"items_purged_floors":[29],"is_endless":false,"potions_floor_spawned":[5,10,11,16,18,28],"killed_by":"Cultist and Chosen","ascension_level":6}