{"gold_per_floor":[118,137,137,137,154,154,154,177,177,215,215,246,246,262,262,393,393,408,408,323,323,339,339,357,357,430,430,444,444,459,74,74,203,203,217,550,564,485,505,518,518,529,529,529,529,529,25,39,39,39],"floor_reached":50,"playtime":5017,"items_purged":["Writhe"],"score":635,"play_id":"1166ca4f-5b8e-4bb5-aa6d-7749c1707759","local_time":"20190820234059","is_ascension_mode":true,"campfire_choices":[{"floor":6.0,"key":"REST"},{"floor":11.0,"key":"REST"},{"data":"Loop","floor":13.0,"key":"SMITH"},{"floor":15.0,"key":"REST"},{"data":"White Noise","floor":23.0,"key":"SMITH"},{"data":"Rainbow","floor":25.0,"key":"SMITH"},{"data":"Zap","floor":29.0,"key":"SMITH"},{"floor":32.0,"key":"REST"},{"floor":41.0,"key":"REST"},{"data":"Dualcast","floor":44.0,"key":"SMITH"},{"floor":46.0,"key":"REST"},{"floor":49.0,"key":"REST"}],"neow_cost":"NONE","seed_source_timestamp":0,"circlet_count":0,"master_deck":["Strike_B+1","Strike_B+1","Strike_B+1","Defend_B+1","Defend_B+1","Defend_B+1","Defend_B+1","Zap+1","Dualcast+1","Cold Snap","Cold Snap","Compile Driver","White Noise+1","Loop+1","Rainbow+1","Cold Snap+1","Core Surge+1","Conserve Battery+1","Ball Lightning+1","Fission+1","Parasite","Go for the Eyes+1","Flash of Steel+1","FTL+1","Leap+1"],"special_seed":0,"relics":["Cracked Core","Meat on the Bone","Blood Vial","Molten Egg 2","Dead Branch","Sozu","Bag of Marbles","Shuriken","Toxic Egg 2","DataDisk","Pear","Philosopher\u0027s Stone","Dodecahedron","Du-Vu Doll","Thread and Needle"],"potions_floor_usage":[],"damage_taken":[{"damage":2.0,"enemies":"Jaw Worm","floor":1.0,"turns":3.0},{"damage":9.0,"enemies":"Small Slimes","floor":2.0,"turns":4.0},{"damage":4.0,"enemies":"2 Louse","floor":5.0,"turns":2.0},{"damage":3.0,"enemies":"Exordium Wildlife","floor":8.0,"turns":3.0},{"damage":18.0,"enemies":"Lagavulin","floor":10.0,"turns":8.0},{"damage":13.0,"enemies":"Gremlin Nob","floor":12.0,"turns":4.0},{"damage":10.0,"enemies":"Blue Slaver","floor":14.0,"turns":3.0},{"damage":38.0,"enemies":"Slime Boss","floor":16.0,"turns":11.0},{"damage":0.0,"enemies":"Chosen","floor":18.0,"turns":4.0},{"damage":11.0,"enemies":"Shell Parasite","floor":22.0,"turns":5.0},{"damage":1.0,"enemies":"Snecko","floor":24.0,"turns":3.0},{"damage":11.0,"enemies":"Snake Plant","floor":28.0,"turns":4.0},{"damage":0.0,"enemies":"Sentry and Sphere","floor":30.0,"turns":4.0},{"damage":49.0,"enemies":"Collector","floor":33.0,"turns":10.0},{"damage":4.0,"enemies":"Orb Walker","floor":35.0,"turns":3.0},{"damage":27.0,"enemies":"3 Darklings","floor":37.0,"turns":5.0},{"damage":8.0,"enemies":"Writhing Mass","floor":39.0,"turns":6.0},{"damage":14.0,"enemies":"4 Shapes","floor":40.0,"turns":5.0},{"damage":8.0,"enemies":"Sphere and 2 Shapes","floor":42.0,"turns":4.0},{"damage":7.0,"enemies":"3 Darklings","floor":48.0,"turns":3.0},{"damage":86,"enemies":"Donu and Deca","floor":50,"turns":9}],"seed_played":"8074920813421659501","potions_obtained":[{"floor":1.0,"key":"Strength Potion"},{"floor":12.0,"key":"Regen Potion"},{"floor":16.0,"key":"SteroidPotion"}],"is_trial":false,"path_per_floor":["M","M","?","?","M","R","?","M","T","E","R","E","R","M","R","B",null,"M","?","?","?","M","R","M","R","T","?","M","R","M","$","R","B",null,"M","?","M","?","M","M","R","M","T","R","?","R","$","M","R","B"],"character_chosen":"DEFECT","items_purchased":["DataDisk","Pear","Thread and Needle","Flash of Steel+1","FTL+1"],"campfire_rested":7,"item_purchase_floors":[31,31,47,47,47],"current_hp_per_floor":[66,57,57,50,46,68,50,47,47,43,65,54,54,55,75,49,69,71,71,71,71,62,62,63,63,63,63,54,54,56,66,85,48,76,74,74,49,49,43,43,68,62,62,62,62,85,85,78,85,0],"gold":39,"neow_bonus":"REMOVE_CARD","is_prod":false,"is_daily":false,"chose_seed":false,"campfire_upgraded":5,"win_rate":0,"timestamp":1566340859,"path_taken":["M","M","?","?","M","R","?","M","T","E","R","E","R","?","R","BOSS","M","?","?","?","?","R","M","R","T","?","?","R","M","?","R","BOSS","M","?","M","?","M","M","R","?","T","R","?","R","$","M","R","BOSS"],"build_version":"2019-07-17","purchased_purges":1,"victory":false,"max_hp_per_floor":[75,75,75,75,75,75,75,75,75,75,75,75,75,75,75,75,75,75,75,75,75,75,75,75,75,75,75,75,75,75,85,85,85,85,85,85,85,85,85,85,85,85,85,85,85,85,85,85,85,85],"card_choices":[{"not_picked":["Reprogram","Rebound"],"picked":"Cold Snap","floor":1.0},{"not_picked":["Stack","Gash"],"picked":"Cold Snap","floor":2.0},{"not_picked":["Sweeping Beam","Streamline"],"picked":"Compile Driver","floor":5.0},{"not_picked":["Gash","Go for the Eyes"],"picked":"White Noise","floor":8.0},{"not_picked":["Redo","Sweeping Beam"],"picked":"Loop","floor":10.0},{"not_picked":["Undo","Reprogram"],"picked":"Rainbow","floor":12.0},{"not_picked":["Hologram","Scrape+1"],"picked":"Cold Snap+1","floor":14.0},{"not_picked":["Echo Form","Fission"],"picked":"Core Surge+1","floor":16.0},{"not_picked":["Hologram","Coolheaded","Steam Power"],"picked":"SKIP","floor":18.0},{"not_picked":["Turbo","Static Discharge","Lockon+1"],"picked":"SKIP","floor":22.0},{"not_picked":["Hologram","Tempest+1","Conserve Battery"],"picked":"SKIP","floor":24.0},{"not_picked":["Sweeping Beam+1","Steam+1"],"picked":"Ball Lightning+1","floor":28.0},{"not_picked":["Steam+1","Conserve Battery+1","Barrage+1"],"picked":"SKIP","floor":30.0},{"not_picked":["Echo Form","Machine Learning"],"picked":"Fission+1","floor":33.0},{"not_picked":["Steam+1","Sweeping Beam+1","Aggregate+1"],"picked":"SKIP","floor":35.0},{"not_picked":["Stack+1","Genetic Algorithm+1","Redo+1"],"picked":"SKIP","floor":37.0},{"not_picked":["Double Energy+1","Doom and Gloom+1","Beam Cell+1"],"picked":"SKIP","floor":39.0},{"not_picked":["Self Repair+1","Machine Learning"],"picked":"Go for the Eyes+1","floor":40.0},{"not_picked":["Double Energy+1","Streamline+1","Compile Driver+1"],"picked":"SKIP","floor":42.0},{"not_picked":["Recycle+1","Storm"],"picked":"Leap+1","floor":48.0}],"player_experience":462032,"relics_obtained":[{"floor":9.0,"key":"Blood Vial"},{"floor":10.0,"key":"Molten Egg 2"},{"floor":12.0,"key":"Dead Branch"},{"floor":26.0,"key":"Toxic Egg 2"},{"floor":43.0,"key":"Du-Vu Doll"}],"event_choices":[{"damage_healed":0.0,"max_hp_gain":0.0,"max_hp_loss":0.0,"gold_gain":0.0,"event_name":"Liars Game","player_choice":"Ignored","floor":3.0,"gold_loss":0.0,"damage_taken":0.0},{"damage_healed":0.0,"max_hp_gain":0.0,"max_hp_loss":0.0,"gold_gain":0.0,"event_name":"Scrap Ooze","player_choice":"Success","floor":4.0,"gold_loss":0.0,"damage_taken":7.0,"relics_obtained":["Meat on the Bone"]},{"damage_healed":0.0,"max_hp_gain":0.0,"max_hp_loss":0.0,"gold_gain":0.0,"event_name":"Golden Idol","player_choice":"Take Damage","floor":7.0,"gold_loss":0.0,"damage_taken":18.0,"relics_obtained":["Golden Idol"]},{"damage_healed":0.0,"max_hp_gain":0.0,"max_hp_loss":0.0,"gold_gain":0.0,"event_name":"Back to Basics","player_choice":"Simplicity","floor":19.0,"gold_loss":0.0,"damage_taken":0.0,"cards_upgraded":["Strike_B","Strike_B","Strike_B","Defend_B","Defend_B","Defend_B","Defend_B"]},{"damage_healed":0.0,"max_hp_gain":0.0,"max_hp_loss":0.0,"gold_gain":0.0,"event_name":"Addict","player_choice":"Obtained Relic","floor":20.0,"gold_loss":85.0,"damage_taken":0.0,"relics_obtained":["Bag of Marbles"]},{"damage_healed":0.0,"max_hp_gain":0.0,"max_hp_loss":0.0,"gold_gain":0.0,"event_name":"The Mausoleum","player_choice":"Opened","floor":21.0,"gold_loss":0.0,"damage_taken":0.0,"relics_obtained":["Shuriken"],"cards_obtained":["Writhe"]},{"damage_healed":0.0,"max_hp_gain":0.0,"max_hp_loss":0.0,"gold_gain":0.0,"event_name":"Match and Keep!","player_choice":"1 cards matched","floor":27.0,"gold_loss":0.0,"damage_taken":0.0,"cards_obtained":["Conserve Battery"]},{"damage_healed":0.0,"max_hp_gain":0.0,"max_hp_loss":0.0,"gold_gain":333.0,"event_name":"The Moai Head","player_choice":"Gave Idol","floor":36.0,"relics_lost":["Golden Idol"],"gold_loss":0.0,"damage_taken":0.0},{"damage_healed":0.0,"max_hp_gain":0.0,"max_hp_loss":0.0,"gold_gain":0.0,"event_name":"WeMeetAgain","player_choice":"Paid Gold","floor":38.0,"gold_loss":79.0,"damage_taken":0.0,"relics_obtained":["Dodecahedron"]},{"damage_healed":0.0,"max_hp_gain":0.0,"max_hp_loss":0.0,"gold_gain":0.0,"event_name":"Mysterious Sphere","player_choice":"Ignored","floor":45.0,"gold_loss":0.0,"damage_taken":0.0}],"is_beta":false,"boss_relics":[{"not_picked":["Nuclear Battery","Fusion Hammer"],"picked":"Sozu"},{"not_picked":["Calling Bell","Pandora\u0027s Box"],"picked":"Philosopher\u0027s Stone"}],"items_purged_floors":[47],"is_endless":false,"potions_floor_spawned":[1,12,16,18,33,35,42],"killed_by":"Donu and Deca","ascension_level":7}