{"gold_per_floor":[117,117,132,132,153,153,194,194,194,43,43,43,81,106,106,236,236,254,243,168,168],"floor_reached":21,"playtime":1587,"items_purged":["Strike_G"],"score":262,"play_id":"a3cdfeeb-a621-4433-8e04-8fc339782157","local_time":"20190403010655","is_ascension_mode":true,"campfire_choices":[{"floor":6,"key":"REST"},{"floor":8,"key":"REST"},{"floor":11,"key":"REST"},{"floor":15,"key":"REST"}],"neow_cost":"NONE","seed_source_timestamp":0,"circlet_count":0,"master_deck":["Defend_G","Defend_G","Defend_G","Defend_G","Defend_G","Strike_G","Strike_G","Strike_G","Strike_G","Survivor","Neutralize","Caltrops","Caltrops","Quick Slash","Adrenaline"],"special_seed":0,"relics":["Black Star","Golden Idol","Prayer Wheel","Art of War","Gremlin Horn","Orichalcum","Meat on the Bone","Busted Crown"],"potions_floor_usage":[16,19],"damage_taken":[{"damage":0,"enemies":"Small Slimes","floor":1,"turns":3},{"damage":3,"enemies":"2 Louse","floor":3,"turns":4},{"damage":10,"enemies":"Jaw Worm","floor":5,"turns":6},{"damage":33,"enemies":"Lagavulin","floor":7,"turns":10},{"damage":56,"enemies":"Gremlin Nob","floor":13,"turns":6},{"damage":0,"enemies":"Exordium Thugs","floor":14,"turns":5},{"damage":46,"enemies":"The Guardian","floor":16,"turns":16},{"damage":4,"enemies":"3 Byrds","floor":18,"turns":3},{"damage":22,"enemies":"2 Thieves","floor":19,"turns":4},{"damage":49,"enemies":"Centurion and Healer","floor":21,"turns":8}],"seed_played":"-8045127188880764522","potions_obtained":[{"floor":1,"key":"GamblersBrew"},{"floor":5,"key":"FairyPotion"},{"floor":13,"key":"Strength Potion"}],"is_trial":false,"path_per_floor":["M","?","M","?","M","R","E","R","T","$","R","$","E","M","R","B",null,"M","M","?","M"],"character_chosen":"THE_SILENT","items_purchased":["Caltrops"],"campfire_rested":4,"item_purchase_floors":[10],"current_hp_per_floor":[63,63,60,43,33,54,21,42,42,42,63,63,7,19,40,19,57,53,43,43,0],"gold":168,"neow_bonus":"BOSS_RELIC","is_prod":false,"is_daily":false,"chose_seed":false,"campfire_upgraded":0,"win_rate":0,"timestamp":1554224815,"path_taken":["M","?","M","?","M","R","E","R","T","$","R","?","E","?","R","BOSS","M","M","?","M"],"build_version":"2019-01-23","purchased_purges":1,"victory":false,"max_hp_per_floor":[70,70,70,70,70,70,70,70,70,70,70,70,70,70,70,70,70,70,70,70,70],"card_choices":[{"not_picked":["Outmaneuver","Sucker Punch"],"picked":"Terror","floor":1},{"not_picked":["Crippling Poison","Sucker Punch"],"picked":"Caltrops","floor":3},{"not_picked":["Underhanded Strike","Tactician","Accuracy"],"picked":"SKIP","floor":5},{"not_picked":["Finisher","Prepared","Blade Dance"],"picked":"SKIP","floor":7},{"not_picked":["Accuracy","Slice"],"picked":"Quick Slash","floor":13},{"not_picked":["Deadly Poison","Crippling Poison","Accuracy"],"picked":"SKIP","floor":14},{"not_picked":["Setup","Endless Agony","Sucker Punch"],"picked":"SKIP","floor":14},{"not_picked":["Corpse Explosion","Malaise"],"picked":"Adrenaline","floor":16},{"not_picked":["Tactician"],"picked":"SKIP","floor":18},{"not_picked":["Eviscerate"],"picked":"SKIP","floor":18},{"not_picked":["Bane"],"picked":"SKIP","floor":19},{"not_picked":["Infinite Blades+1"],"picked":"SKIP","floor":19}],"player_experience":573454,"relics_obtained":[{"floor":7,"key":"Prayer Wheel"},{"floor":7,"key":"Art of War"},{"floor":9,"key":"Gremlin Horn"},{"floor":13,"key":"Orichalcum"},{"floor":13,"key":"Meat on the Bone"}],"event_choices":[{"damage_healed":0,"gold_gain":0,"player_choice":"Ignored","damage_taken":0,"max_hp_gain":0,"max_hp_loss":0,"event_name":"Liars Game","floor":2,"gold_loss":0},{"damage_healed":0,"gold_gain":0,"player_choice":"Take Damage","damage_taken":17,"relics_obtained":["Golden Idol"],"max_hp_gain":0,"max_hp_loss":0,"event_name":"Golden Idol","floor":4,"gold_loss":0},{"cards_removed":["Terror"],"damage_healed":0,"gold_gain":0,"player_choice":"Gave Gold","damage_taken":0,"max_hp_gain":0,"max_hp_loss":0,"event_name":"Beggar","floor":20,"gold_loss":75}],"is_beta":false,"boss_relics":[{"not_picked":["Coffee Dripper","Pandora\u0027s Box"],"picked":"Busted Crown"}],"items_purged_floors":[10],"is_endless":false,"potions_floor_spawned":[1,5,13],"killed_by":"Centurion and Healer","ascension_level":8}