{"gold_per_floor":[118,138,138,163,178,178,222,222,245,245,276,289,43,43,43,173,173,196,209,209,209,230,261,261,286,286,311,350,350,373,391,391,511,511,525,525,34,57,332,332,3,27,27,40,40,65,133,149,149,149,149,149,6,44,44],"floor_reached":55,"playtime":3306,"items_purged":[],"score":769,"play_id":"bae09911-f46e-495e-837f-495ccb6fed51","local_time":"20190819110216","is_ascension_mode":false,"campfire_choices":[{"floor":6.0,"key":"RECALL"},{"floor":8.0,"key":"REST"},{"floor":10.0,"key":"REST"},{"floor":15.0,"key":"REST"},{"data":"Pommel Strike","floor":24.0,"key":"SMITH"},{"data":"Bash","floor":29.0,"key":"SMITH"},{"floor":32.0,"key":"REST"},{"data":"Demon Form","floor":40.0,"key":"SMITH"},{"data":"Mayhem","floor":45.0,"key":"SMITH"},{"data":"Fiend Fire","floor":49,"key":"SMITH"},{"data":"Inflame","floor":52,"key":"SMITH"}],"neow_cost":"NONE","seed_source_timestamp":0,"circlet_count":0,"master_deck":["Strike_R+1","Strike_R+1","Strike_R+1","Strike_R+1","Strike_R+1","Defend_R+1","Defend_R+1","Defend_R+1","Defend_R+1","Bash+1","Cleave","Pommel Strike","Thunderclap","Pommel Strike+1","Infernal Blade+1","Burning Pact+1","Spot Weakness+1","Ghostly Armor+1","Exhume+1","Shrug It Off+1","Seeing Red+1","Seeing Red+1","Headbutt","Cleave+1","Seeing Red+1","Feel No Pain+1","Pommel Strike","Dual Wield+1","Intimidate+1","Demon Form+1","Havoc+1","Metallicize+1","Flex+1","Fiend Fire+1","Discovery+1","Reaper","Mayhem+1","Inflame+1","Havoc+1","Shockwave+1","Shockwave+1","Shockwave+1","Infernal Blade+1","Spot Weakness+1","Havoc+1","Mind Blast","True Grit+1","Havoc+1"],"special_seed":0,"relics":["Burning Blood","Pen Nib","Golden Idol","Toxic Egg 2","Omamori","Dead Branch","PreservedInsect","Happy Flower","Black Star","Bronze Scales","Matryoshka","Vajra","Paper Frog","Prayer Wheel","Centennial Puzzle","Sozu","HandDrill","Oddly Smooth Stone","Self Forming Clay","Gambling Chip","Red Skull","Bottled Flame"],"potions_floor_usage":[],"damage_taken":[{"damage":17.0,"enemies":"Small Slimes","floor":1.0,"turns":5.0},{"damage":1.0,"enemies":"Jaw Worm","floor":2.0,"turns":3.0},{"damage":1.0,"enemies":"Cultist","floor":5.0,"turns":3.0},{"damage":58.0,"enemies":"Lagavulin","floor":7.0,"turns":8.0},{"damage":6.0,"enemies":"Gremlin Nob","floor":11.0,"turns":3.0},{"damage":0.0,"enemies":"Lots of Slimes","floor":12.0,"turns":1.0},{"damage":1.0,"enemies":"Slime Boss","floor":16.0,"turns":7.0},{"damage":8.0,"enemies":"3 Byrds","floor":18.0,"turns":4.0},{"damage":11.0,"enemies":"2 Thieves","floor":19.0,"turns":2.0},{"damage":21.0,"enemies":"Centurion and Healer","floor":22.0,"turns":4.0},{"damage":10.0,"enemies":"Book of Stabbing","floor":23.0,"turns":4.0},{"damage":10.0,"enemies":"Snake Plant","floor":25.0,"turns":2.0},{"damage":0.0,"enemies":"Cultist and Chosen","floor":27.0,"turns":2.0},{"damage":17.0,"enemies":"Slavers","floor":28.0,"turns":2.0},{"damage":2.0,"enemies":"Snecko","floor":30.0,"turns":3.0},{"damage":6.0,"enemies":"Shelled Parasite and Fungi","floor":31.0,"turns":3.0},{"damage":57.0,"enemies":"Automaton","floor":33.0,"turns":9.0},{"damage":26.0,"enemies":"3 Darklings","floor":35.0,"turns":3.0},{"damage":16.0,"enemies":"3 Shapes","floor":38.0,"turns":2.0},{"damage":0.0,"enemies":"Jaw Worm Horde","floor":42.0,"turns":2.0},{"damage":0.0,"enemies":"4 Shapes","floor":44.0,"turns":3.0},{"damage":22.0,"enemies":"Sphere and 2 Shapes","floor":46.0,"turns":4.0},{"damage":43.0,"enemies":"2 Orb Walkers","floor":47.0,"turns":4.0},{"damage":3.0,"enemies":"Transient","floor":48.0,"turns":3.0},{"damage":46,"enemies":"Time Eater","floor":50,"turns":6},{"damage":24,"enemies":"Shield and Spear","floor":54,"turns":3},{"damage":74,"enemies":"The Heart","floor":55,"turns":5}],"seed_played":"-3631716526166706634","potions_obtained":[{"floor":2.0,"key":"Explosive Potion"},{"floor":12.0,"key":"SpeedPotion"},{"floor":19.0,"key":"Fruit Juice"},{"floor":28.0,"key":"Fruit Juice"},{"floor":31.0,"key":"Weak Potion"},{"floor":33.0,"key":"SkillPotion"}],"is_trial":false,"path_per_floor":["M","M","?","T","M","R","E","R","T","R","E","M","$","?","R","B",null,"M","M","?","?","M","E","R","M","T","M","E","R","M","M","R","B",null,"M","?","$","M","?","R","$","M","T","M","R","M","?","M","R","B",null,"R","$","E","B"],"character_chosen":"IRONCLAD","items_purchased":["PreservedInsect","Spot Weakness+1","Ghostly Armor+1","Flex+1","Fiend Fire","Discovery+1","HandDrill","Mayhem","Inflame","Havoc+1","Mind Blast","True Grit+1"],"campfire_rested":4,"item_purchase_floors":[13,13,13,37,37,37,37,41,41,41,53,53],"current_hp_per_floor":[69,74,54,54,59,59,7,31,31,55,55,61,61,43,67,72,80,78,73,73,73,63,59,59,55,55,61,50,50,59,59,86,35,90,70,70,70,60,60,60,60,66,66,72,72,79,90,90,90,84,90,90,90,72,0],"gold":44,"neow_bonus":"RANDOM_COMMON_RELIC","is_prod":false,"is_daily":false,"chose_seed":false,"campfire_upgraded":6,"win_rate":0,"timestamp":1566237736,"path_taken":["M","M","?","?","M","R","E","R","T","R","E","?","?","?","R","BOSS","M","M","?","?","M","E","R","M","T","M","E","R","M","M","R","BOSS","M","?","$","M","?","R","$","M","T","?","R","?","?","M","R","BOSS","R","$","E","BOSS"],"build_version":"2019-07-17","purchased_purges":0,"victory":false,"max_hp_per_floor":[80,80,80,80,80,80,80,80,80,80,80,80,80,80,80,80,80,80,80,80,80,85,85,85,85,85,85,85,85,90,90,90,90,90,90,90,90,90,90,90,90,90,90,90,90,90,90,90,90,90,90,90,90,90,90],"card_choices":[{"not_picked":["Rupture","Anger"],"picked":"Cleave","floor":1.0},{"not_picked":["Clothesline","Battle Trance"],"picked":"Pommel Strike","floor":2.0},{"not_picked":["Warcry","Sentinel"],"picked":"Thunderclap","floor":5.0},{"not_picked":["Rampage","Double Tap"],"picked":"Pommel Strike","floor":7.0},{"not_picked":["Body Slam","Sword Boomerang"],"picked":"Infernal Blade+1","floor":11.0},{"not_picked":["Bloodletting+1","Fire Breathing"],"picked":"Burning Pact+1","floor":12.0},{"not_picked":["Impervious+1","Barricade"],"picked":"Exhume+1","floor":16.0},{"not_picked":["Combust","Rupture+1","Dropkick"],"picked":"SKIP","floor":18.0},{"not_picked":["Anger","Bloodletting+1"],"picked":"Shrug It Off+1","floor":19.0},{"not_picked":["Thunderclap","Body Slam"],"picked":"Seeing Red+1","floor":22.0},{"not_picked":["Clothesline","True Grit+1"],"picked":"Seeing Red+1","floor":23.0},{"not_picked":["Brutality","Rupture"],"picked":"Headbutt","floor":25.0},{"not_picked":["Headbutt","Bloodletting+1"],"picked":"Cleave+1","floor":27.0},{"not_picked":["Cleave+1","Second Wind+1"],"picked":"Seeing Red+1","floor":28.0},{"not_picked":["Thunderclap","Anger"],"picked":"Feel No Pain+1","floor":30.0},{"not_picked":["Cleave","Clash+1"],"picked":"Pommel Strike","floor":30.0},{"not_picked":["Carnage","Headbutt"],"picked":"Dual Wield+1","floor":31.0},{"not_picked":["Juggernaut","Pommel Strike"],"picked":"Intimidate+1","floor":31.0},{"not_picked":["Reaper","Juggernaut"],"picked":"Demon Form","floor":33.0},{"not_picked":["Anger","Warcry+1"],"picked":"Havoc+1","floor":35.0},{"not_picked":["Thunderclap+1","Twin Strike+1"],"picked":"Metallicize+1","floor":35.0},{"not_picked":["Warcry+1","Sword Boomerang"],"picked":"Reaper","floor":38.0},{"not_picked":["Body Slam","Carnage+1","Wild Strike+1"],"picked":"SKIP","floor":38.0},{"not_picked":["Clothesline+1","Headbutt"],"picked":"Shockwave+1","floor":42.0},{"not_picked":["Twin Strike","Anger","Body Slam"],"picked":"SKIP","floor":42.0},{"not_picked":["Iron Wave+1","Clash"],"picked":"Shockwave+1","floor":44.0},{"not_picked":["Sword Boomerang+1","Combust","Thunderclap+1"],"picked":"SKIP","floor":44.0},{"not_picked":["Body Slam","Wild Strike+1"],"picked":"Shockwave+1","floor":46.0},{"not_picked":["Heavy Blade","Pummel+1"],"picked":"Infernal Blade+1","floor":46.0},{"not_picked":["Sentinel+1","Immolate"],"picked":"Spot Weakness+1","floor":47.0},{"not_picked":["Sentinel+1","Headbutt"],"picked":"Havoc+1","floor":48.0},{"not_picked":["Body Slam","Armaments+1","Hemokinesis"],"picked":"SKIP","floor":48.0},{"not_picked":["Heavy Blade","Clothesline"],"picked":"Havoc+1","floor":54}],"player_experience":690232,"relics_obtained":[{"floor":7.0,"key":"Toxic Egg 2"},{"floor":9.0,"key":"Omamori"},{"floor":11.0,"key":"Dead Branch"},{"floor":23.0,"key":"Bronze Scales"},{"floor":23.0,"key":"Matryoshka"},{"floor":26.0,"key":"Vajra"},{"floor":26.0,"key":"Paper Frog"},{"floor":28.0,"key":"Prayer Wheel"},{"floor":28.0,"key":"Centennial Puzzle"},{"floor":43.0,"key":"Oddly Smooth Stone"},{"floor":43.0,"key":"Self Forming Clay"},{"floor":47.0,"key":"Gambling Chip"},{"floor":54,"key":"Red Skull"},{"floor":54,"key":"Bottled Flame"}],"event_choices":[{"damage_healed":0.0,"max_hp_gain":0.0,"max_hp_loss":0.0,"gold_gain":0.0,"event_name":"Golden Idol","player_choice":"Take Damage","floor":3.0,"gold_loss":0.0,"damage_taken":20.0,"relics_obtained":["Golden Idol"]},{"damage_healed":0.0,"max_hp_gain":0.0,"max_hp_loss":0.0,"gold_gain":0.0,"event_name":"Scrap Ooze","player_choice":"Success","floor":14.0,"gold_loss":0.0,"damage_taken":18.0,"relics_obtained":["Happy Flower"]},{"damage_healed":0.0,"max_hp_gain":0.0,"max_hp_loss":0.0,"gold_gain":0.0,"event_name":"Back to Basics","player_choice":"Simplicity","floor":20.0,"gold_loss":0.0,"damage_taken":0.0,"cards_upgraded":["Strike_R","Strike_R","Strike_R","Strike_R","Strike_R","Defend_R","Defend_R","Defend_R","Defend_R"]},{"damage_healed":0.0,"max_hp_gain":0.0,"max_hp_loss":0.0,"gold_gain":0.0,"event_name":"Ghosts","player_choice":"Ignored","floor":21.0,"gold_loss":0.0,"damage_taken":0.0},{"damage_healed":0.0,"max_hp_gain":0.0,"max_hp_loss":0.0,"gold_gain":0.0,"event_name":"Tomb of Lord Red Mask","player_choice":"Ignored","floor":36.0,"gold_loss":0.0,"damage_taken":0.0},{"damage_healed":0.0,"max_hp_gain":0.0,"max_hp_loss":0.0,"gold_gain":275.0,"event_name":"Golden Shrine","player_choice":"Desecrate","floor":39.0,"gold_loss":0.0,"damage_taken":0.0,"cards_obtained":["Regret"]},{"damage_healed":0.0,"max_hp_gain":0.0,"max_hp_loss":0.0,"gold_gain":0.0,"event_name":"Mysterious Sphere","player_choice":"Fight","floor":47.0,"gold_loss":0.0,"damage_taken":0.0}],"is_beta":false,"boss_relics":[{"not_picked":["Orrery","Velvet Choker"],"picked":"Black Star"},{"not_picked":["Cursed Key","Empty Cage"],"picked":"Sozu"}],"items_purged_floors":[],"is_endless":false,"potions_floor_spawned":[2,12,19,28,31,33,35,42,48],"killed_by":"The Heart","ascension_level":0}