{"gold_per_floor":[112,187,187,27,45,80,80,112,112,128,153,153,169,169,169,246,246,258,258,272,285,24,59,69,95,95,95,127,127,154,172,172,249,249,262,282,282,382,382,707,707,49,49,69,87,115,127,127,127,127,127,127,127,0,25,25],"floor_reached":57,"playtime":4062,"items_purged":["Pain","Writhe","Strike_G"],"score":3041,"play_id":"22e73a68-825d-4b3f-a7bd-1af55be1d0d0","local_time":"20190820201109","is_ascension_mode":true,"campfire_choices":[{"data":"Noxious Fumes","floor":7.0,"key":"SMITH"},{"data":"Adrenaline","floor":12.0,"key":"SMITH"},{"floor":15.0,"key":"REST"},{"floor":27.0,"key":"RECALL"},{"floor":29.0,"key":"REST"},{"floor":32.0,"key":"REST"},{"floor":41.0,"key":"REST"},{"floor":49.0,"key":"REST"},{"floor":53.0,"key":"REST"}],"neow_cost":"NONE","seed_source_timestamp":948639633621476,"circlet_count":0,"master_deck":["AscendersBane","Strike_G","Defend_G","Defend_G","Defend_G","Defend_G","Defend_G","Survivor","Neutralize","Deadly Poison","Noxious Fumes+1","PiercingWail","Adrenaline+1","Cloak And Dagger","Cloak And Dagger","After Image","Prepared+1","Prepared+1","Storm of Steel+1","Bouncing Flask+1","Concentrate+1","Catalyst+1","After Image","Catalyst+1","Cloak And Dagger+1","Night Terror+1","Deadly Poison+1","Escape Plan+1","A Thousand Cuts","Noxious Fumes","Well Laid Plans","Infinite Blades","Expertise+1"],"special_seed":0,"relics":["Ring of the Snake","NeowsBlessing","WarpedTongs","Bag of Preparation","Boot","Kunai","Toxic Egg 2","Fusion Hammer","Regal Pillow","Singing Bowl","Lantern","Mango","Mummified Hand","Black Star","Gambling Chip","Meat on the Bone","Old Coin","Letter Opener","TheAbacus","Bird Faced Urn","Strawberry","Ninja Scroll","Torii","Bottled Lightning"],"potions_floor_usage":[],"damage_taken":[{"damage":0.0,"enemies":"2 Louse","floor":1.0,"turns":1.0},{"damage":0.0,"enemies":"Cultist","floor":5.0,"turns":1.0},{"damage":0.0,"enemies":"Gremlin Nob","floor":6.0,"turns":1.0},{"damage":11.0,"enemies":"Lagavulin","floor":8.0,"turns":6.0},{"damage":0.0,"enemies":"Small Slimes","floor":10.0,"turns":3.0},{"damage":3.0,"enemies":"3 Sentries","floor":11.0,"turns":7.0},{"damage":0.0,"enemies":"2 Fungi Beasts","floor":13.0,"turns":3.0},{"damage":10.0,"enemies":"The Guardian","floor":16.0,"turns":9.0},{"damage":7.0,"enemies":"Chosen","floor":18.0,"turns":5.0},{"damage":0.0,"enemies":"Spheric Guardian","floor":20.0,"turns":3.0},{"damage":8.0,"enemies":"Centurion and Healer","floor":21.0,"turns":9.0},{"damage":0.0,"enemies":"Book of Stabbing","floor":23.0,"turns":4.0},{"damage":3.0,"enemies":"Sentry and Sphere","floor":24.0,"turns":5.0},{"damage":0.0,"enemies":"Gremlin Leader","floor":25.0,"turns":4.0},{"damage":12.0,"enemies":"Book of Stabbing","floor":28.0,"turns":4.0},{"damage":14.0,"enemies":"Gremlin Leader","floor":30.0,"turns":5.0},{"damage":18.0,"enemies":"Snecko","floor":31.0,"turns":3.0},{"damage":19.0,"enemies":"Champ","floor":33.0,"turns":6.0},{"damage":7.0,"enemies":"3 Darklings","floor":35.0,"turns":5.0},{"damage":0.0,"enemies":"3 Shapes","floor":36.0,"turns":4.0},{"damage":0.0,"enemies":"Mind Bloom Boss Battle","floor":38.0,"turns":2.0},{"damage":0.0,"enemies":"Giant Head","floor":40.0,"turns":4.0},{"damage":0.0,"enemies":"Maw","floor":44.0,"turns":4.0},{"damage":4.0,"enemies":"Jaw Worm Horde","floor":45.0,"turns":4.0},{"damage":30.0,"enemies":"Nemesis","floor":46.0,"turns":3.0},{"damage":0.0,"enemies":"Transient","floor":47.0,"turns":6.0},{"damage":75.0,"enemies":"Awakened One","floor":50.0,"turns":12.0},{"damage":11.0,"enemies":"Donu and Deca","floor":51.0,"turns":9.0},{"damage":36.0,"enemies":"Shield and Spear","floor":55.0,"turns":7.0},{"damage":80,"enemies":"The Heart","floor":56,"turns":7}],"seed_played":"-3717059476082992751","potions_obtained":[{"floor":1.0,"key":"Explosive Potion"},{"floor":11.0,"key":"GamblersBrew"},{"floor":18.0,"key":"FearPotion"},{"floor":24.0,"key":"LiquidBronze"},{"floor":31.0,"key":"Swift Potion"},{"floor":36.0,"key":"EssenceOfSteel"},{"floor":40.0,"key":"PowerPotion"},{"floor":55.0,"key":"Ancient Potion"}],"is_trial":false,"path_per_floor":["M","?","?","$","M","E","R","E","T","M","E","R","M","?","R","B",null,"M","?","M","M","$","E","M","E","T","R","E","R","E","M","R","B",null,"M","M","?","?","?","E","R","$","T","M","M","E","M","?","R","B","B",null,"R","$","E","B",null],"character_chosen":"THE_SILENT","items_purchased":["Noxious Fumes","After Image","Letter Opener","Well Laid Plans","TheAbacus","Infinite Blades","Expertise+1"],"campfire_rested":6,"item_purchase_floors":[4,22,42,42,42,54,54],"current_hp_per_floor":[59,48,48,48,48,48,48,37,37,37,34,34,34,34,53,43,60,53,53,53,45,45,45,42,44,44,44,46,82,68,50,82,63,77,70,72,72,74,74,76,88,88,88,90,92,73,87,87,103,46,53,91,103,103,73,25],"gold":25,"neow_bonus":"THREE_ENEMY_KILL","is_prod":false,"is_daily":false,"chose_seed":false,"campfire_upgraded":2,"win_rate":0,"timestamp":1566346269,"path_taken":["M","?","?","$","M","E","R","E","T","M","E","R","?","?","R","BOSS","M","?","M","M","$","E","M","E","T","R","E","R","E","M","R","BOSS","M","M","?","?","?","E","R","$","T","M","?","E","M","?","R","BOSS","BOSS","R","$","E","BOSS"],"build_version":"2019-07-17","purchased_purges":3,"victory":true,"max_hp_per_floor":[66,66,66,66,66,66,66,66,66,66,66,66,66,66,66,66,66,66,66,66,66,66,66,66,68,68,68,82,82,82,82,82,82,82,82,84,84,86,86,88,88,88,88,90,92,101,103,103,103,103,103,103,103,103,105,105],"card_choices":[{"not_picked":["Distraction","Prepared"],"picked":"Deadly Poison","floor":1.0},{"not_picked":["Skewer","Dagger Throw"],"picked":"PiercingWail","floor":5.0},{"not_picked":["Concentrate","Skewer"],"picked":"Adrenaline","floor":6.0},{"not_picked":["Poisoned Stab","Dagger Spray"],"picked":"Cloak And Dagger","floor":8.0},{"not_picked":["Quick Slash","Setup"],"picked":"Cloak And Dagger","floor":10.0},{"not_picked":["Footwork","Dagger Throw"],"picked":"After Image","floor":11.0},{"not_picked":["Slice","Sucker Punch"],"picked":"Prepared+1","floor":13.0},{"not_picked":["Grand Finale","Phantasmal Killer+1"],"picked":"Storm of Steel+1","floor":16.0},{"not_picked":["Dagger Spray","Masterful Stab+1"],"picked":"Bouncing Flask+1","floor":18.0},{"not_picked":["Sucker Punch","Quick Slash"],"picked":"Concentrate+1","floor":20.0},{"not_picked":["Bane","Dagger Throw"],"picked":"Catalyst+1","floor":21.0},{"not_picked":["Sucker Punch","Calculated Gamble+1"],"picked":"Catalyst+1","floor":23.0},{"not_picked":["Poisoned Stab","Endless Agony+1"],"picked":"Cloak And Dagger+1","floor":24.0},{"not_picked":["Outmaneuver+1","Prepared+1","Underhanded Strike+1"],"picked":"Singing Bowl","floor":25.0},{"not_picked":["Sucker Punch","Slice"],"picked":"Night Terror+1","floor":28.0},{"not_picked":["Acrobatics+1","Outmaneuver+1"],"picked":"Deadly Poison+1","floor":30.0},{"not_picked":["Choke","Sucker Punch"],"picked":"Escape Plan+1","floor":31.0},{"not_picked":["Doppelganger+1","Envenom"],"picked":"A Thousand Cuts","floor":33.0},{"not_picked":["Predator+1","Flying Knee"],"picked":"Noxious Fumes","floor":35.0},{"not_picked":["Terror+1","Prepared+1","Calculated Gamble+1"],"picked":"Singing Bowl","floor":36.0},{"not_picked":["Concentrate+1","Quick Slash","Poisoned Stab"],"picked":"Singing Bowl","floor":38.0},{"not_picked":["Distraction+1","Backflip+1","Grand Finale"],"picked":"Singing Bowl","floor":40.0},{"not_picked":["Calculated Gamble+1","Underhanded Strike","Leg Sweep+1"],"picked":"Singing Bowl","floor":44.0},{"not_picked":["Outmaneuver+1","Sucker Punch+1","Prepared+1"],"picked":"Singing Bowl","floor":45.0},{"not_picked":["Dagger Throw","Backflip+1","Poisoned Stab"],"picked":"Singing Bowl","floor":46.0},{"not_picked":["Endless Agony+1","Prepared+1","Blade Dance+1"],"picked":"Singing Bowl","floor":47.0},{"not_picked":["Underhanded Strike","Choke+1","Outmaneuver+1"],"picked":"Singing Bowl","floor":55.0}],"player_experience":1079166,"relics_obtained":[{"floor":6.0,"key":"Bag of Preparation"},{"floor":8.0,"key":"Boot"},{"floor":9.0,"key":"Kunai"},{"floor":11.0,"key":"Toxic Egg 2"},{"floor":23.0,"key":"Singing Bowl"},{"floor":25.0,"key":"Lantern"},{"floor":28.0,"key":"Mango"},{"floor":30.0,"key":"Mummified Hand"},{"floor":38.0,"key":"Gambling Chip"},{"floor":40.0,"key":"Meat on the Bone"},{"floor":40.0,"key":"Old Coin"},{"floor":43.0,"key":"Bird Faced Urn"},{"floor":46.0,"key":"Strawberry"},{"floor":46.0,"key":"Ninja Scroll"},{"floor":55.0,"key":"Torii"},{"floor":55.0,"key":"Bottled Lightning"}],"event_choices":[{"damage_healed":0.0,"max_hp_gain":0.0,"max_hp_loss":0.0,"gold_gain":75.0,"event_name":"World of Goop","player_choice":"Gather Gold","floor":2.0,"gold_loss":0.0,"damage_taken":11.0},{"damage_healed":0.0,"max_hp_gain":0.0,"max_hp_loss":0.0,"gold_gain":0.0,"event_name":"Accursed Blacksmith","player_choice":"Rummage","floor":3.0,"gold_loss":0.0,"damage_taken":0.0,"relics_obtained":["WarpedTongs"],"cards_obtained":["Pain"]},{"damage_healed":0.0,"max_hp_gain":0.0,"max_hp_loss":0.0,"gold_gain":0.0,"cards_transformed":["Strike_G"],"event_name":"Living Wall","player_choice":"Change","floor":14.0,"gold_loss":0.0,"damage_taken":0.0,"cards_obtained":["Prepared"]},{"damage_healed":0.0,"max_hp_gain":0.0,"max_hp_loss":0.0,"gold_gain":0.0,"event_name":"The Mausoleum","player_choice":"Opened","floor":19.0,"gold_loss":0.0,"damage_taken":0.0,"relics_obtained":["Regal Pillow"],"cards_obtained":["Writhe"]},{"damage_healed":0.0,"max_hp_gain":0.0,"max_hp_loss":0.0,"gold_gain":0.0,"event_name":"Tomb of Lord Red Mask","player_choice":"Ignored","floor":37.0,"gold_loss":0.0,"damage_taken":0.0},{"damage_healed":0.0,"max_hp_gain":0.0,"max_hp_loss":0.0,"gold_gain":0.0,"event_name":"MindBloom","player_choice":"Fight","floor":38.0,"gold_loss":0.0,"damage_taken":0.0},{"cards_removed":["Strike_G"],"damage_healed":0.0,"max_hp_gain":0.0,"max_hp_loss":0.0,"gold_gain":0.0,"event_name":"Bonfire Elementals","player_choice":"Offered Basic","floor":39.0,"gold_loss":0.0,"damage_taken":0.0},{"cards_removed":["Strike_G"],"damage_healed":0.0,"max_hp_gain":0.0,"max_hp_loss":0.0,"gold_gain":0.0,"event_name":"Falling","player_choice":"Removed Attack","floor":48.0,"gold_loss":0.0,"damage_taken":0.0}],"is_beta":false,"boss_relics":[{"not_picked":["Snecko Eye","White Beast Statue"],"picked":"Fusion Hammer"},{"not_picked":["Coffee Dripper","Philosopher\u0027s Stone"],"picked":"Black Star"}],"items_purged_floors":[4,22,42],"is_endless":false,"potions_floor_spawned":[1,11,16,18,24,25,28,31,36,40,45,55],"ascension_level":20}