{"gold_per_floor":[18,33,33,49,49,49,60,60,87,114,39,67,67,78,78,78],"floor_reached":16,"playtime":1732,"items_purged":["Pain"],"score":215,"play_id":"be542b99-e9fc-4103-9d40-24b4d9ef8476","local_time":"20190817193813","is_ascension_mode":true,"campfire_choices":[{"data":"Neutralize","floor":6.0,"key":"SMITH"},{"data":"Grand Finale","floor":8.0,"key":"SMITH"},{"floor":15,"key":"REST"}],"neow_cost":"NO_GOLD","seed_source_timestamp":690222507081071,"circlet_count":0,"master_deck":["AscendersBane","Strike_G","Strike_G","Strike_G","Strike_G","Strike_G","Defend_G","Defend_G","Defend_G","Defend_G","Defend_G","Survivor","Neutralize+1","Grand Finale+1","Acrobatics"],"special_seed":0,"relics":["Ring of the Snake","WarpedTongs","Orichalcum","Ancient Tea Set","Unceasing Top"],"potions_floor_usage":[14,16],"damage_taken":[{"damage":2.0,"enemies":"2 Louse","floor":1.0,"turns":4.0},{"damage":3.0,"enemies":"Cultist","floor":2.0,"turns":5.0},{"damage":2.0,"enemies":"Small Slimes","floor":4.0,"turns":5.0},{"damage":18.0,"enemies":"Exordium Thugs","floor":7.0,"turns":7.0},{"damage":22.0,"enemies":"3 Sentries","floor":10.0,"turns":15.0},{"damage":14.0,"enemies":"Gremlin Nob","floor":12.0,"turns":6.0},{"damage":1,"enemies":"Exordium Wildlife","floor":14,"turns":6},{"damage":27,"enemies":"Hexaghost","floor":16,"turns":10}],"seed_played":"-6625295529033883896","potions_obtained":[{"floor":1.0,"key":"Fruit Juice"},{"floor":2.0,"key":"Ancient Potion"},{"floor":12.0,"key":"Dexterity Potion"},{"floor":14,"key":"Poison Potion"}],"is_trial":false,"path_per_floor":["M","M","?","M","$","R","M","R","T","E","$","E","?","M","R","B"],"character_chosen":"THE_SILENT","items_purchased":[],"campfire_rested":1,"item_purchase_floors":[],"current_hp_per_floor":[57,59,59,57,57,57,39,39,39,17,17,3,3,2,23,0],"gold":78,"neow_bonus":"THREE_RARE_CARDS","is_prod":false,"is_daily":false,"chose_seed":false,"campfire_upgraded":2,"win_rate":0,"timestamp":1566085093,"path_taken":["M","M","?","?","$","R","M","R","T","E","$","E","?","M","R","BOSS"],"build_version":"2019-07-17","purchased_purges":1,"victory":false,"max_hp_per_floor":[66,71,71,71,71,71,71,71,71,71,71,71,71,71,71,71],"card_choices":[{"not_picked":["Malaise","Storm of Steel"],"picked":"Grand Finale","floor":0.0},{"not_picked":["Masterful Stab","Poisoned Stab","Terror"],"picked":"SKIP","floor":1.0},{"not_picked":["Dagger Spray","Slice","Outmaneuver"],"picked":"SKIP","floor":2.0},{"not_picked":["Deflect","Bane","Sucker Punch"],"picked":"SKIP","floor":4.0},{"not_picked":["Outmaneuver","Endless Agony","Bane"],"picked":"SKIP","floor":7.0},{"not_picked":["Caltrops","Deadly Poison","Predator"],"picked":"SKIP","floor":10.0},{"not_picked":["Blade Dance","Flying Knee"],"picked":"Acrobatics","floor":12.0},{"not_picked":["Masterful Stab","Tactician","Dagger Spray"],"picked":"SKIP","floor":14}],"player_experience":1062605,"relics_obtained":[{"floor":9.0,"key":"Orichalcum"},{"floor":10.0,"key":"Ancient Tea Set"},{"floor":12.0,"key":"Unceasing Top"}],"event_choices":[{"damage_healed":0.0,"max_hp_gain":0.0,"max_hp_loss":0.0,"gold_gain":0.0,"event_name":"Accursed Blacksmith","player_choice":"Rummage","floor":3.0,"gold_loss":0.0,"damage_taken":0.0,"relics_obtained":["WarpedTongs"],"cards_obtained":["Pain"]},{"damage_healed":0.0,"max_hp_gain":0.0,"max_hp_loss":0.0,"gold_gain":0.0,"event_name":"Shining Light","player_choice":"Ignored","floor":13.0,"gold_loss":0.0,"damage_taken":0.0}],"is_beta":false,"boss_relics":[],"items_purged_floors":[11],"is_endless":false,"potions_floor_spawned":[1,2,12,14],"killed_by":"Hexaghost","ascension_level":19}