{"gold_per_floor":[115,290,301,301,321,354,101,112,112,132,132,143,143,143],"floor_reached":14,"playtime":1300,"items_purged":["Strike_G"],"score":110,"play_id":"aad482e6-9ad2-4a3a-a1ea-028e136ee4b2","local_time":"20181019014516","is_ascension_mode":true,"campfire_choices":[{"floor":11,"key":"REST"},{"floor":13,"key":"REST"}],"neow_cost":"","seed_source_timestamp":711691525991500,"circlet_count":0,"master_deck":["Defend_G","Defend_G","Defend_G","Defend_G","Defend_G","Strike_G","Strike_G","Strike_G","Strike_G","Survivor","Neutralize","Calculated Gamble","Deflect","Slice","Acrobatics","Dagger Throw","Thinking Ahead","Underhanded Strike","Calculated Gamble"],"relics":["Ring of the Snake","Smiling Mask","Matryoshka"],"potions_floor_usage":[6,8],"damage_taken":[{"damage":9,"enemies":"Small Slimes","floor":1,"turns":4},{"damage":4,"enemies":"Jaw Worm","floor":3,"turns":6},{"damage":0,"enemies":"2 Louse","floor":5,"turns":4},{"damage":25,"enemies":"3 Sentries","floor":6,"turns":13},{"damage":11,"enemies":"Gremlin Gang","floor":8,"turns":7},{"damage":5,"enemies":"3 Louse","floor":10,"turns":6},{"damage":8,"enemies":"Lots of Slimes","floor":12,"turns":7},{"damage":65,"enemies":"Lagavulin","floor":14,"turns":11}],"seed_played":"2045354166729188911","potions_obtained":[{"floor":1,"key":"Explosive Potion"},{"floor":3,"key":"Swift Potion"},{"floor":12,"key":"LiquidBronze"}],"is_trial":false,"path_per_floor":["M","?","M","?","M","E","$","M","T","M","R","M","R"],"character_chosen":"THE_SILENT","items_purchased":["Dagger Throw","Thinking Ahead"],"campfire_rested":2,"item_purchase_floors":[7,7],"current_hp_per_floor":[61,61,57,57,57,32,32,21,21,16,37,29,50,0],"gold":143,"neow_bonus":"","is_prod":false,"is_daily":false,"chose_seed":false,"campfire_upgraded":0,"win_rate":0,"timestamp":1539884716,"path_taken":["M","?","M","?","?","E","$","M","T","M","R","M","R","E"],"build_version":"2018-10-11","purchased_purges":1,"victory":false,"max_hp_per_floor":[70,70,70,70,70,70,70,70,70,70,70,70,70,70],"card_choices":[{"not_picked":["Distraction","Catalyst"],"picked":"Calculated Gamble","floor":1},{"not_picked":["Acrobatics","Cloak And Dagger"],"picked":"Deflect","floor":3},{"not_picked":["Masterful Stab","Deadly Poison"],"picked":"Slice","floor":5},{"not_picked":["Cloak And Dagger","Bullet Time"],"picked":"Acrobatics","floor":6},{"not_picked":["Skewer","Acrobatics","Cloak And Dagger"],"picked":"SKIP","floor":8},{"not_picked":["Backflip","Flechettes"],"picked":"Underhanded Strike","floor":10},{"not_picked":["PiercingWail","Quick Slash"],"picked":"Calculated Gamble","floor":12}],"player_experience":433432,"relics_obtained":[{"floor":6,"key":"Smiling Mask"},{"floor":9,"key":"Matryoshka"}],"event_choices":[{"event_name":"Liars Game","player_choice":"agreed","floor":2,"damage_taken":0},{"event_name":"Fountain of Cleansing","player_choice":"Removed Curse","floor":4,"damage_taken":0}],"is_beta":false,"boss_relics":[],"items_purged_floors":[7],"is_endless":false,"potions_floor_spawned":[1,3,12],"killed_by":"Lagavulin","ascension_level":4}