{"gold_per_floor":[118,135,55,55,69,69,104,104,104,29,94,104,104],"floor_reached":13,"playtime":540,"items_purged":["Strike_G"],"score":83,"play_id":"ba99322d-a30e-462c-bc01-4e1a97fceb9b","local_time":"20190822224647","is_ascension_mode":false,"campfire_choices":[{"data":"Survivor","floor":6,"key":"SMITH"},{"data":"Infinite Blades","floor":8,"key":"SMITH"}],"neow_cost":"NONE","seed_source_timestamp":631369955155400,"circlet_count":0,"master_deck":["Strike_G","Strike_G","Strike_G","Strike_G","Defend_G","Defend_G","Defend_G","Defend_G","Defend_G","Survivor+1","Neutralize","Finesse","Well Laid Plans","Outmaneuver","Infinite Blades+1"],"relics":["Ring of the Snake","StoneCalendar","Gambling Chip","Darkstone Periapt"],"potions_floor_usage":[7,11,11],"damage_taken":[{"damage":0,"enemies":"2 Louse","floor":1,"turns":3},{"damage":4,"enemies":"Cultist","floor":2,"turns":4},{"damage":0,"enemies":"Small Slimes","floor":5,"turns":4},{"damage":30,"enemies":"Gremlin Nob","floor":7,"turns":6},{"damage":23,"enemies":"Lagavulin Event","floor":11,"turns":7},{"damage":0,"enemies":"Blue Slaver","floor":12,"turns":5},{"damage":0,"enemies":"3 Louse","floor":13,"turns":1}],"seed_played":"-1920025644762905276","potions_obtained":[{"floor":2,"key":"GhostInAJar"},{"floor":5,"key":"PowerPotion"},{"floor":7,"key":"SteroidPotion"}],"is_trial":false,"path_per_floor":["M","M","$","?","M","R","E","R","T","$","?","M","M"],"character_chosen":"THE_SILENT","items_purchased":["Infinite Blades"],"campfire_rested":0,"item_purchase_floors":[3],"current_hp_per_floor":[70,66,66,66,66,66,36,36,36,36,13,13,13],"gold":104,"neow_bonus":"RANDOM_COLORLESS","is_prod":false,"is_daily":false,"chose_seed":false,"campfire_upgraded":2,"win_rate":0,"timestamp":1566478007,"path_taken":["M","M","$","?","M","R","E","R","T","?","?","M","M"],"build_version":"2019-07-17","purchased_purges":1,"victory":false,"max_hp_per_floor":[70,70,70,70,70,70,70,70,70,70,70,70,70],"card_choices":[{"not_picked":["Slice","Dodge and Roll"],"picked":"Well Laid Plans","floor":1},{"not_picked":["Flechettes","Eviscerate"],"picked":"Outmaneuver","floor":2},{"not_picked":["Leg Sweep","Choke","Quick Slash"],"picked":"SKIP","floor":5},{"not_picked":["Leg Sweep","Endless Agony","Deflect"],"picked":"SKIP","floor":7},{"not_picked":["Bane","Outmaneuver","Underhanded Strike"],"picked":"SKIP","floor":12}],"player_experience":83942,"relics_obtained":[{"floor":7,"key":"StoneCalendar"},{"floor":9,"key":"Gambling Chip"},{"floor":11,"key":"Darkstone Periapt"}],"event_choices":[{"damage_healed":0,"gold_gain":0,"player_choice":"Ignored","damage_taken":0,"max_hp_gain":0,"max_hp_loss":0,"event_name":"NoteForYourself","floor":4,"gold_loss":0},{"damage_healed":0,"gold_gain":0,"player_choice":"Searched \u00271\u0027 times","damage_taken":0,"max_hp_gain":0,"max_hp_loss":0,"event_name":"Dead Adventurer","floor":11,"gold_loss":0}],"is_beta":false,"boss_relics":[],"items_purged_floors":[10],"is_endless":false,"potions_floor_spawned":[2,5,7],"killed_by":"3 Louse","ascension_level":0}