{"gold_per_floor":[12,28,40,57,67,93,143,143,143,171,52,83,103,103,103,176,176,189,202,214,214,214,214,248,248,303,330,348,32,32,32,32,32],"floor_reached":33,"playtime":2382,"items_purged":[],"score":599,"play_id":"eb73711b-79ff-4164-87c2-5835f684a083","local_time":"20190819133738","is_ascension_mode":true,"campfire_choices":[{"floor":8.0,"key":"REST"},{"data":"Lockon","floor":15.0,"key":"SMITH"},{"floor":23.0,"key":"REST"},{"floor":25,"key":"REST"},{"floor":32,"key":"REST"}],"neow_cost":"NO_GOLD","seed_source_timestamp":840710150937414,"circlet_count":0,"master_deck":["AscendersBane","Strike_B","Strike_B","Strike_B","Strike_B","Defend_B","Defend_B","Defend_B","Defend_B","Zap","Dualcast","Go for the Eyes","Hello World","Lockon+1","Sweeping Beam","Go for the Eyes","Streamline","Doom and Gloom","Scrape","FTL","Hologram","Leap","Electrodynamics","Self Repair","Hologram+1","Consume","Lockon+1","Conserve Battery","Coolheaded","BootSequence","Leap","Ghostly","Ghostly","Ghostly"],"special_seed":0,"relics":["Cracked Core","Pear","Bottled Tornado","Cables","Boot","Inserter","Art of War","PreservedInsect","Molten Egg 2","Lantern"],"potions_floor_usage":[24,27,30],"damage_taken":[{"damage":1.0,"enemies":"2 Louse","floor":1.0,"turns":3.0},{"damage":0.0,"enemies":"Cultist","floor":2.0,"turns":3.0},{"damage":6.0,"enemies":"Small Slimes","floor":3.0,"turns":3.0},{"damage":15.0,"enemies":"Gremlin Gang","floor":4.0,"turns":5.0},{"damage":13.0,"enemies":"Large Slime","floor":5.0,"turns":3.0},{"damage":25.0,"enemies":"3 Sentries","floor":6.0,"turns":5.0},{"damage":20.0,"enemies":"Lagavulin","floor":10.0,"turns":5.0},{"damage":8.0,"enemies":"Gremlin Nob","floor":12.0,"turns":3.0},{"damage":1.0,"enemies":"Looter","floor":13.0,"turns":2.0},{"damage":18.0,"enemies":"Slime Boss","floor":16.0,"turns":6.0},{"damage":17.0,"enemies":"3 Byrds","floor":18.0,"turns":4.0},{"damage":23.0,"enemies":"Shell Parasite","floor":19.0,"turns":5.0},{"damage":27.0,"enemies":"Cultist and Chosen","floor":20.0,"turns":5.0},{"damage":40,"enemies":"Slavers","floor":24,"turns":5},{"damage":32,"enemies":"Book of Stabbing","floor":27,"turns":4},{"damage":16,"enemies":"Sentry and Sphere","floor":28,"turns":4},{"damage":9,"enemies":"Snake Plant","floor":30,"turns":2},{"damage":23,"enemies":"Collector","floor":33,"turns":3}],"seed_played":"596297190611827765","potions_obtained":[{"floor":3.0,"key":"FocusPotion"},{"floor":6.0,"key":"EssenceOfSteel"},{"floor":10.0,"key":"Regen Potion"},{"floor":13.0,"key":"Fire Potion"},{"floor":16.0,"key":"Explosive Potion"},{"floor":18.0,"key":"SmokeBomb"},{"floor":20.0,"key":"Energy Potion"},{"floor":24,"key":"Block Potion"}],"is_trial":false,"path_per_floor":["M","M","M","M","M","E","?","R","T","E","$","E","M","?","R","B",null,"M","M","M","?","?","R","E","R","T","E","M","$","M","?","R","B"],"character_chosen":"DEFECT","items_purchased":["Scrape","FTL","BootSequence","Leap","Lantern"],"campfire_rested":4,"item_purchase_floors":[11,11,29,29,29],"current_hp_per_floor":[77,77,71,56,43,28,28,56,56,36,36,28,27,27,27,24,77,60,44,17,36,36,64,31,59,59,27,11,11,2,2,16,0],"gold":32,"neow_bonus":"TWENTY_PERCENT_HP_BONUS","is_prod":false,"is_daily":false,"chose_seed":false,"campfire_upgraded":1,"win_rate":0,"timestamp":1566236258,"path_taken":["M","M","M","M","M","E","?","R","T","E","?","E","M","?","R","BOSS","M","M","?","?","?","R","E","R","T","E","M","$","?","?","R","BOSS"],"build_version":"2019-07-17","purchased_purges":0,"victory":false,"max_hp_per_floor":[85,85,85,85,85,95,95,95,95,95,95,95,95,95,95,95,95,95,95,95,95,95,95,95,95,95,95,95,95,95,47,47,47],"card_choices":[{"not_picked":["Steam","Hologram"],"picked":"Go for the Eyes","floor":1.0},{"not_picked":["Turbo","Steam"],"picked":"Hello World","floor":2.0},{"not_picked":["Reprogram","Gash"],"picked":"Lockon","floor":3.0},{"not_picked":["Leap","Tempest"],"picked":"Sweeping Beam","floor":4.0},{"not_picked":["Hologram","Storm"],"picked":"Go for the Eyes","floor":5.0},{"not_picked":["Echo Form","Steam Power"],"picked":"Streamline","floor":6.0},{"not_picked":["Hello World","Fission"],"picked":"Doom and Gloom","floor":10.0},{"not_picked":["Turbo","Blizzard"],"picked":"Hologram","floor":12.0},{"not_picked":["Undo","Hologram"],"picked":"Leap","floor":13.0},{"not_picked":["Rainbow","Meteor Strike"],"picked":"Electrodynamics","floor":16.0},{"not_picked":["Compile Driver","Steam"],"picked":"Self Repair","floor":18.0},{"not_picked":["Beam Cell","Turbo"],"picked":"Hologram+1","floor":19.0},{"not_picked":["Cold Snap","Beam Cell"],"picked":"Consume","floor":20.0},{"not_picked":["Thunder Strike","Sweeping Beam"],"picked":"Conserve Battery","floor":24},{"not_picked":["Sweeping Beam","Tempest"],"picked":"Coolheaded","floor":27},{"not_picked":["Hologram","Consume","Hello World"],"picked":"SKIP","floor":28}],"player_experience":1074259,"relics_obtained":[{"floor":6.0,"key":"Pear"},{"floor":9.0,"key":"Bottled Tornado"},{"floor":10.0,"key":"Cables"},{"floor":12.0,"key":"Boot"},{"floor":24,"key":"Art of War"},{"floor":26,"key":"PreservedInsect"},{"floor":27,"key":"Molten Egg 2"}],"event_choices":[{"damage_healed":0.0,"max_hp_gain":0.0,"max_hp_loss":0.0,"gold_gain":50.0,"event_name":"Golden Shrine","player_choice":"Pray","floor":7.0,"gold_loss":0.0,"damage_taken":0.0},{"damage_healed":0.0,"max_hp_gain":0.0,"max_hp_loss":0.0,"gold_gain":0.0,"event_name":"Match and Keep!","player_choice":"0 cards matched","floor":14.0,"gold_loss":0.0,"damage_taken":0.0,"cards_obtained":[]},{"damage_healed":19.0,"max_hp_gain":0.0,"max_hp_loss":0.0,"gold_gain":0.0,"event_name":"The Library","player_choice":"Heal","floor":21.0,"gold_loss":0.0,"damage_taken":0.0},{"damage_healed":0.0,"max_hp_gain":0.0,"max_hp_loss":0.0,"gold_gain":0.0,"event_name":"Duplicator","player_choice":"Copied","floor":22.0,"gold_loss":0.0,"damage_taken":0.0,"cards_obtained":["Lockon"]},{"damage_healed":0,"gold_gain":0,"player_choice":"Became a Ghost","damage_taken":0,"max_hp_gain":0,"max_hp_loss":48,"event_name":"Ghosts","floor":31,"gold_loss":0,"cards_obtained":["Ghostly","Ghostly","Ghostly"]}],"is_beta":false,"boss_relics":[{"not_picked":["Sozu","FrozenCore"],"picked":"Inserter"}],"items_purged_floors":[],"is_endless":false,"potions_floor_spawned":[3,6,10,13,16,18,20,24,30],"killed_by":"Collector","ascension_level":19}