{"gold_per_floor":[118,268,343,0,20,20,51,61,130,130,174,174,210,225,225,225],"floor_reached":16,"playtime":634,"items_purged":["Doubt"],"score":272,"play_id":"98c82a7e-d749-43ad-bc6d-e5e823bd6d7a","local_time":"20190822103824","is_ascension_mode":true,"campfire_choices":[{"data":"Outmaneuver","floor":6,"key":"SMITH"},{"floor":12,"key":"REST"},{"floor":15,"key":"REST"}],"neow_cost":"NONE","seed_source_timestamp":832544141965,"circlet_count":0,"master_deck":["AscendersBane","Strike_G","Strike_G","Strike_G","Strike_G","Strike_G","Defend_G","Defend_G","Defend_G","Defend_G","Defend_G","Survivor","Neutralize","Outmaneuver+1","Dagger Spray","Skewer","Slice","Injury","Wraith Form v2","Dodge and Roll+1","Dash","Burst+1","Dodge and Roll+1"],"relics":["Ring of the Snake","NeowsBlessing","Matryoshka","Dream Catcher","Toxic Egg 2","Bag of Preparation","Golden Idol","Unceasing Top","Strawberry"],"potions_floor_usage":[11,13,13],"damage_taken":[{"damage":0,"enemies":"Small Slimes","floor":1,"turns":1},{"damage":0,"enemies":"Jaw Worm","floor":5,"turns":1},{"damage":0,"enemies":"Lagavulin","floor":7,"turns":1},{"damage":0,"enemies":"Cultist","floor":8,"turns":2},{"damage":44,"enemies":"Gremlin Nob","floor":11,"turns":6},{"damage":14,"enemies":"3 Sentries","floor":13,"turns":5},{"damage":8,"enemies":"Exordium Wildlife","floor":14,"turns":4},{"damage":36,"enemies":"Slime Boss","floor":16,"turns":8}],"seed_played":"-4860471969478936003","potions_obtained":[{"floor":1,"key":"Weak Potion"},{"floor":8,"key":"Strength Potion"},{"floor":11,"key":"AttackPotion"}],"is_trial":false,"path_per_floor":["M","?","?","$","M","R","E","M","T","?","E","R","E","M","R","B"],"character_chosen":"THE_SILENT","items_purchased":["Matryoshka"],"campfire_rested":2,"item_purchase_floors":[4],"current_hp_per_floor":[59,59,48,48,48,48,48,48,48,48,4,23,16,8,29,0],"gold":225,"neow_bonus":"THREE_ENEMY_KILL","is_prod":false,"is_daily":false,"chose_seed":false,"campfire_upgraded":1,"win_rate":0,"timestamp":1566495504,"path_taken":["M","?","?","?","?","R","E","M","T","?","E","R","E","M","R","BOSS"],"build_version":"2019-07-17","purchased_purges":1,"victory":false,"max_hp_per_floor":[66,66,66,66,66,66,66,66,66,66,66,66,73,73,73,73],"card_choices":[{"not_picked":["Riddle With Holes","Underhanded Strike"],"picked":"Outmaneuver","floor":1},{"not_picked":["Dagger Throw","Catalyst"],"picked":"Dagger Spray","floor":5},{"not_picked":["Dagger Throw","All Out Attack"],"picked":"Skewer","floor":7},{"not_picked":["PiercingWail","Backflip"],"picked":"Slice","floor":8},{"not_picked":["Predator","Bane"],"picked":"Wraith Form v2","floor":11},{"not_picked":["Escape Plan+1","Blade Dance+1"],"picked":"Dodge and Roll+1","floor":12},{"not_picked":["Terror+1","Dodge and Roll+1"],"picked":"Dash","floor":13},{"not_picked":["Cloak And Dagger+1","Expertise+1"],"picked":"Burst+1","floor":14},{"not_picked":["Outmaneuver+1","PiercingWail+1"],"picked":"Dodge and Roll+1","floor":15}],"player_experience":720936,"relics_obtained":[{"floor":7,"key":"Dream Catcher"},{"floor":9,"key":"Toxic Egg 2"},{"floor":9,"key":"Bag of Preparation"},{"floor":11,"key":"Unceasing Top"},{"floor":13,"key":"Strawberry"}],"event_choices":[{"damage_healed":0,"gold_gain":150,"player_choice":"AGREE","damage_taken":0,"max_hp_gain":0,"max_hp_loss":0,"event_name":"Liars Game","floor":2,"gold_loss":0,"cards_obtained":["Doubt"]},{"damage_healed":0,"gold_gain":75,"player_choice":"Gather Gold","damage_taken":11,"max_hp_gain":0,"max_hp_loss":0,"event_name":"World of Goop","floor":3,"gold_loss":0},{"damage_healed":0,"gold_gain":0,"player_choice":"Take Wound","damage_taken":0,"relics_obtained":["Golden Idol"],"max_hp_gain":0,"max_hp_loss":0,"event_name":"Golden Idol","floor":10,"gold_loss":0,"cards_obtained":["Injury"]}],"is_beta":false,"boss_relics":[],"items_purged_floors":[4],"is_endless":false,"potions_floor_spawned":[1,8,11],"killed_by":"Slime Boss","ascension_level":18}