{"gold_per_floor":[114,124,54,54,73,73,91,119,119,144,144,156,156,183,183,285,335,345,345,545,184,201,232,110,110,133,133,149,167,187,86,86,187,187,197,207,225,241,191,191,223,223,223,223,173,208,225,325,325,325],"floor_reached":51,"playtime":7589,"items_purged":["Strike_R","Defend_R","Strike_R","Strike_R","Parasite"],"score":806,"play_id":"bdb4422a-c4c5-411c-b08e-f3cb2d5f7e70","local_time":"20190727051029","is_ascension_mode":true,"campfire_choices":[{"data":"Immolate","floor":6,"key":"SMITH"},{"floor":11,"key":"REST"},{"floor":13,"key":"REST"},{"data":"Rupture","floor":15,"key":"SMITH"},{"floor":25,"key":"REST"},{"floor":27,"key":"REST"},{"floor":32,"key":"REST"},{"floor":40,"key":"REST"},{"floor":42,"key":"REST"},{"floor":44,"key":"REST"},{"data":"Brutality","floor":49,"key":"SMITH"}],"neow_cost":"NONE","seed_source_timestamp":279541118411000,"circlet_count":0,"master_deck":["Strike_R+1","Defend_R","Defend_R+1","Defend_R","Bash+1","Immolate+1","Blood for Blood+1","Brutality+1","Shrug It Off","Warcry","Rupture+1","Headbutt+1","Impervious+1","Heavy Blade+1","Headbutt+1","Feed+1","Power Through+1","Impervious","Warcry","Rampage+1","Warcry","Blood for Blood+1","Blood for Blood+1","Battle Trance+1","Offering","Battle Trance"],"relics":["Burning Blood","Smiling Mask","Centennial Puzzle","Molten Egg 2","Ancient Tea Set","Tiny House","Nilry\u0027s Codex","War Paint","Letter Opener","Dream Catcher","Mark of Pain","Girya","Whetstone","Pantograph","Champion Belt"],"potions_floor_usage":[5,10,28,29,33,33,35,46,50],"damage_taken":[{"damage":6,"enemies":"Cultist","floor":1,"turns":3},{"damage":0,"enemies":"2 Louse","floor":2,"turns":1},{"damage":1,"enemies":"Small Slimes","floor":5,"turns":2},{"damage":14,"enemies":"Gremlin Gang","floor":7,"turns":2},{"damage":29,"enemies":"Lagavulin","floor":8,"turns":7},{"damage":28,"enemies":"Gremlin Nob","floor":10,"turns":5},{"damage":3,"enemies":"Exordium Thugs","floor":12,"turns":4},{"damage":4,"enemies":"3 Sentries","floor":14,"turns":3},{"damage":50,"enemies":"Hexaghost","floor":16,"turns":8},{"damage":16,"enemies":"Spheric Guardian","floor":18,"turns":4},{"damage":12,"enemies":"3 Byrds","floor":22,"turns":4},{"damage":72,"enemies":"Gremlin Leader","floor":23,"turns":8},{"damage":45,"enemies":"Snecko","floor":28,"turns":7},{"damage":17,"enemies":"Snake Plant","floor":29,"turns":4},{"damage":17,"enemies":"3 Cultists","floor":30,"turns":5},{"damage":31,"enemies":"Champ","floor":33,"turns":10},{"damage":31,"enemies":"3 Darklings","floor":35,"turns":4},{"damage":10,"enemies":"Orb Walker","floor":36,"turns":4},{"damage":7,"enemies":"Jaw Worm Horde","floor":37,"turns":6},{"damage":17,"enemies":"Writhing Mass","floor":38,"turns":7},{"damage":81,"enemies":"Giant Head","floor":41,"turns":9},{"damage":28,"enemies":"Nemesis","floor":46,"turns":7},{"damage":6,"enemies":"4 Shapes","floor":47,"turns":6},{"damage":24,"enemies":"Mind Bloom Boss Battle","floor":48,"turns":6},{"damage":93,"enemies":"Time Eater","floor":50,"turns":10}],"seed_played":"8869292839817993261","potions_obtained":[{"floor":2,"key":"Explosive Potion"},{"floor":5,"key":"FairyPotion"},{"floor":7,"key":"Ancient Potion"},{"floor":8,"key":"Block Potion"},{"floor":12,"key":"BloodPotion"},{"floor":17,"key":"FearPotion"},{"floor":23,"key":"Poison Potion"},{"floor":28,"key":"EssenceOfSteel"},{"floor":33,"key":"LiquidBronze"},{"floor":35,"key":"Dexterity Potion"},{"floor":41,"key":"Block Potion"},{"floor":46,"key":"Explosive Potion"},{"floor":47,"key":"Swift Potion"}],"is_trial":false,"path_per_floor":["M","M","$","?","M","R","M","E","T","E","R","M","R","E","R","B",null,"M","?","?","$","M","E","$","R","T","R","M","M","M","$","R","B",null,"M","M","M","M","$","R","E","R","T","R","$","E","M","?","R","B",null],"character_chosen":"IRONCLAD","items_purchased":["Brutality","Feed+1","War Paint","Impervious","Warcry"],"campfire_rested":8,"item_purchase_floors":[3,21,21,24,31],"current_hp_per_floor":[80,80,80,73,78,78,70,47,47,25,49,52,76,78,78,34,85,75,59,59,59,57,16,16,43,43,70,35,28,21,21,52,53,105,80,80,83,72,72,105,30,63,63,96,96,74,78,89,89,27],"gold":325,"neow_bonus":"ONE_RANDOM_RARE_CARD","is_prod":false,"is_daily":false,"chose_seed":false,"campfire_upgraded":3,"win_rate":0,"timestamp":1564175429,"path_taken":["M","M","$","?","M","R","M","E","T","E","R","M","R","E","R","BOSS","M","?","?","$","M","E","$","R","T","R","M","M","?","?","R","BOSS","M","M","M","M","$","R","E","R","T","R","$","E","M","?","R","BOSS"],"build_version":"2019-07-17","purchased_purges":5,"victory":true,"max_hp_per_floor":[80,80,80,80,80,80,80,80,80,80,80,80,80,80,80,80,85,85,85,85,85,89,93,93,93,93,93,97,101,105,105,105,105,105,105,109,113,113,113,113,113,113,113,113,110,110,114,118,118,118],"card_choices":[{"not_picked":["Wild Strike","Carnage","Dropkick"],"picked":"SKIP","floor":1},{"not_picked":["Armaments","Infernal Blade"],"picked":"Blood for Blood","floor":2},{"not_picked":["Whirlwind","Disarm","Wild Strike"],"picked":"SKIP","floor":5},{"not_picked":["Pummel","Clothesline"],"picked":"Shrug It Off","floor":7},{"not_picked":["Sword Boomerang","Entrench"],"picked":"Warcry","floor":8},{"not_picked":["Fiend Fire","Heavy Blade"],"picked":"Rupture","floor":10},{"not_picked":["Burning Pact","Anger+1"],"picked":"Headbutt+1","floor":12},{"not_picked":["True Grit","Flex","Iron Wave+1"],"picked":"SKIP","floor":14},{"not_picked":["Juggernaut","Berserk"],"picked":"Impervious","floor":16},{"not_picked":["Sword Boomerang+1","Cleave+1"],"picked":"Heavy Blade+1","floor":17},{"not_picked":["Flex","Wild Strike+1"],"picked":"Headbutt+1","floor":18},{"not_picked":["Infernal Blade","Flex"],"picked":"Power Through+1","floor":22},{"not_picked":["Sword Boomerang+1","Body Slam+1","True Grit"],"picked":"SKIP","floor":23},{"not_picked":["Thunderclap+1","Wild Strike+1"],"picked":"Warcry","floor":27},{"not_picked":["Carnage+1","Pommel Strike+1","Perfected Strike+1"],"picked":"SKIP","floor":28},{"not_picked":["Armaments+1","Juggernaut","Metallicize"],"picked":"SKIP","floor":29},{"not_picked":["Entrench","Intimidate"],"picked":"Rampage+1","floor":30},{"not_picked":["Armaments+1","Body Slam+1"],"picked":"Blood for Blood+1","floor":32},{"not_picked":["Seeing Red+1","Perfected Strike+1"],"picked":"Blood for Blood+1","floor":35},{"not_picked":["Anger+1","Clash+1"],"picked":"Battle Trance+1","floor":36},{"not_picked":["Perfected Strike+1","Seeing Red+1","Shockwave"],"picked":"SKIP","floor":37},{"not_picked":["Burning Pact+1","True Grit","Combust+1"],"picked":"SKIP","floor":38},{"not_picked":["Sever Soul+1","Disarm+1"],"picked":"Offering","floor":40},{"not_picked":["Heavy Blade+1","Thunderclap+1","Sever Soul+1"],"picked":"SKIP","floor":41},{"not_picked":["Entrench","Cleave+1"],"picked":"Battle Trance","floor":42},{"not_picked":["Heavy Blade+1","Reckless Charge+1","Warcry+1"],"picked":"SKIP","floor":46},{"not_picked":["Seeing Red+1","Shrug It Off","Fire Breathing+1"],"picked":"SKIP","floor":47}],"player_experience":694265,"relics_obtained":[{"floor":8,"key":"Smiling Mask"},{"floor":9,"key":"Centennial Puzzle"},{"floor":10,"key":"Molten Egg 2"},{"floor":14,"key":"Ancient Tea Set"},{"floor":19,"key":"Nilry\u0027s Codex"},{"floor":23,"key":"Letter Opener"},{"floor":26,"key":"Dream Catcher"},{"floor":41,"key":"Girya"},{"floor":43,"key":"Whetstone"},{"floor":46,"key":"Pantograph"},{"floor":48,"key":"Champion Belt"}],"event_choices":[{"cards_removed":["Strike_R"],"damage_healed":0,"gold_gain":0,"player_choice":"Card Removal","damage_taken":7,"max_hp_gain":0,"max_hp_loss":0,"event_name":"Golden Wing","floor":4,"gold_loss":0},{"damage_healed":0,"gold_gain":0,"player_choice":"Obtained Book","damage_taken":16,"max_hp_gain":0,"max_hp_loss":0,"event_name":"Cursed Tome","floor":19,"gold_loss":0},{"damage_healed":0,"gold_gain":200,"player_choice":"Gold","damage_taken":0,"max_hp_gain":0,"max_hp_loss":0,"event_name":"Wheel of Change","floor":20,"gold_loss":0},{"damage_healed":0,"gold_gain":0,"player_choice":"Fight","damage_taken":0,"max_hp_gain":0,"max_hp_loss":0,"event_name":"MindBloom","floor":48,"gold_loss":0}],"is_beta":false,"boss_relics":[{"not_picked":["Philosopher\u0027s Stone","Pandora\u0027s Box"],"picked":"Tiny House"},{"not_picked":["Black Blood","Busted Crown"],"picked":"Mark of Pain"}],"items_purged_floors":[21,24,31,39,45],"is_endless":false,"potions_floor_spawned":[2,5,7,8,12,22,23,28,33,35,41,46,47],"ascension_level":1}