{"gold_per_floor":[111,130,142,142,154,154,169,169,169,183,223,223,238,263,263,263],"floor_reached":16,"playtime":713,"items_purged":[],"score":143,"play_id":"8aeddc48-b058-474a-bcab-86f2d065c6ad","local_time":"20190201062331","is_ascension_mode":true,"campfire_choices":[{"floor":6.0,"key":"REST"},{"data":"Wraith Form v2","floor":12,"key":"SMITH"},{"floor":15,"key":"REST"}],"neow_cost":"NONE","seed_source_timestamp":4916722113597836,"circlet_count":0,"master_deck":["Defend_G","Defend_G","Defend_G","Defend_G","Defend_G","Strike_G","Strike_G","Strike_G","Strike_G","Strike_G+1","Survivor","Neutralize","Backflip+1","Backflip","Dagger Throw","Flying Knee","Dagger Throw","Concentrate","Injury","Footwork","Wraith Form v2+1","Footwork"],"special_seed":0,"relics":["Orrery","Golden Idol","Mercury Hourglass","The Courier"],"potions_floor_usage":[],"damage_taken":[{"damage":1.0,"enemies":"2 Louse","floor":1.0,"turns":4.0},{"damage":4.0,"enemies":"Small Slimes","floor":2.0,"turns":3.0},{"damage":5.0,"enemies":"Cultist","floor":3.0,"turns":4.0},{"damage":21.0,"enemies":"Gremlin Gang","floor":5.0,"turns":7.0},{"damage":0.0,"enemies":"Looter","floor":7.0,"turns":3.0},{"damage":1.0,"enemies":"2 Fungi Beasts","floor":10.0,"turns":3.0},{"damage":12.0,"enemies":"Gremlin Nob","floor":11.0,"turns":3.0},{"damage":2,"enemies":"Red Slaver","floor":13,"turns":4},{"damage":11,"enemies":"3 Louse","floor":14,"turns":2},{"damage":42,"enemies":"Slime Boss","floor":16,"turns":7}],"seed_played":"8287746766381547235","potions_obtained":[{"floor":2.0,"key":"Strength Potion"},{"floor":5.0,"key":"LiquidBronze"},{"floor":7.0,"key":"Strength Potion"}],"is_trial":false,"path_per_floor":["M","M","M","?","M","R","M","?","T","M","E","R","M","M","R","B"],"character_chosen":"THE_SILENT","items_purchased":[],"campfire_rested":2,"item_purchase_floors":[],"current_hp_per_floor":[62,58,53,39,18,39,39,39,39,38,26,26,24,13,34,0],"gold":263,"neow_bonus":"BOSS_RELIC","is_prod":false,"is_daily":false,"chose_seed":false,"campfire_upgraded":1,"win_rate":0,"timestamp":1549020211,"path_taken":["M","M","M","?","M","R","M","?","T","M","E","R","M","M","R","BOSS"],"build_version":"2019-01-23","purchased_purges":0,"victory":false,"max_hp_per_floor":[70,70,70,70,70,70,70,70,70,70,70,70,70,70,70,70],"card_choices":[{"not_picked":["Cloak And Dagger","Crippling Poison"],"picked":"Backflip","floor":0.0},{"not_picked":["Underhanded Strike","Poisoned Stab"],"picked":"Backflip","floor":0.0},{"not_picked":["Predator","Bane"],"picked":"Dagger Throw","floor":0.0},{"not_picked":["Dodge and Roll","Caltrops"],"picked":"Flying Knee","floor":0.0},{"not_picked":["Well Laid Plans","Dodge and Roll"],"picked":"Dagger Throw","floor":1.0},{"not_picked":["Prepared","Infinite Blades"],"picked":"Concentrate","floor":2.0},{"not_picked":["Deflect","Flechettes","Slice"],"picked":"SKIP","floor":3.0},{"not_picked":["Bane","Bullet Time","Deflect"],"picked":"SKIP","floor":5.0},{"not_picked":["Dodge and Roll","Finisher","Choke"],"picked":"SKIP","floor":7.0},{"not_picked":["Dodge and Roll","Choke"],"picked":"Footwork","floor":10.0},{"not_picked":["PiercingWail","Tools of the Trade"],"picked":"Wraith Form v2","floor":11},{"not_picked":["Bane","Cloak And Dagger","Concentrate"],"picked":"SKIP","floor":13},{"not_picked":["Prepared","Heel Hook"],"picked":"Footwork","floor":14}],"player_experience":379605,"relics_obtained":[{"floor":9.0,"key":"Mercury Hourglass"},{"floor":11,"key":"The Courier"}],"event_choices":[{"damage_healed":0.0,"max_hp_gain":0.0,"max_hp_loss":0.0,"gold_gain":0.0,"event_name":"Shining Light","player_choice":"Entered Light","floor":4.0,"gold_loss":0.0,"damage_taken":14.0,"cards_upgraded":["Strike_G","Backflip"]},{"damage_healed":0.0,"max_hp_gain":0.0,"max_hp_loss":0.0,"gold_gain":0.0,"event_name":"Golden Idol","player_choice":"Take Wound","floor":8.0,"gold_loss":0.0,"damage_taken":0.0,"relics_obtained":["Golden Idol"],"cards_obtained":["Injury"]}],"is_beta":false,"boss_relics":[],"items_purged_floors":[],"is_endless":false,"potions_floor_spawned":[2,5,7,10],"killed_by":"Slime Boss","ascension_level":7}