{"gold_per_floor":[115,115,132,149,167,167,178,206,254,254,268,268,44,44,44,148,148,161,173,187,198,178,210,222,78,147,162,162,177,177,204,204,306,306,324,344,344,363,379,379,407,407,434,459,309,324,7,19,19,19],"floor_reached":50,"playtime":4215,"items_purged":["Shame","Defend_R","Brutality"],"score":795,"play_id":"fa98bd9a-ceae-418e-93b9-c28922fca1fc","local_time":"20190820004306","is_ascension_mode":true,"campfire_choices":[{"data":"Perfected Strike","floor":6,"key":"SMITH"},{"data":"Twin Strike","floor":10,"key":"SMITH"},{"data":"Bash","floor":12,"key":"SMITH"},{"data":"Inflame","floor":15,"key":"SMITH"},{"data":"Shrug It Off","floor":28,"key":"SMITH"},{"floor":30,"key":"REST"},{"data":"Perfected Strike","floor":32,"key":"SMITH"},{"data":"Demon Form","floor":40,"key":"SMITH"},{"data":"Pommel Strike","floor":42,"key":"SMITH"},{"floor":49,"key":"REST"}],"neow_cost":"CURSE","seed_source_timestamp":2340491017141300,"circlet_count":0,"master_deck":["Strike_R+1","Strike_R","Strike_R","Strike_R+1","Strike_R","Bash+1","Perfected Strike+1","Shrug It Off+1","Inflame+1","Twin Strike+1","Wild Strike+1","Shrug It Off","Perfected Strike+1","Demon Form+1","Shrug It Off+1","Twin Strike","Limit Break","Double Tap+1","Pommel Strike+1","Perfected Strike+1","Intimidate","Pommel Strike+1","Pommel Strike","Shrug It Off","Bandage Up","Disarm"],"relics":["Burning Blood","Mango","Mercury Hourglass","Gremlin Horn","Red Skull","Whetstone","Mark of Pain","Boot","Letter Opener","Lantern","Astrolabe","Shovel","Strawberry","Anchor"],"potions_floor_usage":[5,11,19,23,31,33,33,44,50,50,50],"damage_taken":[{"damage":8,"enemies":"2 Louse","floor":1,"turns":4},{"damage":0,"enemies":"Cultist","floor":3,"turns":2},{"damage":7,"enemies":"Jaw Worm","floor":4,"turns":2},{"damage":3,"enemies":"Looter","floor":5,"turns":3},{"damage":0,"enemies":"Gremlin Gang","floor":7,"turns":5},{"damage":34,"enemies":"Lagavulin","floor":8,"turns":6},{"damage":18,"enemies":"Exordium Thugs","floor":11,"turns":3},{"damage":28,"enemies":"Hexaghost","floor":16,"turns":6},{"damage":8,"enemies":"Chosen","floor":18,"turns":4},{"damage":1,"enemies":"3 Byrds","floor":19,"turns":3},{"damage":18,"enemies":"Centurion and Healer","floor":20,"turns":4},{"damage":20,"enemies":"Sentry and Sphere","floor":21,"turns":4},{"damage":2,"enemies":"Gremlin Leader","floor":23,"turns":3},{"damage":17,"enemies":"Snake Plant","floor":24,"turns":3},{"damage":15,"enemies":"Centurion and Healer","floor":27,"turns":3},{"damage":4,"enemies":"Cultist and Chosen","floor":29,"turns":4},{"damage":29,"enemies":"Slavers","floor":31,"turns":4},{"damage":71,"enemies":"Automaton","floor":33,"turns":8},{"damage":0,"enemies":"3 Shapes","floor":35,"turns":3},{"damage":19,"enemies":"3 Darklings","floor":36,"turns":3},{"damage":19,"enemies":"Writhing Mass","floor":38,"turns":3},{"damage":0,"enemies":"Sphere and 2 Shapes","floor":39,"turns":3},{"damage":26,"enemies":"Reptomancer","floor":41,"turns":5},{"damage":58,"enemies":"Nemesis","floor":44,"turns":5},{"damage":0,"enemies":"3 Darklings","floor":46,"turns":2},{"damage":0,"enemies":"Jaw Worm Horde","floor":48,"turns":2},{"damage":83,"enemies":"Donu and Deca","floor":50,"turns":5}],"seed_played":"-6373221113862465296","potions_obtained":[{"floor":1,"key":"BloodPotion"},{"floor":3,"key":"Block Potion"},{"floor":11,"key":"Fruit Juice"},{"floor":16,"key":"AttackPotion"},{"floor":18,"key":"Fire Potion"},{"floor":20,"key":"GamblersBrew"},{"floor":22,"key":"Ancient Potion"},{"floor":27,"key":"BloodPotion"},{"floor":31,"key":"Dexterity Potion"},{"floor":36,"key":"BloodPotion"},{"floor":41,"key":"Explosive Potion"},{"floor":44,"key":"AttackPotion"},{"floor":46,"key":"LiquidBronze"}],"is_trial":false,"path_per_floor":["M","?","M","M","M","R","M","E","T","R","M","R","$","?","R","B",null,"M","M","M","M","?","E","M","$","T","M","R","M","R","E","R","B",null,"M","M","?","M","M","R","E","R","T","E","$","M","$","M","R","B"],"character_chosen":"IRONCLAD","items_purchased":["Whetstone","Demon Form","Pommel Strike","Shrug It Off","GamblersBrew","Bandage Up"],"campfire_rested":2,"item_purchase_floors":[13,25,45,47,47,47],"current_hp_per_floor":[84,84,90,89,92,92,94,66,66,66,59,59,59,59,59,37,84,82,87,75,61,61,65,54,54,54,45,45,47,76,53,53,12,77,83,70,70,57,63,63,43,43,50,24,24,30,30,40,71,0],"gold":19,"neow_bonus":"ONE_RARE_RELIC","is_prod":false,"is_daily":false,"chose_seed":false,"campfire_upgraded":8,"win_rate":0,"timestamp":1566232986,"path_taken":["M","?","M","M","?","R","M","E","T","R","?","R","$","?","R","BOSS","M","M","M","M","?","E","M","$","T","M","R","?","R","E","R","BOSS","M","M","?","M","M","R","E","R","T","E","$","M","$","M","R","BOSS"],"build_version":"2019-07-17","purchased_purges":3,"victory":false,"max_hp_per_floor":[94,94,94,94,94,94,94,94,94,94,99,99,99,99,99,99,99,99,99,99,99,99,99,99,99,99,99,99,99,99,99,99,99,99,99,99,99,99,99,99,99,99,106,106,106,106,106,106,106,106],"card_choices":[{"not_picked":["Anger","Sword Boomerang"],"picked":"Perfected Strike","floor":1},{"not_picked":["Battle Trance","Warcry"],"picked":"Shrug It Off","floor":3},{"not_picked":["Feel No Pain","Headbutt","Uppercut"],"picked":"SKIP","floor":4},{"not_picked":["Clash","Disarm"],"picked":"Inflame","floor":5},{"not_picked":["True Grit","Burning Pact","Bloodletting"],"picked":"SKIP","floor":7},{"not_picked":["Anger","Heavy Blade"],"picked":"Twin Strike","floor":8},{"not_picked":["Warcry","Thunderclap","Feel No Pain"],"picked":"SKIP","floor":11},{"not_picked":["Barricade","Offering"],"picked":"Brutality","floor":16},{"not_picked":["Warcry","Dual Wield"],"picked":"Wild Strike+1","floor":18},{"not_picked":["Pummel","Reckless Charge"],"picked":"Shrug It Off","floor":19},{"not_picked":["Cleave","Corruption","Havoc+1"],"picked":"SKIP","floor":20},{"not_picked":["Headbutt","Sword Boomerang","Shrug It Off+1"],"picked":"SKIP","floor":21},{"not_picked":["Rampage","Anger+1"],"picked":"Perfected Strike","floor":23},{"not_picked":["Ghostly Armor","Cleave+1","Seeing Red"],"picked":"SKIP","floor":24},{"not_picked":["Flame Barrier","Offering"],"picked":"Shrug It Off+1","floor":27},{"not_picked":["Cleave","Clothesline"],"picked":"Twin Strike","floor":29},{"not_picked":["Corruption","Sentinel+1","Heavy Blade"],"picked":"SKIP","floor":31},{"not_picked":["Bludgeon","Feed"],"picked":"Limit Break","floor":33},{"not_picked":["Shrug It Off","Entrench"],"picked":"Perfected Strike+1","floor":35},{"not_picked":["Rampage","Armaments+1","Thunderclap"],"picked":"SKIP","floor":36},{"not_picked":["Flex+1","Second Wind","Heavy Blade"],"picked":"SKIP","floor":38},{"not_picked":["Double Tap","Sever Soul","Wild Strike"],"picked":"SKIP","floor":39},{"not_picked":["Whirlwind","Thunderclap+1"],"picked":"Pommel Strike","floor":41},{"not_picked":["Armaments","Uppercut+1","True Grit"],"picked":"SKIP","floor":44},{"not_picked":["Cleave+1","Seeing Red+1","Immolate"],"picked":"SKIP","floor":46},{"not_picked":["Clothesline","Headbutt+1"],"picked":"Disarm","floor":48}],"player_experience":803838,"relics_obtained":[{"floor":8,"key":"Gremlin Horn"},{"floor":9,"key":"Red Skull"},{"floor":23,"key":"Boot"},{"floor":26,"key":"Letter Opener"},{"floor":31,"key":"Lantern"},{"floor":41,"key":"Shovel"},{"floor":43,"key":"Strawberry"},{"floor":44,"key":"Anchor"}],"event_choices":[{"damage_healed":0,"gold_gain":0,"player_choice":"Gave Potion","damage_taken":0,"relics_obtained":["Mercury Hourglass"],"max_hp_gain":0,"max_hp_loss":0,"event_name":"WeMeetAgain","floor":2,"gold_loss":0},{"damage_healed":0,"gold_gain":0,"player_choice":"Ignored","damage_taken":0,"max_hp_gain":0,"max_hp_loss":0,"event_name":"Golden Idol","floor":14,"gold_loss":0},{"damage_healed":0,"gold_gain":0,"player_choice":"Bought 1 Potion","damage_taken":0,"max_hp_gain":0,"max_hp_loss":0,"event_name":"The Woman in Blue","floor":22,"gold_loss":0},{"damage_healed":0,"gold_gain":0,"cards_transformed":["Entrench"],"player_choice":"Transformed","damage_taken":0,"max_hp_gain":0,"max_hp_loss":0,"event_name":"Transmorgrifier","floor":37,"gold_loss":0,"cards_obtained":["Intimidate"]}],"is_beta":false,"boss_relics":[{"not_picked":["Snecko Eye","Runic Dome"],"picked":"Mark of Pain"},{"not_picked":["Velvet Choker","Black Star"],"picked":"Astrolabe"}],"items_purged_floors":[13,45,47],"is_endless":false,"potions_floor_spawned":[1,3,11,16,18,20,27,31,36,41,44,46,48],"killed_by":"Donu and Deca","ascension_level":6}