{"gold_per_floor":[110,35,14,29,44,44,44,44,44,60,60,60,60,116,116,220,220,237,36,36,49,49,74,74,90,115,115,126,126,126,138,138,138],"floor_reached":33,"playtime":3380,"items_purged":["Strike_G"],"score":278,"play_id":"e9109ac4-2ba7-4234-b3aa-cb70e3e2964a","local_time":"20180729203112","is_ascension_mode":true,"campfire_choices":[{"data":"Defend_G","floor":6,"key":"SMITH"},{"data":"Defend_G","floor":8,"key":"SMITH"},{"data":"Infinite Blades","floor":12,"key":"SMITH"},{"floor":15,"key":"REST"},{"floor":24,"key":"REST"},{"floor":27,"key":"REST"},{"floor":29,"key":"REST"},{"data":"Defend_G","floor":32,"key":"SMITH"}],"neow_cost":"NONE","seed_source_timestamp":621415802845782,"circlet_count":0,"master_deck":["Defend_G+1","Defend_G+1","Defend_G","Defend_G","Defend_G+1","Strike_G","Strike_G","Strike_G","Strike_G","Survivor","Neutralize","Quick Slash","Outmaneuver","Infinite Blades+1","Flying Knee","Finisher","Deflect","Secret Technique","Masterful Stab","Terror+1","Quick Slash","Acrobatics+1","RitualDagger","Expertise+1"],"relics":["Ring of the Snake","Du-Vu Doll","Bronze Scales","Sozu","Omamori","Oddly Smooth Stone"],"potions_floor_usage":[16,16,16,28,31,33],"damage_taken":[{"damage":0,"enemies":"Cultist","floor":1,"turns":3},{"damage":0,"enemies":"Jaw Worm","floor":4,"turns":5},{"damage":0,"enemies":"2 Louse","floor":5,"turns":3},{"damage":3,"enemies":"2 Fungi Beasts","floor":10,"turns":4},{"damage":18,"enemies":"Gremlin Nob","floor":14,"turns":4},{"damage":22,"enemies":"Slime Boss","floor":16,"turns":9},{"damage":12,"enemies":"3 Byrds","floor":18,"turns":3},{"damage":6,"enemies":"Chosen","floor":21,"turns":5},{"damage":38,"enemies":"Slavers","floor":23,"turns":6},{"damage":16,"enemies":"Centurion and Healer","floor":25,"turns":4},{"damage":3,"enemies":"Cultist and Chosen","floor":28,"turns":4},{"damage":0,"enemies":"Sentry and Sphere","floor":31,"turns":3},{"damage":65,"enemies":"Champ","floor":33,"turns":10}],"seed_played":"-4247630076371219926","potions_obtained":[{"floor":5,"key":"EntropicBrew"},{"floor":14,"key":"GamblersBrew"},{"floor":16,"key":"Strength Potion"}],"is_trial":false,"path_per_floor":["M","$","?","M","M","R","$","R","T","M","?","R","$","?","R","B",null,"M","$","?","M","?","E","R","M","T","R","M","R","?","M","R"],"character_chosen":"THE_SILENT","items_purchased":["Secret Technique"],"campfire_rested":4,"item_purchase_floors":[19],"current_hp_per_floor":[70,70,70,70,70,70,70,70,70,67,64,64,64,46,67,45,70,58,58,58,52,52,14,35,19,19,40,37,58,52,52,52,0],"gold":138,"neow_bonus":"THREE_CARDS","is_prod":false,"is_daily":false,"chose_seed":false,"campfire_upgraded":4,"win_rate":0,"timestamp":1532867472,"path_taken":["M","$","?","M","M","R","$","R","T","M","?","R","?","?","R","BOSS","M","$","?","M","?","E","R","M","T","R","M","R","?","?","R","BOSS"],"build_version":"2018-07-26","purchased_purges":1,"victory":false,"max_hp_per_floor":[70,70,70,70,70,70,70,70,70,70,70,70,70,70,70,70,70,70,70,70,70,70,70,70,70,70,70,70,70,70,70,70,70],"card_choices":[{"not_picked":["Dagger Spray","Prepared"],"picked":"Quick Slash","floor":0},{"not_picked":["Backflip","Quick Slash"],"picked":"Outmaneuver","floor":1},{"not_picked":["Backflip","Caltrops"],"picked":"Infinite Blades","floor":4},{"not_picked":["Bane","Dagger Throw"],"picked":"Flying Knee","floor":5},{"not_picked":["Masterful Stab","Riddle With Holes"],"picked":"Finisher","floor":10},{"not_picked":["Finisher+1","Dagger Spray"],"picked":"Deflect","floor":18},{"not_picked":["Riddle With Holes","Acrobatics"],"picked":"Masterful Stab","floor":21},{"not_picked":["Flying Knee","Masterful Stab"],"picked":"Terror+1","floor":23},{"not_picked":["Eviscerate+1","Dodge and Roll+1"],"picked":"Quick Slash","floor":25},{"not_picked":["Dodge and Roll","Heel Hook+1"],"picked":"Acrobatics+1","floor":28},{"not_picked":["Bane+1","Quick Slash"],"picked":"Expertise+1","floor":31}],"player_experience":77927,"relics_obtained":[{"floor":9,"key":"Du-Vu Doll"},{"floor":23,"key":"Omamori"},{"floor":26,"key":"Oddly Smooth Stone"}],"event_choices":[{"event_name":"World of Goop","player_choice":"Left","floor":3,"damage_taken":0},{"event_name":"Scrap Ooze","player_choice":"unsuccessful","floor":11,"damage_taken":3},{"event_name":"Dead Adventurer","player_choice":"Searched \u00272\u0027 times","floor":14,"damage_taken":0},{"event_name":"Ghosts","player_choice":"Ignored","floor":20,"damage_taken":0},{"event_name":"The Mausoleum","player_choice":"No","floor":22,"damage_taken":0},{"event_name":"Nest","player_choice":"Joined the Cult","floor":30,"damage_taken":0}],"is_beta":false,"boss_relics":[{"not_picked":["Runic Pyramid","Coffee Dripper"],"picked":"Sozu"}],"items_purged_floors":[2],"is_endless":false,"potions_floor_spawned":[5,14,16,18,21,28,31],"killed_by":"Champ","ascension_level":2}