{"gold_per_floor":[12,12,12,12,37,37,37,37,37,37,62,62,92,116,116,236,236,260,260,185,203,303,347,118,134,134,134,154,154,154,154],"floor_reached":31,"playtime":1662,"items_purged":["Strike_R","Strike_R"],"score":356,"play_id":"2390ea83-874a-4976-8e03-8ff614901175","local_time":"20190813171224","is_ascension_mode":true,"campfire_choices":[{"data":"Defend_R","floor":6.0,"key":"PURGE"},{"data":"Defend_R","floor":8.0,"key":"PURGE"},{"data":"Defend_R","floor":10.0,"key":"PURGE"},{"data":"Bash","floor":15.0,"key":"PURGE"},{"data":"Defend_R+1","floor":27.0,"key":"PURGE"}],"neow_cost":"NO_GOLD","seed_source_timestamp":32038543974739,"circlet_count":0,"master_deck":["Strike_R","Strike_R+1","Clash","Rage+1","Clash","Rage+1","Flex+1"],"special_seed":0,"relics":["Burning Blood","Peace Pipe","Golden Idol","Toxic Egg 2","Odd Mushroom","MutagenicStrength","Gambling Chip","Juzu Bracelet"],"potions_floor_usage":[31],"damage_taken":[{"damage":0.0,"enemies":"Small Slimes","floor":1.0,"turns":3.0},{"damage":0.0,"enemies":"2 Louse","floor":11.0,"turns":3.0},{"damage":18.0,"enemies":"The Mushroom Lair","floor":13.0,"turns":4.0},{"damage":3.0,"enemies":"Jaw Worm","floor":14.0,"turns":2.0},{"damage":44.0,"enemies":"The Guardian","floor":16.0,"turns":11.0},{"damage":2.0,"enemies":"3 Byrds","floor":18.0,"turns":6.0},{"damage":2.0,"enemies":"Chosen","floor":21.0,"turns":4.0},{"damage":80.0,"enemies":"Gremlin Leader","floor":23.0,"turns":13.0},{"damage":10.0,"enemies":"Sentry and Sphere","floor":25.0,"turns":6.0},{"damage":0.0,"enemies":"Centurion and Healer","floor":28.0,"turns":4.0},{"damage":22,"enemies":"Book of Stabbing","floor":31,"turns":3}],"seed_played":"46200472781869704","potions_obtained":[{"floor":11.0,"key":"Fire Potion"},{"floor":14.0,"key":"SkillPotion"},{"floor":16.0,"key":"FearPotion"},{"floor":28.0,"key":"Poison Potion"}],"is_trial":false,"path_per_floor":["M","?","?","?","T","R","?","R","T","R","M","$","?","M","R","B",null,"M","?","$","M","?","E","$","M","T","R","M","?","?","E"],"character_chosen":"IRONCLAD","items_purchased":["Clash","Rage+1"],"campfire_rested":0,"item_purchase_floors":[24,24],"current_hp_per_floor":[80,60,60,65,65,65,48,48,48,48,54,54,42,45,45,7,85,85,85,85,85,85,11,11,7,7,7,13,13,13,0],"gold":154,"neow_bonus":"ONE_RARE_RELIC","is_prod":false,"is_daily":false,"chose_seed":false,"campfire_upgraded":0,"win_rate":0,"timestamp":1565709144,"path_taken":["M","?","?","?","?","R","?","R","T","R","M","$","?","M","R","BOSS","M","?","$","M","?","E","$","?","T","R","M","?","?","E"],"build_version":"2019-07-17","purchased_purges":2,"victory":false,"max_hp_per_floor":[80,80,80,85,85,85,85,85,85,85,85,85,85,85,85,85,85,85,85,85,85,85,85,85,85,85,85,85,85,85,85],"card_choices":[{"not_picked":["Headbutt","Twin Strike"],"picked":"Clash","floor":1.0},{"not_picked":["Dropkick","Sword Boomerang"],"picked":"Rage+1","floor":11.0},{"not_picked":["Reckless Charge","Entrench+1","Blood for Blood"],"picked":"SKIP","floor":14.0},{"not_picked":["Pommel Strike+1","Shockwave+1","Twin Strike"],"picked":"SKIP","floor":18.0},{"not_picked":["Warcry+1","Twin Strike","Combust"],"picked":"SKIP","floor":21.0},{"not_picked":["Body Slam","Corruption","Sword Boomerang"],"picked":"SKIP","floor":23.0},{"not_picked":["Inflame","Sword Boomerang","Thunderclap"],"picked":"SKIP","floor":25.0},{"not_picked":["Clothesline","Combust"],"picked":"Flex+1","floor":28.0}],"player_experience":372474,"relics_obtained":[{"floor":9.0,"key":"Toxic Egg 2"},{"floor":13.0,"key":"Odd Mushroom"},{"floor":23.0,"key":"Gambling Chip"},{"floor":26.0,"key":"Juzu Bracelet"}],"event_choices":[{"damage_healed":0.0,"max_hp_gain":0.0,"max_hp_loss":0.0,"gold_gain":0.0,"event_name":"Golden Idol","player_choice":"Take Damage","floor":2.0,"gold_loss":0.0,"damage_taken":20.0,"relics_obtained":["Golden Idol"]},{"damage_healed":0.0,"max_hp_gain":0.0,"max_hp_loss":0.0,"gold_gain":0.0,"event_name":"Liars Game","player_choice":"Ignored","floor":3.0,"gold_loss":0.0,"damage_taken":0.0},{"damage_healed":0.0,"max_hp_gain":5.0,"max_hp_loss":0.0,"gold_gain":0.0,"event_name":"Big Fish","player_choice":"Donut","floor":4.0,"gold_loss":0.0,"damage_taken":0.0},{"damage_healed":0.0,"max_hp_gain":0.0,"max_hp_loss":0.0,"gold_gain":0.0,"event_name":"Shining Light","player_choice":"Entered Light","floor":7.0,"gold_loss":0.0,"damage_taken":17.0,"cards_upgraded":["Defend_R","Strike_R"]},{"damage_healed":0.0,"max_hp_gain":0.0,"max_hp_loss":0.0,"gold_gain":0.0,"event_name":"Mushrooms","player_choice":"Fought Mushrooms","floor":13.0,"gold_loss":0.0,"damage_taken":0.0},{"damage_healed":0.0,"max_hp_gain":0.0,"max_hp_loss":0.0,"gold_gain":0.0,"event_name":"Drug Dealer","player_choice":"Inject Mutagens","floor":19.0,"gold_loss":0.0,"damage_taken":0.0,"relics_obtained":["MutagenicStrength"]},{"damage_healed":0.0,"max_hp_gain":0.0,"max_hp_loss":0.0,"gold_gain":100.0,"event_name":"Golden Shrine","player_choice":"Pray","floor":22.0,"gold_loss":0.0,"damage_taken":0.0},{"cards_removed":["Strike_R"],"damage_healed":0.0,"max_hp_gain":0.0,"max_hp_loss":0.0,"gold_gain":0.0,"event_name":"Back to Basics","player_choice":"Elegance","floor":29.0,"gold_loss":0.0,"damage_taken":0.0},{"damage_healed":0.0,"max_hp_gain":0.0,"max_hp_loss":0.0,"gold_gain":0.0,"event_name":"Transmorgrifier","player_choice":"Ignored","floor":30.0,"gold_loss":0.0,"damage_taken":0.0}],"is_beta":false,"boss_relics":[{"not_picked":["Astrolabe","Coffee Dripper","Calling Bell"]}],"items_purged_floors":[20,24],"is_endless":false,"potions_floor_spawned":[11,14,16,28],"killed_by":"Book of Stabbing","ascension_level":1}