{"gold_per_floor":[109,34,51,70,70,70,90,107,132,132,132,167,167,185,185,280,280,300,316,92,92,110,110,143,143,143,143,155,155,30,46,46,148,148,163,177,59,71,121,121,140,140,140,140,153,172,192,207,207,207],"floor_reached":51,"playtime":10291,"items_purged":["Strike_R","Strike_R","Strike_R"],"score":673,"play_id":"99f397b2-2ade-4e4d-8f82-69ea40529bfa","local_time":"20180727211628","is_ascension_mode":false,"campfire_choices":[{"data":"Defend_R","floor":6,"key":"SMITH"},{"data":"Flame Barrier","floor":11,"key":"SMITH"},{"data":"Hemokinesis","floor":13,"key":"SMITH"},{"data":"Iron Wave","floor":15,"key":"SMITH"},{"data":"Pommel Strike","floor":23,"key":"SMITH"},{"data":"Armaments","floor":25,"key":"SMITH"},{"data":"Pommel Strike","floor":27,"key":"SMITH"},{"data":"Demon Form","floor":29,"key":"SMITH"},{"data":"Bash","floor":32,"key":"SMITH"},{"data":"Shrug It Off","floor":40,"key":"SMITH"},{"data":"Shrug It Off","floor":42,"key":"SMITH"},{"data":"Warcry","floor":49,"key":"SMITH"}],"neow_cost":"NONE","seed_source_timestamp":444380880372551,"circlet_count":0,"master_deck":["Strike_R+1","Defend_R+1","Defend_R+1","Defend_R+1","Defend_R+1","Bash+1","Pommel Strike+1","Ghostly Armor","Twin Strike","Cleave","Flame Barrier+1","Hemokinesis+1","Iron Wave+1","Demon Form+1","Shrug It Off+1","Metallicize","Pommel Strike+1","Body Slam+1","Armaments+1","Flame Barrier+1","Juggernaut","Carnage","Warcry+1","Metallicize","Shrug It Off+1","Shockwave+1","Pommel Strike+1","Madness","Madness","Shrug It Off","Pommel Strike+1"],"relics":["Burning Blood","Potion Belt","FaceOfCleric","War Paint","Coffee Dripper","Nilry\u0027s Codex","Regal Pillow","Thread and Needle","Snecko Eye","Unceasing Top","Mercury Hourglass"],"potions_floor_usage":[16,16,24,24,24,50,50],"damage_taken":[{"damage":5,"enemies":"Jaw Worm","floor":1,"turns":6},{"damage":1,"enemies":"Cultist","floor":3,"turns":4},{"damage":0,"enemies":"Small Slimes","floor":4,"turns":3},{"damage":0,"enemies":"Exordium Wildlife","floor":7,"turns":4},{"damage":7,"enemies":"Blue Slaver","floor":8,"turns":4},{"damage":17,"enemies":"Lagavulin","floor":12,"turns":9},{"damage":6,"enemies":"2 Fungi Beasts","floor":14,"turns":3},{"damage":19,"enemies":"Slime Boss","floor":16,"turns":12},{"damage":14,"enemies":"2 Thieves","floor":18,"turns":4},{"damage":2,"enemies":"Spheric Guardian","floor":19,"turns":3},{"damage":20,"enemies":"Slaver and Parasite","floor":22,"turns":6},{"damage":19,"enemies":"Gremlin Leader","floor":24,"turns":6},{"damage":6,"enemies":"Cultist and Chosen","floor":28,"turns":5},{"damage":0,"enemies":"Snake Plant","floor":31,"turns":4},{"damage":46,"enemies":"Automaton","floor":33,"turns":9},{"damage":2,"enemies":"Orb Walker","floor":35,"turns":2},{"damage":8,"enemies":"3 Shapes","floor":36,"turns":4},{"damage":3,"enemies":"3 Darklings","floor":38,"turns":6},{"damage":8,"floor":39,"turns":4},{"damage":0,"enemies":"4 Shapes","floor":41,"turns":5},{"damage":2,"enemies":"Flame Bruiser 2 Orb","floor":45,"turns":3},{"damage":12,"enemies":"3 Darklings","floor":46,"turns":4},{"damage":0,"enemies":"Spire Growth","floor":47,"turns":4},{"damage":15,"enemies":"Flame Bruiser 2 Orb","floor":48,"turns":4},{"damage":14,"enemies":"Awakened One","floor":50,"turns":10}],"seed_played":"1061724624157989096","potions_obtained":[{"floor":1,"key":"Fire Potion"},{"floor":12,"key":"Weak Potion"},{"floor":16,"key":"EssenceOfSteel"},{"floor":18,"key":"Swift Potion"},{"floor":19,"key":"Weak Potion"},{"floor":24,"key":"FearPotion"},{"floor":33,"key":"SteroidPotion"},{"floor":38,"key":"SpeedPotion"},{"floor":39,"key":"Fire Potion"},{"floor":45,"key":"FearPotion"},{"floor":46,"key":"AttackPotion"}],"is_trial":false,"path_per_floor":["M","$","M","M","?","R","M","M","T","?","R","E","R","M","R","B",null,"M","M","$","?","M","R","E","R","T","R","M","R","$","M","R","B",null,"M","M","$","M","?","R","M","R","T","?","M","M","M","M","R","B"],"character_chosen":"IRONCLAD","items_purchased":["Metallicize","Pommel Strike","Metallicize","Shrug It Off"],"campfire_rested":0,"item_purchase_floors":[20,20,37,37],"current_hp_per_floor":[80,80,80,80,64,64,70,69,69,69,69,59,59,60,60,48,83,76,81,81,65,52,52,40,40,40,40,41,41,41,48,48,63,90,91,90,90,93,94,94,95,95,95,83,88,83,90,82,82,75],"gold":207,"neow_bonus":"REMOVE_CARD","is_prod":false,"is_daily":false,"chose_seed":false,"campfire_upgraded":12,"win_rate":0.0,"timestamp":1532697388,"path_taken":["M","$","M","M","?","R","M","M","T","?","R","E","R","M","R","BOSS","M","M","$","?","M","R","E","R","T","R","M","R","$","?","R","BOSS","M","M","$","?","?","R","M","R","T","?","M","M","M","M","R","BOSS"],"build_version":"2018-07-26","purchased_purges":3,"victory":true,"max_hp_per_floor":[80,80,80,80,80,80,80,80,80,80,80,81,81,82,82,83,83,84,85,85,85,86,86,87,87,87,87,88,88,88,89,89,90,90,91,92,92,93,94,94,95,95,95,95,96,97,98,99,99,100],"card_choices":[{"not_picked":["Perfected Strike","Carnage"],"picked":"Pommel Strike","floor":1},{"not_picked":["Perfected Strike","Entrench"],"picked":"Ghostly Armor","floor":3},{"not_picked":["Clothesline","Sword Boomerang"],"picked":"Twin Strike","floor":4},{"not_picked":["Flex","Battle Trance"],"picked":"Cleave","floor":7},{"not_picked":["Twin Strike","Rage"],"picked":"Flame Barrier","floor":8},{"not_picked":["True Grit","Brutality"],"picked":"Hemokinesis","floor":12},{"not_picked":["Infernal Blade","Second Wind"],"picked":"Iron Wave","floor":14},{"not_picked":["Double Tap","Feed"],"picked":"Demon Form","floor":16},{"not_picked":["Heavy Blade+1","Perfected Strike"],"picked":"Shrug It Off","floor":18},{"not_picked":["Disarm+1","Infernal Blade","True Grit"],"picked":"SKIP","floor":19},{"not_picked":["Armaments","Warcry+1"],"picked":"Body Slam+1","floor":22},{"not_picked":["Pommel Strike","Dual Wield"],"picked":"Armaments","floor":24},{"not_picked":["Power Through","Pommel Strike","Demon Form"],"picked":"SKIP","floor":28},{"not_picked":["Twin Strike+1","True Grit"],"picked":"Flame Barrier+1","floor":31},{"not_picked":["Double Tap","Bludgeon"],"picked":"Juggernaut","floor":33},{"not_picked":["Twin Strike","Sword Boomerang+1"],"picked":"Carnage","floor":35},{"not_picked":["Body Slam+1","Shrug It Off"],"picked":"Warcry","floor":36},{"not_picked":["Warcry","Twin Strike+1"],"picked":"Shockwave+1","floor":38},{"not_picked":["Clash+1","Shrug It Off"],"picked":"Pommel Strike+1","floor":41},{"not_picked":["Twin Strike","Juggernaut"],"picked":"Shrug It Off","floor":45},{"not_picked":["Feel No Pain","Body Slam+1","Perfected Strike"],"picked":"SKIP","floor":46},{"not_picked":["Headbutt+1","Sword Boomerang","Perfected Strike"],"picked":"SKIP","floor":47},{"not_picked":["Armaments","Second Wind"],"picked":"Pommel Strike+1","floor":48}],"player_experience":11456,"relics_obtained":[{"floor":9,"key":"Potion Belt"},{"floor":12,"key":"War Paint"},{"floor":21,"key":"Nilry\u0027s Codex"},{"floor":24,"key":"Regal Pillow"},{"floor":26,"key":"Thread and Needle"},{"floor":39,"key":"Unceasing Top"},{"floor":43,"key":"Mercury Hourglass"}],"event_choices":[{"event_name":"Shining Light","player_choice":"Entered Light","floor":5,"damage_taken":0},{"event_name":"FaceTrader","player_choice":"Trade","floor":10,"damage_taken":0},{"event_name":"Cursed Tome","player_choice":"Obtained Book","floor":21,"damage_taken":0},{"event_name":"Mysterious Sphere","player_choice":"Fight","floor":39,"damage_taken":0},{"event_name":"Winding Halls","player_choice":"Embrace Madness","floor":44,"damage_taken":0}],"is_beta":false,"boss_relics":[{"not_picked":["Cursed Key","Runic Cube"],"picked":"Coffee Dripper"},{"not_picked":["Black Blood","Runic Dome"],"picked":"Snecko Eye"}],"items_purged_floors":[2,20,30],"is_endless":false,"potions_floor_spawned":[1,12,16,18,19,24,33,38,39,45,46,48],"ascension_level":0}