{"gold_per_floor":[117,4,4,23,38,38,56,71,94,94,123,134,153,153,153,248,248,259,259,259,9,9,28,53,75,87,99,144,171,183],"floor_reached":30,"playtime":3682,"items_purged":["Strike_R","Strike_R"],"score":381,"play_id":"45dcf4b6-1868-4a27-bdfc-f7aeeea16e42","local_time":"20190127141001","is_ascension_mode":true,"campfire_choices":[{"data":"Seeing Red","floor":6,"key":"SMITH"},{"data":"Double Tap","floor":10,"key":"SMITH"},{"data":"Flame Barrier","floor":15,"key":"SMITH"},{"floor":27,"key":"REST"}],"neow_cost":"NONE","seed_source_timestamp":4555712911778541,"circlet_count":0,"master_deck":["Strike_R","Strike_R","Defend_R","Defend_R","Defend_R","Defend_R","Bash","Clothesline","Seeing Red+1","Flame Barrier+1","Double Tap+1","Shrug It Off","Infernal Blade","Barricade","Shrug It Off","J.A.X.","Inflame","Seeing Red+1","Pommel Strike"],"relics":["Busted Crown","Bronze Scales","Bag of Preparation","Sozu","MawBank","Matryoshka","Potion Belt"],"potions_floor_usage":[12,25,25],"damage_taken":[{"damage":0,"enemies":"Cultist","floor":1,"turns":2},{"damage":0,"enemies":"Small Slimes","floor":4,"turns":2},{"damage":0,"enemies":"2 Louse","floor":5,"turns":3},{"damage":0,"enemies":"2 Fungi Beasts","floor":7,"turns":3},{"damage":2,"enemies":"Red Slaver","floor":8,"turns":3},{"damage":10,"enemies":"Lagavulin","floor":11,"turns":6},{"damage":9,"enemies":"Exordium Wildlife","floor":12,"turns":3},{"damage":0,"enemies":"Lots of Slimes","floor":13,"turns":4},{"damage":20,"enemies":"The Guardian","floor":16,"turns":7},{"damage":0,"enemies":"3 Byrds","floor":18,"turns":3},{"damage":0,"enemies":"Spheric Guardian","floor":23,"turns":4},{"damage":25,"enemies":"Book of Stabbing","floor":24,"turns":7},{"damage":19,"enemies":"Shelled Parasite and Fungi","floor":25,"turns":6},{"damage":39,"enemies":"Slavers","floor":28,"turns":8},{"damage":0,"enemies":"Chosen and Byrds","floor":29,"turns":3},{"damage":11,"enemies":"Sentry and Sphere","floor":30,"turns":3}],"seed_played":"-4921774609962047094","potions_obtained":[{"floor":4,"key":"FearPotion"},{"floor":5,"key":"GamblersBrew"},{"floor":12,"key":"Explosive Potion"},{"floor":13,"key":"Explosive Potion"}],"is_trial":false,"path_per_floor":["M","$","?","M","M","R","M","M","T","R","E","M","M","?","R","B",null,"M","?","?","$","?","M","E","M","T","R","E","M","M"],"character_chosen":"IRONCLAD","items_purchased":["Seeing Red","Inflame","Seeing Red"],"campfire_rested":1,"item_purchase_floors":[2,21,21],"current_hp_per_floor":[72,72,72,72,72,72,72,70,70,70,60,51,51,51,51,31,68,68,68,68,68,68,68,43,24,24,48,9,9,0],"gold":183,"neow_bonus":"BOSS_RELIC","is_prod":false,"is_daily":false,"chose_seed":false,"campfire_upgraded":3,"win_rate":0,"timestamp":1548616201,"path_taken":["M","$","?","M","M","R","M","M","T","R","E","M","M","?","R","BOSS","M","?","?","$","?","M","E","M","T","R","E","M","M"],"build_version":"2019-01-23","purchased_purges":2,"victory":false,"max_hp_per_floor":[80,80,80,80,80,80,80,80,80,80,80,80,80,80,80,80,80,80,80,80,80,80,80,80,80,80,80,80,80,80],"card_choices":[{"not_picked":[],"picked":"Clothesline","floor":1},{"not_picked":["Perfected Strike"],"picked":"SKIP","floor":4},{"not_picked":["Clash"],"picked":"SKIP","floor":5},{"not_picked":[],"picked":"Flame Barrier","floor":7},{"not_picked":[],"picked":"Double Tap","floor":8},{"not_picked":["Evolve"],"picked":"SKIP","floor":11},{"not_picked":[],"picked":"Shrug It Off","floor":12},{"not_picked":["Whirlwind"],"picked":"SKIP","floor":13},{"not_picked":[],"picked":"Barricade","floor":16},{"not_picked":["Armaments"],"picked":"SKIP","floor":18},{"not_picked":["Combust"],"picked":"SKIP","floor":23},{"not_picked":[],"picked":"Pommel Strike","floor":24},{"not_picked":["True Grit"],"picked":"SKIP","floor":25},{"not_picked":["Headbutt"],"picked":"SKIP","floor":28},{"not_picked":["Twin Strike"],"picked":"SKIP","floor":29}],"player_experience":347150,"relics_obtained":[{"floor":9,"key":"Bronze Scales"},{"floor":11,"key":"Bag of Preparation"},{"floor":24,"key":"MawBank"},{"floor":26,"key":"Matryoshka"},{"floor":28,"key":"Potion Belt"}],"event_choices":[{"damage_healed":0,"gold_gain":0,"player_choice":"Leave","damage_taken":0,"max_hp_gain":0,"max_hp_loss":0,"event_name":"The Cleric","floor":3,"gold_loss":0},{"damage_healed":0,"gold_gain":0,"cards_transformed":["Strike_R"],"player_choice":"Transformed","damage_taken":0,"max_hp_gain":0,"max_hp_loss":0,"event_name":"Transmorgrifier","floor":14,"gold_loss":0,"cards_obtained":["Infernal Blade"]},{"damage_healed":0,"gold_gain":0,"player_choice":"Read","damage_taken":0,"max_hp_gain":0,"max_hp_loss":0,"event_name":"The Library","floor":19,"gold_loss":0,"cards_obtained":["Shrug It Off"]},{"damage_healed":0,"gold_gain":0,"player_choice":"Obtain J.A.X.","damage_taken":0,"max_hp_gain":0,"max_hp_loss":0,"event_name":"Drug Dealer","floor":20,"gold_loss":0,"cards_obtained":["J.A.X."]},{"damage_healed":0,"gold_gain":0,"player_choice":"Forge","damage_taken":0,"max_hp_gain":0,"max_hp_loss":0,"event_name":"Accursed Blacksmith","floor":22,"gold_loss":0,"cards_upgraded":["Seeing Red"]}],"is_beta":false,"boss_relics":[{"not_picked":["Philosopher\u0027s Stone","Ectoplasm"],"picked":"Sozu"}],"items_purged_floors":[2,21],"is_endless":false,"potions_floor_spawned":[4,5,12,13,16,23,25],"killed_by":"Sentry and Sphere","ascension_level":8}