{"gold_per_floor":[17,28,47,61,79,79,4,4,30,49,49,49,49,0,0,0],"floor_reached":16,"playtime":493,"items_purged":["Defend_R"],"score":138,"play_id":"de4b4bd2-492d-4005-91bc-808b7cf16c06","local_time":"20190419163456","is_ascension_mode":true,"campfire_choices":[{"data":"1","floor":6,"key":"LIFT"},{"data":"2","floor":8,"key":"LIFT"},{"data":"3","floor":13,"key":"LIFT"},{"data":"Armaments","floor":15,"key":"SMITH"}],"neow_cost":"NO_GOLD","seed_source_timestamp":6309414952931852,"circlet_count":0,"master_deck":["AscendersBane","Strike_R","Strike_R","Strike_R","Strike_R","Strike_R","Defend_R","Defend_R","Bash","Shrug It Off","Shockwave","Perfected Strike","Wild Strike","Shrug It Off","Armaments+1"],"relics":["Burning Blood","Girya","Blood Vial"],"potions_floor_usage":[4,16],"damage_taken":[{"damage":11,"enemies":"Cultist","floor":1,"turns":4},{"damage":10,"enemies":"Small Slimes","floor":2,"turns":5},{"damage":1,"enemies":"Jaw Worm","floor":3,"turns":4},{"damage":19,"enemies":"Gremlin Gang","floor":4,"turns":7},{"damage":23,"enemies":"Red Slaver","floor":5,"turns":5},{"damage":7,"enemies":"2 Fungi Beasts","floor":10,"turns":4},{"damage":46,"enemies":"Slime Boss","floor":16,"turns":5}],"seed_played":"-5695376917835177264","potions_obtained":[{"floor":2,"key":"Fire Potion"},{"floor":4,"key":"FearPotion"}],"is_trial":false,"path_per_floor":["M","M","M","M","M","R","$","R","T","M","$","?","R","$","R","B"],"character_chosen":"IRONCLAD","items_purchased":["Armaments"],"campfire_rested":0,"item_purchase_floors":[14],"current_hp_per_floor":[67,63,68,55,38,38,38,38,38,39,39,32,32,32,32,0],"gold":0,"neow_bonus":"ONE_RARE_RELIC","is_prod":false,"is_daily":false,"chose_seed":false,"campfire_upgraded":1,"win_rate":0,"timestamp":1555706096,"path_taken":["M","M","M","M","M","R","?","R","T","M","$","?","R","?","R","BOSS"],"build_version":"2019-01-23","purchased_purges":1,"victory":false,"max_hp_per_floor":[80,80,80,80,80,80,80,80,80,80,80,80,80,80,80,80],"card_choices":[{"not_picked":["Pommel Strike","Sword Boomerang"],"picked":"Shrug It Off","floor":1},{"not_picked":["Anger","Thunderclap"],"picked":"Shockwave","floor":2},{"not_picked":["Sever Soul","Sword Boomerang","Flex"],"picked":"SKIP","floor":3},{"not_picked":["Clothesline","Cleave"],"picked":"Perfected Strike","floor":4},{"not_picked":["Burning Pact","Warcry"],"picked":"Wild Strike","floor":5},{"not_picked":["Rupture","Iron Wave"],"picked":"Shrug It Off","floor":10}],"player_experience":572305,"relics_obtained":[{"floor":9,"key":"Blood Vial"}],"event_choices":[{"cards_removed":["Defend_R"],"damage_healed":0,"gold_gain":0,"player_choice":"Card Removal","damage_taken":7,"max_hp_gain":0,"max_hp_loss":0,"event_name":"Golden Wing","floor":12,"gold_loss":0}],"is_beta":false,"boss_relics":[],"items_purged_floors":[7],"is_endless":false,"potions_floor_spawned":[2,4],"killed_by":"Slime Boss","ascension_level":10}