{"gold_per_floor":[119,37,37,61,61,61,79,29,52,67,85,10,10,31,31,159,159,174,199,199,47,70,70,70,106,106,106,106,106],"floor_reached":29,"playtime":1534,"items_purged":["Strike_G","Strike_G"],"score":280,"play_id":"a4b95e0a-8c2d-4ac6-a41f-511e31380cbb","local_time":"20181017054630","is_ascension_mode":true,"campfire_choices":[{"data":"Neutralize","floor":6,"key":"SMITH"},{"data":"Accuracy","floor":15,"key":"SMITH"},{"floor":23,"key":"REST"}],"neow_cost":"NONE","seed_source_timestamp":553134032799200,"circlet_count":0,"master_deck":["Defend_G","Defend_G","Defend_G","Defend_G","Strike_G","Strike_G","Survivor","Neutralize+1","Escape Plan","Accuracy","Accuracy+1","Cloak And Dagger","Blade Dance","Cloak And Dagger","Prepared+1","PiercingWail","J.A.X.","Cloak And Dagger","Deflect","Blade Dance"],"relics":["Ring of the Snake","Golden Idol","Strawberry","Art of War","Nunchaku"],"potions_floor_usage":[11,16,18,25],"damage_taken":[{"damage":0,"enemies":"Small Slimes","floor":1,"turns":4},{"damage":0,"enemies":"Jaw Worm","floor":4,"turns":7},{"damage":0,"enemies":"2 Louse","floor":7,"turns":3},{"damage":0,"enemies":"2 Fungi Beasts","floor":10,"turns":4},{"damage":5,"enemies":"Lots of Slimes","floor":11,"turns":4},{"damage":0,"enemies":"Exordium Wildlife","floor":14,"turns":4},{"damage":16,"enemies":"Hexaghost","floor":16,"turns":11},{"damage":20,"enemies":"Spheric Guardian","floor":18,"turns":5},{"damage":30,"enemies":"3 Byrds","floor":19,"turns":7},{"damage":25,"enemies":"Snake Plant","floor":22,"turns":9},{"damage":46,"enemies":"Slavers","floor":25,"turns":8},{"damage":13,"enemies":"Snecko","floor":29,"turns":2}],"seed_played":"3945367474999667835","potions_obtained":[{"floor":4,"key":"Poison Potion"},{"floor":10,"key":"SpeedPotion"},{"floor":16,"key":"Explosive Potion"},{"floor":22,"key":"PowerPotion"}],"is_trial":false,"path_per_floor":["M","$","?","M","?","R","M","$","T","M","M","$","?","M","R","B",null,"M","M","?","$","M","R","?","E","T","$","?"],"character_chosen":"THE_SILENT","items_purchased":["Accuracy","Blade Dance","Cloak And Dagger"],"campfire_rested":1,"item_purchase_floors":[2,8,21],"current_hp_per_floor":[70,70,53,53,46,46,46,46,53,53,48,48,48,48,48,32,77,57,27,27,27,2,25,50,4,4,4,4,0],"gold":106,"neow_bonus":"REMOVE_CARD","is_prod":false,"is_daily":false,"chose_seed":false,"campfire_upgraded":2,"win_rate":0,"timestamp":1539726390,"path_taken":["M","$","?","M","?","R","M","?","T","M","?","$","?","M","R","BOSS","M","M","?","$","?","R","?","E","T","?","?","M"],"build_version":"2018-10-11","purchased_purges":2,"victory":false,"max_hp_per_floor":[70,70,70,70,70,70,70,70,77,77,77,77,77,77,77,77,77,77,77,77,77,77,77,77,77,77,77,77,77],"card_choices":[{"not_picked":["Poisoned Stab","Finisher"],"picked":"Escape Plan","floor":1},{"not_picked":["Bane","Blade Dance"],"picked":"Accuracy","floor":4},{"not_picked":["Bouncing Flask","Expertise"],"picked":"Cloak And Dagger","floor":7},{"not_picked":["Tactician","Dagger Spray"],"picked":"Cloak And Dagger","floor":10},{"not_picked":["Acrobatics","Slice","Poisoned Stab"],"picked":"SKIP","floor":11},{"not_picked":["Bane","Masterful Stab","Dagger Throw"],"picked":"SKIP","floor":14},{"not_picked":["Flying Knee+1","Crippling Poison"],"picked":"Prepared+1","floor":18},{"not_picked":["Flying Knee","Bane+1"],"picked":"PiercingWail","floor":19},{"not_picked":["Accuracy","Blade Dance"],"picked":"Deflect","floor":22},{"not_picked":["Night Terror","Quick Slash"],"picked":"Blade Dance","floor":25}],"player_experience":429401,"relics_obtained":[{"floor":9,"key":"Strawberry"},{"floor":25,"key":"Art of War"},{"floor":26,"key":"Nunchaku"}],"event_choices":[{"event_name":"Golden Idol","player_choice":"Take Damage","floor":3,"damage_taken":0},{"event_name":"Golden Wing","player_choice":"Card Removal","floor":5,"damage_taken":0},{"event_name":"The Cleric","player_choice":"Leave","floor":13,"damage_taken":0},{"event_name":"Drug Dealer","player_choice":"Got JAX","floor":20,"damage_taken":0},{"event_name":"The Library","player_choice":"Heal","floor":24,"damage_taken":0},{"event_name":"Cursed Tome","player_choice":"Ignored","floor":28,"damage_taken":0}],"is_beta":false,"boss_relics":[{"not_picked":["Velvet Choker","Cursed Key","Runic Dome"]}],"items_purged_floors":[12,21],"is_endless":false,"potions_floor_spawned":[4,10,16,22],"killed_by":"Snecko","ascension_level":4}