{"gold_per_floor":[113,12,187,204,204,232,232,266,337,350,350,361,393,411,411,506,506,521,120,220,220,231,258,258,292,318,350,350,366,366,425,425,529,529,545,545,562,574,397,410,410,423,423,457,154,206,232,232,232,232,232,232,86,119,119],"floor_reached":56,"playtime":2712,"items_purged":["Strike_R","Strike_R","Strike_R","Strike_R"],"score":1739,"play_id":"f9038440-eeb4-443b-9e5a-399e0ee2deef","local_time":"20190119141218","is_ascension_mode":true,"campfire_choices":[{"data":"Flex","floor":15.0,"key":"SMITH"},{"data":"Sword Boomerang","floor":24.0,"key":"SMITH"},{"data":"Bash","floor":28,"key":"SMITH"},{"floor":32,"key":"DIG"},{"floor":41,"key":"RECALL"},{"data":"1","floor":49,"key":"LIFT"},{"data":"2","floor":52,"key":"LIFT"}],"neow_cost":"NONE","seed_source_timestamp":0,"circlet_count":0,"master_deck":["Defend_R+1","Defend_R","Defend_R","Defend_R+1","Bash+1","Twin Strike","Flex+1","Cleave","Battle Trance","Sword Boomerang+1","Twin Strike+1","Thunderclap+1","Sword Boomerang+1","Twin Strike+1","Feed+1","Inflame+1","Sword Boomerang+1","Shrug It Off+1","Feed+1","Reaper+1","Sword Boomerang+1","Limit Break","Flex","Flex+1","Master of Strategy"],"special_seed":0,"relics":["Burning Blood","NeowsBlessing","FossilizedHelix","Kunai","Ice Cream","Molten Egg 2","PreservedInsect","Sozu","Pear","Incense Burner","Shuriken","Dream Catcher","Shovel","Sundial","Tiny Chest","Singing Bowl","Fusion Hammer","Pen Nib","Blue Candle","War Paint","Anchor","Girya","Centennial Puzzle","Red Skull","Gremlin Horn"],"potions_floor_usage":[55,55],"damage_taken":[{"damage":0.0,"enemies":"Cultist","floor":1.0,"turns":1.0},{"damage":0.0,"enemies":"Small Slimes","floor":4.0,"turns":1.0},{"damage":0.0,"enemies":"Lagavulin","floor":6.0,"turns":1.0},{"damage":29.0,"enemies":"3 Sentries","floor":8.0,"turns":9.0},{"damage":0.0,"enemies":"Jaw Worm","floor":10.0,"turns":3.0},{"damage":0.0,"enemies":"2 Fungi Beasts","floor":12.0,"turns":2.0},{"damage":0.0,"enemies":"Gremlin Nob","floor":13.0,"turns":3.0},{"damage":9.0,"enemies":"Exordium Thugs","floor":14.0,"turns":4.0},{"damage":42.0,"enemies":"Hexaghost","floor":16.0,"turns":6.0},{"damage":5.0,"enemies":"3 Byrds","floor":18.0,"turns":3.0},{"damage":0.0,"enemies":"Colosseum Slavers","floor":20.0,"turns":2.0},{"damage":0.0,"enemies":"Colosseum Nobs","floor":20.0,"turns":2.0},{"damage":8.0,"enemies":"Chosen","floor":22.0,"turns":7.0},{"damage":15.0,"enemies":"Book of Stabbing","floor":23.0,"turns":3.0},{"damage":0.0,"enemies":"Gremlin Leader","floor":25.0,"turns":1.0},{"damage":4,"enemies":"Slavers","floor":27,"turns":6},{"damage":0,"enemies":"Centurion and Healer","floor":29,"turns":3},{"damage":7,"enemies":"Book of Stabbing","floor":31,"turns":2},{"damage":48,"enemies":"Automaton","floor":33,"turns":8},{"damage":14,"enemies":"Orb Walker","floor":35,"turns":3},{"damage":0,"enemies":"3 Shapes","floor":37,"turns":2},{"damage":11,"enemies":"Sphere and 2 Shapes","floor":38,"turns":3},{"damage":0,"enemies":"Maw","floor":40,"turns":6},{"damage":0,"enemies":"Spire Growth","floor":42,"turns":2},{"damage":2,"enemies":"Nemesis","floor":44,"turns":5},{"damage":0,"enemies":"2 Orb Walkers","floor":46,"turns":3},{"damage":32,"enemies":"Reptomancer","floor":47,"turns":4},{"damage":20,"enemies":"Donu and Deca","floor":50,"turns":4},{"damage":40,"enemies":"Shield and Spear","floor":54,"turns":3},{"damage":163,"enemies":"The Heart","floor":55,"turns":6}],"seed_played":"-6343055117687094019","potions_obtained":[{"floor":1.0,"key":"Regen Potion"},{"floor":8.0,"key":"Dexterity Potion"},{"floor":13.0,"key":"Strength Potion"},{"floor":14.0,"key":"Regen Potion"}],"is_trial":false,"path_per_floor":["M","$","?","M","?","E","T","E","T","M","?","M","E","M","R","B",null,"M","$","?","?","M","E","R","E","T","E","R","M","?","E","R","B",null,"M","T","M","M","$","M","R","M","T","E","$","?","E","?","R","B",null,"R","$","E","B",null],"character_chosen":"IRONCLAD","items_purchased":["Flex","Pear","Sword Boomerang+1","Flex","Anchor","Red Skull"],"campfire_rested":0,"item_purchase_floors":[2,19,19,39,45,53],"current_hp_per_floor":[80,80,80,80,73,79,79,56,56,62,62,68,74,71,71,35,69,70,80,98,78,80,71,71,81,81,103,103,113,113,123,123,96,119,121,121,135,137,137,143,143,145,145,145,145,151,141,135,135,125,155,155,155,127,31],"gold":119,"neow_bonus":"THREE_ENEMY_KILL","is_prod":false,"is_daily":false,"chose_seed":false,"campfire_upgraded":3,"win_rate":0,"timestamp":1547925138,"path_taken":["M","$","?","M","?","E","?","E","T","M","?","?","E","M","R","BOSS","M","$","?","?","M","E","R","E","T","E","R","M","?","E","R","BOSS","M","?","M","M","$","M","R","M","T","E","$","?","E","?","R","BOSS","R","$","E","BOSS"],"build_version":"2019-01-17v2","purchased_purges":4,"victory":true,"max_hp_per_floor":[80,80,80,80,80,80,80,80,80,80,80,80,80,80,80,80,80,80,90,98,103,107,107,107,111,111,119,119,123,123,123,123,127,127,129,129,135,137,137,143,143,145,145,145,145,151,157,161,161,165,165,165,165,171,171],"card_choices":[{"not_picked":["Bloodletting","Headbutt"],"picked":"Twin Strike","floor":1.0},{"not_picked":["Carnage","Thunderclap"],"picked":"Cleave","floor":4.0},{"not_picked":["Havoc","Body Slam"],"picked":"Battle Trance","floor":6.0},{"not_picked":["Entrench","Uppercut"],"picked":"Sword Boomerang","floor":8.0},{"not_picked":["Clash+1","Headbutt+1"],"picked":"Twin Strike+1","floor":10.0},{"not_picked":["Fire Breathing","Wild Strike+1"],"picked":"Thunderclap+1","floor":12.0},{"not_picked":["Bludgeon+1","True Grit"],"picked":"Sword Boomerang+1","floor":13.0},{"not_picked":["Havoc","Shockwave"],"picked":"Twin Strike+1","floor":14.0},{"not_picked":["Fiend Fire+1","Barricade"],"picked":"Feed+1","floor":16.0},{"not_picked":["Feel No Pain","Sword Boomerang+1"],"picked":"Inflame+1","floor":18.0},{"not_picked":["Thunderclap+1","Hemokinesis+1"],"picked":"Shrug It Off+1","floor":22.0},{"not_picked":["Infernal Blade","Shrug It Off+1"],"picked":"Feed+1","floor":23.0},{"not_picked":["Warcry","Twin Strike+1"],"picked":"Reaper+1","floor":25.0},{"not_picked":["Offering","Barricade"],"picked":"Sword Boomerang+1","floor":27},{"not_picked":["Anger+1","Cleave+1","Bludgeon+1"],"picked":"SKIP","floor":29},{"not_picked":["Rampage+1","Warcry","Perfected Strike+1"],"picked":"SKIP","floor":31},{"not_picked":["Barricade","Berserk"],"picked":"Limit Break","floor":33},{"not_picked":["Reckless Charge+1","Wild Strike+1","Iron Wave+1"],"picked":"Singing Bowl","floor":35},{"not_picked":["Warcry+1","True Grit+1","Cleave+1"],"picked":"Singing Bowl","floor":37},{"not_picked":["Blood for Blood+1","Dropkick+1","Fire Breathing"],"picked":"Singing Bowl","floor":38},{"not_picked":["Dropkick+1","Twin Strike+1","Iron Wave+1"],"picked":"Singing Bowl","floor":40},{"not_picked":["Corruption","Dropkick+1","True Grit"],"picked":"Singing Bowl","floor":42},{"not_picked":["Iron Wave+1","Immolate+1"],"picked":"Flex+1","floor":44},{"not_picked":["Thunderclap+1","Rampage+1","Body Slam+1"],"picked":"Singing Bowl","floor":46},{"not_picked":["Iron Wave+1","Anger+1","Pommel Strike+1"],"picked":"Singing Bowl","floor":47},{"not_picked":["Secret Technique","Trip"],"picked":"Master of Strategy","floor":48},{"not_picked":["Dark Shackles","Panacea","Good Instincts"],"picked":"Singing Bowl","floor":48},{"not_picked":["Madness","Dramatic Entrance+1","Secret Technique"],"picked":"Singing Bowl","floor":48},{"not_picked":["Searing Blow+1","Warcry","Havoc"],"picked":"Singing Bowl","floor":54}],"player_experience":268054,"relics_obtained":[{"floor":6.0,"key":"FossilizedHelix"},{"floor":7.0,"key":"Kunai"},{"floor":8.0,"key":"Ice Cream"},{"floor":9.0,"key":"Molten Egg 2"},{"floor":13.0,"key":"PreservedInsect"},{"floor":20.0,"key":"Incense Burner"},{"floor":20.0,"key":"Shuriken"},{"floor":23.0,"key":"Dream Catcher"},{"floor":25.0,"key":"Shovel"},{"floor":27,"key":"Sundial"},{"floor":31,"key":"Tiny Chest"},{"floor":32,"key":"Singing Bowl"},{"floor":36,"key":"Pen Nib"},{"floor":43,"key":"Blue Candle"},{"floor":44,"key":"War Paint"},{"floor":46,"key":"Girya"},{"floor":47,"key":"Centennial Puzzle"},{"floor":54,"key":"Gremlin Horn"}],"event_choices":[{"damage_healed":0.0,"max_hp_gain":0.0,"max_hp_loss":0.0,"gold_gain":175.0,"event_name":"Liars Game","player_choice":"AGREE","floor":3.0,"gold_loss":0.0,"damage_taken":0.0,"cards_obtained":["Doubt"]},{"cards_removed":["Doubt"],"damage_healed":0.0,"max_hp_gain":0.0,"max_hp_loss":0.0,"gold_gain":0.0,"event_name":"Golden Wing","player_choice":"Card Removal","floor":5.0,"gold_loss":0.0,"damage_taken":7.0},{"cards_removed":["Strike_R"],"damage_healed":0.0,"max_hp_gain":0.0,"max_hp_loss":0.0,"gold_gain":0.0,"event_name":"Bonfire Elementals","player_choice":"Offered Basic","floor":11.0,"gold_loss":0.0,"damage_taken":0.0},{"damage_healed":0.0,"max_hp_gain":0.0,"max_hp_loss":0.0,"gold_gain":0.0,"event_name":"Colosseum","player_choice":"Fight","floor":20.0,"gold_loss":0.0,"damage_taken":0.0},{"damage_healed":0.0,"max_hp_gain":0.0,"max_hp_loss":0.0,"gold_gain":0.0,"event_name":"Colosseum","player_choice":"Fought Nobs","floor":20.0,"gold_loss":0.0,"damage_taken":0.0},{"damage_healed":0.0,"max_hp_gain":5.0,"max_hp_loss":0.0,"gold_gain":0.0,"event_name":"Forgotten Altar","player_choice":"Shed Blood","floor":21.0,"gold_loss":0.0,"damage_taken":25.0},{"damage_healed":0,"gold_gain":0,"player_choice":"Bought 0 Potions","damage_taken":0,"max_hp_gain":0,"max_hp_loss":0,"event_name":"The Woman in Blue","floor":30,"gold_loss":0},{"damage_healed":0,"gold_gain":0,"player_choice":"Fight","damage_taken":0,"max_hp_gain":0,"max_hp_loss":0,"event_name":"Mysterious Sphere","floor":46,"gold_loss":0},{"damage_healed":0,"gold_gain":0,"player_choice":"Memory 3","damage_taken":10,"max_hp_gain":0,"max_hp_loss":0,"event_name":"SensoryStone","floor":48,"gold_loss":0}],"is_beta":false,"boss_relics":[{"not_picked":["Black Star","White Beast Statue"],"picked":"Sozu"},{"not_picked":["Coffee Dripper","Tiny House"],"picked":"Fusion Hammer"}],"items_purged_floors":[2,19,39,45],"is_endless":false,"potions_floor_spawned":[1,8,13,14,20,20,25,29,31,33,42,47],"ascension_level":5}