{"gold_per_floor":[115,132,132,57,57,82,82,107,107,107,117,37,70,84,84,187,187,206,206,27,41,58,87,14,14,14,34,48,48,62,81,81,184,184,199,199,215,234,246,246],"floor_reached":40,"playtime":3539,"items_purged":["Pain","Bash"],"score":581,"play_id":"a4905f22-ae3c-479a-b4b7-6922b2bec602","local_time":"20190821221926","is_ascension_mode":true,"campfire_choices":[{"floor":7,"key":"REST"},{"floor":10,"key":"REST"},{"data":"Juggernaut","floor":15,"key":"SMITH"},{"floor":25,"key":"REST"},{"floor":32,"key":"REST"}],"neow_cost":"CURSE","seed_source_timestamp":2505341626043400,"circlet_count":0,"master_deck":["Strike_R+1","Strike_R","Strike_R","Strike_R","Defend_R","Defend_R","Defend_R","Defend_R","Juggernaut+1","Shrug It Off","Iron Wave+1","Metallicize","Armaments","Metallicize","Armaments+1","Metallicize","Juggernaut","Body Slam","Entrench+1","Warcry+1","Juggernaut","True Grit"],"relics":["Burning Blood","Pantograph","Lantern","PreservedInsect","Gambling Chip","Philosopher\u0027s Stone","Enchiridion","Whetstone","Bottled Lightning","Black Star"],"potions_floor_usage":[16,18,23,27,38,38],"damage_taken":[{"damage":21,"enemies":"Jaw Worm","floor":1,"turns":5},{"damage":25,"enemies":"Small Slimes","floor":2,"turns":6},{"damage":25,"enemies":"Lagavulin","floor":6,"turns":8},{"damage":25,"enemies":"3 Sentries","floor":8,"turns":8},{"damage":1,"enemies":"2 Louse","floor":11,"turns":3},{"damage":9,"enemies":"Lagavulin","floor":13,"turns":6},{"damage":3,"enemies":"Red Slaver","floor":14,"turns":3},{"damage":40,"enemies":"Hexaghost","floor":16,"turns":10},{"damage":0,"enemies":"Chosen","floor":18,"turns":5},{"damage":44,"enemies":"3 Byrds","floor":21,"turns":4},{"damage":25,"enemies":"Shelled Parasite and Fungi","floor":22,"turns":6},{"damage":7,"enemies":"Gremlin Leader","floor":23,"turns":9},{"damage":12,"enemies":"Snecko","floor":27,"turns":4},{"damage":5,"enemies":"Centurion and Healer","floor":28,"turns":5},{"damage":33,"enemies":"Snake Plant","floor":30,"turns":4},{"damage":4,"enemies":"3 Cultists","floor":31,"turns":4},{"damage":17,"enemies":"Champ","floor":33,"turns":9},{"damage":14,"enemies":"Orb Walker","floor":35,"turns":4},{"damage":26,"enemies":"3 Darklings","floor":37,"turns":5},{"damage":14,"enemies":"Sphere and 2 Shapes","floor":38,"turns":6},{"damage":12,"enemies":"Transient","floor":39,"turns":5},{"damage":36,"enemies":"Reptomancer","floor":40,"turns":2}],"seed_played":"-2789933923218396363","potions_obtained":[{"floor":6,"key":"FearPotion"},{"floor":8,"key":"FairyPotion"},{"floor":13,"key":"BloodPotion"},{"floor":16,"key":"SneckoOil"},{"floor":18,"key":"Fruit Juice"},{"floor":21,"key":"PowerPotion"},{"floor":27,"key":"PowerPotion"},{"floor":35,"key":"SteroidPotion"},{"floor":37,"key":"SpeedPotion"},{"floor":38,"key":"Strength Potion"}],"is_trial":false,"path_per_floor":["M","M","?","$","?","E","R","E","T","R","M","$","E","M","R","B",null,"M","?","$","M","M","E","$","R","T","M","M","?","M","M","R","B",null,"M","?","M","M","M","E"],"character_chosen":"IRONCLAD","items_purchased":["Metallicize","Metallicize","Juggernaut"],"campfire_rested":4,"item_purchase_floors":[12,20,24],"current_hp_per_floor":[57,38,38,38,31,12,36,17,17,41,46,46,43,46,46,57,74,85,69,69,31,12,11,11,36,36,30,31,31,14,16,41,55,78,70,70,50,42,36,0],"gold":246,"neow_bonus":"THREE_RARE_CARDS","is_prod":false,"is_daily":false,"chose_seed":false,"campfire_upgraded":1,"win_rate":0,"timestamp":1566397166,"path_taken":["M","M","?","$","?","E","R","E","T","R","M","$","E","M","R","BOSS","M","?","$","M","M","E","$","R","T","M","M","?","M","M","R","BOSS","M","?","?","M","M","E"],"build_version":"2019-07-17","purchased_purges":2,"victory":false,"max_hp_per_floor":[80,80,80,80,80,80,80,80,80,80,80,80,80,80,80,80,80,85,85,85,85,85,85,85,85,85,85,85,85,85,85,85,85,85,85,85,85,85,85,85],"card_choices":[{"not_picked":["Brutality","Limit Break"],"picked":"Juggernaut","floor":0},{"not_picked":["Pommel Strike","Anger"],"picked":"Shrug It Off","floor":1},{"not_picked":["Burning Pact","Fire Breathing"],"picked":"Iron Wave","floor":2},{"not_picked":["Ghostly Armor","Exhume"],"picked":"Metallicize","floor":6},{"not_picked":["Rage","Carnage"],"picked":"Armaments","floor":8},{"not_picked":["Heavy Blade","Spot Weakness","Clash"],"picked":"SKIP","floor":11},{"not_picked":["Havoc","Hemokinesis","Reaper"],"picked":"SKIP","floor":13},{"not_picked":["Evolve","Pommel Strike","Searing Blow"],"picked":"SKIP","floor":14},{"not_picked":["Heavy Blade","Cleave"],"picked":"Armaments+1","floor":18},{"not_picked":["Wild Strike","Rampage","Heavy Blade"],"picked":"SKIP","floor":21},{"not_picked":["Thunderclap","Pommel Strike","Twin Strike"],"picked":"SKIP","floor":22},{"not_picked":["Sword Boomerang+1","Headbutt","Carnage"],"picked":"SKIP","floor":23},{"not_picked":["Fire Breathing","Disarm"],"picked":"Body Slam","floor":27},{"not_picked":["Clothesline","Sword Boomerang"],"picked":"Entrench+1","floor":28},{"not_picked":["Heavy Blade","Headbutt","Pommel Strike+1"],"picked":"SKIP","floor":30},{"not_picked":["Fiend Fire","Fire Breathing"],"picked":"Warcry+1","floor":31},{"not_picked":["Feed","Brutality"],"picked":"Juggernaut","floor":33},{"not_picked":["Metallicize","Dual Wield+1","Flex"],"picked":"SKIP","floor":35},{"not_picked":["Havoc+1","Heavy Blade"],"picked":"True Grit","floor":37},{"not_picked":["Heavy Blade","Pommel Strike+1","Perfected Strike+1"],"picked":"SKIP","floor":38},{"not_picked":["Flex+1","Havoc+1","Headbutt"],"picked":"SKIP","floor":39}],"player_experience":825270,"relics_obtained":[{"floor":6,"key":"Pantograph"},{"floor":8,"key":"Lantern"},{"floor":9,"key":"PreservedInsect"},{"floor":13,"key":"Gambling Chip"},{"floor":19,"key":"Enchiridion"},{"floor":23,"key":"Whetstone"},{"floor":26,"key":"Bottled Lightning"}],"event_choices":[{"damage_healed":0,"gold_gain":0,"player_choice":"Ignored","damage_taken":0,"max_hp_gain":0,"max_hp_loss":0,"event_name":"Shining Light","floor":3,"gold_loss":0},{"cards_removed":["Strike_R"],"damage_healed":0,"gold_gain":0,"player_choice":"Card Removal","damage_taken":7,"max_hp_gain":0,"max_hp_loss":0,"event_name":"Golden Wing","floor":5,"gold_loss":0},{"damage_healed":0,"gold_gain":0,"player_choice":"Obtained Book","damage_taken":16,"max_hp_gain":0,"max_hp_loss":0,"event_name":"Cursed Tome","floor":19,"gold_loss":0},{"damage_healed":0,"gold_gain":0,"player_choice":"Ignored","damage_taken":0,"max_hp_gain":0,"max_hp_loss":0,"event_name":"The Mausoleum","floor":29,"gold_loss":0},{"damage_healed":0,"gold_gain":0,"player_choice":"Leave","damage_taken":0,"max_hp_gain":0,"max_hp_loss":0,"event_name":"FaceTrader","floor":36,"gold_loss":0}],"is_beta":false,"boss_relics":[{"not_picked":["Calling Bell","Sozu"],"picked":"Philosopher\u0027s Stone"},{"not_picked":["Busted Crown","Tiny House"],"picked":"Black Star"}],"items_purged_floors":[4,20],"is_endless":false,"potions_floor_spawned":[6,8,13,14,16,18,21,27,35,37,38],"killed_by":"Reptomancer","ascension_level":7}