{"gold_per_floor":[112,62,62,79,91,91,126,141,141,141,151,163,163,181,181,278,278,292,392,404,421,441,441,453,453,453,453,466,466,381,394,394,394],"floor_reached":33,"playtime":2660,"items_purged":[],"score":266,"play_id":"b76f761d-980c-45be-bf88-c7e4577e59ec","local_time":"20180729093706","is_ascension_mode":true,"campfire_choices":[{"data":"Deadly Poison","floor":6,"key":"SMITH"},{"data":"Defend_G","floor":10,"key":"SMITH"},{"floor":13,"key":"REST"},{"floor":15,"key":"REST"},{"data":"Defend_G","floor":23,"key":"SMITH"},{"data":"Defend_G","floor":25,"key":"SMITH"},{"floor":32,"key":"REST"}],"neow_cost":"NONE","seed_source_timestamp":582890557762038,"circlet_count":0,"master_deck":["Defend_G+1","Defend_G","Defend_G+1","Defend_G","Defend_G+1","Strike_G","Strike_G","Strike_G","Survivor","Neutralize","Deadly Poison","Deadly Poison+1","Backflip","Catalyst","Corpse Explosion","Poisoned Stab","Bane+1"],"relics":["Ring of the Snake","Darkstone Periapt","Mummified Hand","Busted Crown","Molten Egg 2","Toxic Egg 2"],"potions_floor_usage":[16,22,24,24,31,31],"damage_taken":[{"damage":0,"enemies":"Small Slimes","floor":1,"turns":4},{"damage":0,"enemies":"Cultist","floor":4,"turns":4},{"damage":0,"enemies":"Jaw Worm","floor":5,"turns":3},{"damage":30,"enemies":"Gremlin Nob","floor":7,"turns":4},{"damage":0,"enemies":"Blue Slaver","floor":8,"turns":4},{"damage":6,"enemies":"Exordium Thugs","floor":11,"turns":6},{"damage":13,"enemies":"2 Fungi Beasts","floor":12,"turns":4},{"damage":0,"enemies":"Blue Slaver","floor":14,"turns":3},{"damage":34,"enemies":"Slime Boss","floor":16,"turns":12},{"damage":4,"enemies":"Shell Parasite","floor":18,"turns":4},{"damage":0,"enemies":"Chosen","floor":20,"turns":4},{"damage":23,"enemies":"Sentry and Sphere","floor":21,"turns":6},{"damage":0,"enemies":"Snake Plant","floor":22,"turns":5},{"damage":5,"enemies":"Snecko","floor":24,"turns":6},{"damage":7,"enemies":"Chosen and Byrds","floor":28,"turns":6},{"damage":9,"enemies":"Cultist and Chosen","floor":31,"turns":5},{"damage":55,"enemies":"Automaton","floor":33,"turns":6}],"seed_played":"4068239775742453050","potions_obtained":[{"floor":1,"key":"Block Potion"},{"floor":11,"key":"LiquidBronze"},{"floor":14,"key":"Poison Potion"},{"floor":16,"key":"FearPotion"},{"floor":18,"key":"Block Potion"},{"floor":24,"key":"EssenceOfSteel"},{"floor":28,"key":"Poison Potion"},{"floor":31,"key":"SpeedPotion"}],"is_trial":false,"path_per_floor":["M","?","?","M","M","R","E","M","T","R","M","M","R","M","R","B",null,"M","?","M","M","M","R","M","R","T","?","M","?","?","M","R"],"character_chosen":"THE_SILENT","items_purchased":[],"campfire_rested":3,"item_purchase_floors":[],"current_hp_per_floor":[70,70,75,75,75,75,45,45,45,45,39,26,48,48,70,36,75,71,71,71,48,48,48,43,43,43,34,27,27,27,18,40,0],"gold":394,"neow_bonus":"REMOVE_CARD","is_prod":false,"is_daily":false,"chose_seed":false,"campfire_upgraded":4,"win_rate":0,"timestamp":1532828226,"path_taken":["M","?","?","?","M","R","E","M","T","R","M","M","R","M","R","BOSS","M","?","M","M","M","R","M","R","T","?","?","?","?","M","R","BOSS"],"build_version":"2018-07-26","purchased_purges":0,"victory":false,"max_hp_per_floor":[70,70,75,75,75,75,75,75,75,75,75,75,75,75,75,75,75,75,75,75,75,75,75,75,75,75,75,75,75,75,75,75,75],"card_choices":[{"not_picked":["Terror","Dagger Throw"],"picked":"Deadly Poison","floor":1},{"not_picked":["Dodge and Roll","Noxious Fumes"],"picked":"Deadly Poison","floor":4},{"not_picked":["Slice","Dagger Throw","Eviscerate"],"picked":"SKIP","floor":5},{"not_picked":["Endless Agony","Backstab","Terror"],"picked":"SKIP","floor":7},{"not_picked":["Quick Slash","Dagger Spray","Flechettes"],"picked":"SKIP","floor":8},{"not_picked":["Outmaneuver","Quick Slash","Dagger Throw"],"picked":"SKIP","floor":11},{"not_picked":["Footwork","Dodge and Roll"],"picked":"Backflip","floor":12},{"not_picked":["Choke","Slice"],"picked":"Catalyst","floor":14},{"not_picked":["Tools of the Trade","A Thousand Cuts"],"picked":"Corpse Explosion","floor":16},{"not_picked":[],"picked":"Poisoned Stab","floor":18},{"not_picked":["Eviscerate"],"picked":"SKIP","floor":20},{"not_picked":["Sucker Punch+1"],"picked":"SKIP","floor":21},{"not_picked":["Slice"],"picked":"SKIP","floor":22},{"not_picked":["Sucker Punch"],"picked":"SKIP","floor":24},{"not_picked":["Underhanded Strike+1"],"picked":"SKIP","floor":28},{"not_picked":[],"picked":"Bane+1","floor":31}],"player_experience":53072,"relics_obtained":[{"floor":7,"key":"Darkstone Periapt"},{"floor":9,"key":"Mummified Hand"},{"floor":26,"key":"Molten Egg 2"}],"event_choices":[{"event_name":"The Cleric","player_choice":"Card Removal","floor":2,"damage_taken":0},{"event_name":"Big Fish","player_choice":"Donut","floor":3,"damage_taken":0},{"event_name":"Golden Shrine","player_choice":"Pray","floor":19,"damage_taken":0},{"event_name":"Cursed Tome","player_choice":"Stopped","floor":27,"damage_taken":0},{"event_name":"Ghosts","player_choice":"Ignored","floor":29,"damage_taken":0},{"event_name":"Addict","player_choice":"Obtained Relic","floor":30,"damage_taken":0}],"is_beta":false,"boss_relics":[{"not_picked":["Velvet Choker","Sozu"],"picked":"Busted Crown"}],"items_purged_floors":[],"is_endless":false,"potions_floor_spawned":[1,11,14,16,18,24,28,31],"killed_by":"Automaton","ascension_level":1}