{"gold_per_floor":[115,17,17,35,51,51,1,1,78,78,49,376,376,390,390,390],"floor_reached":16,"playtime":1272,"items_purged":["Wraith Form v2"],"score":110,"play_id":"0a1f532d-d7c6-414e-a8c7-0016574db9fc","local_time":"20180729180517","is_ascension_mode":true,"campfire_choices":[{"data":"Defend_G","floor":6,"key":"SMITH"},{"data":"Defend_G","floor":8,"key":"SMITH"},{"data":"Defend_G","floor":10,"key":"SMITH"},{"data":"Defend_G","floor":13,"key":"SMITH"},{"floor":15,"key":"REST"}],"neow_cost":"NONE","seed_source_timestamp":614767742404481,"circlet_count":0,"master_deck":["Defend_G+1","Defend_G+1","Defend_G+1","Defend_G+1","Defend_G","Strike_G","Strike_G","Strike_G","Survivor","Neutralize","Catalyst","Deflect","Poisoned Stab","Bane","Backstab","Slice","Expertise"],"relics":["Ring of the Snake","Shuriken","Old Coin"],"potions_floor_usage":[14],"damage_taken":[{"damage":6,"enemies":"Jaw Worm","floor":1,"turns":7},{"damage":2,"enemies":"Small Slimes","floor":4,"turns":7},{"damage":0,"enemies":"Cultist","floor":5,"turns":5},{"damage":7,"enemies":"Exordium Thugs","floor":11,"turns":5},{"damage":28,"enemies":"Gremlin Nob","floor":12,"turns":5},{"damage":0,"enemies":"Looter","floor":14,"turns":2},{"damage":54,"enemies":"Slime Boss","floor":16,"turns":9}],"seed_played":"-5344893121804130569","potions_obtained":[{"floor":12,"key":"Fruit Juice"}],"is_trial":false,"path_per_floor":["M","$","?","M","M","R","?","R","T","R","M","E","R","M","R"],"character_chosen":"THE_SILENT","items_purchased":["Deflect"],"campfire_rested":1,"item_purchase_floors":[2],"current_hp_per_floor":[64,64,57,55,55,55,55,55,55,55,48,20,20,25,47,0],"gold":390,"neow_bonus":"ONE_RANDOM_RARE_CARD","is_prod":false,"is_daily":false,"chose_seed":false,"campfire_upgraded":4,"win_rate":0,"timestamp":1532858717,"path_taken":["M","$","?","M","M","R","?","R","T","R","M","E","R","M","R","BOSS"],"build_version":"2018-07-26","purchased_purges":1,"victory":false,"max_hp_per_floor":[70,70,70,70,70,70,70,70,70,70,70,70,70,75,75,75],"card_choices":[{"not_picked":["Cloak And Dagger","Acrobatics"],"picked":"Catalyst","floor":1},{"not_picked":["Cloak And Dagger","Corpse Explosion"],"picked":"Poisoned Stab","floor":4},{"not_picked":["Slice","Calculated Gamble"],"picked":"Bane","floor":5},{"not_picked":["Cloak And Dagger","Quick Slash"],"picked":"Backstab","floor":11},{"not_picked":["Sucker Punch","Heel Hook"],"picked":"Slice","floor":12},{"not_picked":["Well Laid Plans","Tactician"],"picked":"Expertise","floor":14}],"player_experience":72072,"relics_obtained":[{"floor":9,"key":"Shuriken"},{"floor":12,"key":"Old Coin"}],"event_choices":[{"event_name":"Golden Wing","player_choice":"Card Removal","floor":3,"damage_taken":0},{"event_name":"The Cleric","player_choice":"Card Removal","floor":7,"damage_taken":0}],"is_beta":false,"boss_relics":[],"items_purged_floors":[2],"is_endless":false,"potions_floor_spawned":[12],"killed_by":"Slime Boss","ascension_level":2}