{"gold_per_floor":[109,109,41,55,66,99,99,130,130,158,158,172,190,250,250,345,345,364,42,42,58,76,108,128,48,48,48,48,61,72,89,89,189,189,201,211,211,211,86,98,116,135,135,154,154,154,164,179,179,179,179,179,33,62,62],"floor_reached":55,"playtime":6431,"items_purged":["Regret"],"score":750,"play_id":"895c89a8-e085-421e-a540-90339a70bf50","local_time":"20190813150017","is_ascension_mode":true,"campfire_choices":[{"floor":7.0,"key":"REST"},{"floor":11.0,"key":"REST"},{"floor":15.0,"key":"REST"},{"floor":28.0,"key":"REST"},{"floor":32.0,"key":"REST"},{"floor":49.0,"key":"RECALL"},{"floor":52.0,"key":"REST"}],"neow_cost":"NONE","seed_source_timestamp":0,"circlet_count":0,"master_deck":["Strike_G+1","Strike_G+1","Strike_G+1","Strike_G+1","Strike_G+1","Defend_G+1","Defend_G+1","Defend_G+1","Defend_G+1","Defend_G+1","Survivor+1","Neutralize+1","Well Laid Plans+1","Infinite Blades+1","Endless Agony+1","Backflip+1","Noxious Fumes+1","Dash+1","Corpse Explosion+1","Deflect+1","Backflip+1","Prepared+1","A Thousand Cuts+1","Outmaneuver+1","Panache+1","Noxious Fumes+1","Flying Knee+1","Acrobatics+1","After Image+1","PiercingWail+1","Infinite Blades+1","Poisoned Stab+1","PiercingWail+1","Caltrops+1","After Image+1","Deadly Poison+1","The Bomb+1","Footwork+1","Dark Shackles+1","Parasite","Setup+1","Backflip+1","Dodge and Roll+1","Parasite","Footwork+1","Blur+1","Deflect","Infinite Blades+1","Blur"],"special_seed":0,"relics":["Ring of the Snake","Lantern","Gremlin Horn","Pen Nib","War Paint","Strawberry","Philosopher\u0027s Stone","Ancient Tea Set","Letter Opener","White Beast Statue","Frozen Egg 2","Mark of the Bloom","Centennial Puzzle"],"potions_floor_usage":[55],"damage_taken":[{"damage":0.0,"enemies":"2 Louse","floor":1.0,"turns":4.0},{"damage":13.0,"enemies":"Small Slimes","floor":4.0,"turns":4.0},{"damage":14.0,"enemies":"Cultist","floor":5.0,"turns":5.0},{"damage":27.0,"enemies":"3 Sentries","floor":6.0,"turns":11.0},{"damage":27.0,"enemies":"Lagavulin","floor":8.0,"turns":10.0},{"damage":4.0,"enemies":"3 Sentries","floor":10.0,"turns":7.0},{"damage":4.0,"enemies":"Gremlin Gang","floor":12.0,"turns":3.0},{"damage":3.0,"enemies":"Large Slime","floor":13.0,"turns":4.0},{"damage":8.0,"enemies":"3 Sentries","floor":14.0,"turns":8.0},{"damage":33.0,"enemies":"The Guardian","floor":16.0,"turns":10.0},{"damage":9.0,"enemies":"2 Thieves","floor":18.0,"turns":2.0},{"damage":27.0,"enemies":"3 Byrds","floor":21.0,"turns":4.0},{"damage":19.0,"enemies":"Snecko","floor":22.0,"turns":5.0},{"damage":18.0,"enemies":"Book of Stabbing","floor":23.0,"turns":6.0},{"damage":8.0,"enemies":"Shelled Parasite and Fungi","floor":24.0,"turns":5.0},{"damage":8.0,"enemies":"Snake Plant","floor":29.0,"turns":4.0},{"damage":11.0,"enemies":"Sentry and Sphere","floor":30.0,"turns":3.0},{"damage":0.0,"enemies":"3 Cultists","floor":31.0,"turns":2.0},{"damage":35.0,"enemies":"Automaton","floor":33.0,"turns":8.0},{"damage":14.0,"enemies":"3 Darklings","floor":35.0,"turns":4.0},{"damage":14.0,"enemies":"Orb Walker","floor":36.0,"turns":4.0},{"damage":12.0,"enemies":"Writhing Mass","floor":40.0,"turns":8.0},{"damage":16.0,"enemies":"3 Darklings","floor":41.0,"turns":5.0},{"damage":0.0,"enemies":"Sphere and 2 Shapes","floor":42.0,"turns":4.0},{"damage":0.0,"enemies":"Writhing Mass","floor":44.0,"turns":7.0},{"damage":0.0,"enemies":"Maw","floor":47.0,"turns":7.0},{"damage":0.0,"enemies":"Jaw Worm Horde","floor":48.0,"turns":6.0},{"damage":20.0,"enemies":"Donu and Deca","floor":50.0,"turns":7.0},{"damage":30.0,"enemies":"Shield and Spear","floor":54.0,"turns":7.0},{"damage":53,"enemies":"The Heart","floor":55,"turns":3}],"seed_played":"1491960864314163955","potions_obtained":[{"floor":1.0,"key":"SpeedPotion"},{"floor":6.0,"key":"AttackPotion"},{"floor":10.0,"key":"Fire Potion"},{"floor":14.0,"key":"Ancient Potion"},{"floor":22.0,"key":"GhostInAJar"},{"floor":24.0,"key":"GhostInAJar"},{"floor":29.0,"key":"SteroidPotion"},{"floor":33.0,"key":"Weak Potion"},{"floor":35.0,"key":"FearPotion"},{"floor":36.0,"key":"Fire Potion"},{"floor":40.0,"key":"SkillPotion"},{"floor":41.0,"key":"Energy Potion"},{"floor":42.0,"key":"PowerPotion"},{"floor":44.0,"key":"Fruit Juice"},{"floor":47.0,"key":"SpeedPotion"},{"floor":54.0,"key":"GamblersBrew"}],"is_trial":false,"path_per_floor":["M","?","$","M","M","E","R","E","T","E","R","M","M","?","R","B",null,"M","$","?","M","M","E","M","$","T","?","R","M","M","M","R","B",null,"M","M","?","?","$","M","M","M","T","M","?","?","M","M","R","B",null,"R","$","E","B"],"character_chosen":"THE_SILENT","items_purchased":["Infinite Blades","Panache","Noxious Fumes","Infinite Blades","Footwork","Dark Shackles","Infinite Blades+1","Blur"],"campfire_rested":6,"item_purchase_floors":[3,19,19,25,39,39,53,53],"current_hp_per_floor":[77,77,77,64,50,23,46,19,19,15,38,34,31,30,55,22,84,75,75,75,48,29,11,3,3,3,31,56,48,37,37,62,27,84,70,56,56,56,56,44,28,28,28,33,78,78,78,78,78,58,58,58,58,28,0],"gold":62,"neow_bonus":"TEN_PERCENT_HP_BONUS","is_prod":false,"is_daily":false,"chose_seed":false,"campfire_upgraded":0,"win_rate":0,"timestamp":1565701217,"path_taken":["M","?","$","M","M","E","R","E","T","E","R","M","M","?","R","BOSS","M","$","?","M","?","E","?","$","T","?","R","M","M","M","R","BOSS","M","M","?","?","$","M","M","M","T","M","?","?","M","M","R","BOSS","R","$","E","BOSS"],"build_version":"2019-07-17","purchased_purges":1,"victory":false,"max_hp_per_floor":[77,77,77,77,77,77,77,77,77,77,77,77,77,84,84,84,84,84,84,84,84,84,84,84,84,84,84,84,84,84,84,84,84,84,84,84,84,84,84,84,84,84,84,89,78,78,78,78,78,78,78,78,78,78,78],"card_choices":[{"not_picked":["Deflect","Heel Hook"],"picked":"Well Laid Plans","floor":1.0},{"not_picked":["Prepared","Predator"],"picked":"Endless Agony","floor":4.0},{"not_picked":["Poisoned Stab","Skewer"],"picked":"Backflip","floor":5.0},{"not_picked":["Skewer","Backstab"],"picked":"Noxious Fumes","floor":6.0},{"not_picked":["Dodge and Roll","All Out Attack"],"picked":"Dash","floor":8.0},{"not_picked":["PiercingWail","Eviscerate"],"picked":"Corpse Explosion","floor":10.0},{"not_picked":["Predator","Blade Dance"],"picked":"Deflect","floor":12.0},{"not_picked":["Flying Knee","Dodge and Roll"],"picked":"Backflip","floor":13.0},{"not_picked":["Slice","Bane"],"picked":"Prepared","floor":14.0},{"not_picked":["Adrenaline","Burst"],"picked":"A Thousand Cuts","floor":16.0},{"not_picked":["Blade Dance","Underhanded Strike"],"picked":"Outmaneuver","floor":18.0},{"not_picked":["Blade Dance+1","Masterful Stab"],"picked":"Flying Knee","floor":21.0},{"not_picked":["Deflect","Dodge and Roll"],"picked":"Acrobatics+1","floor":22.0},{"not_picked":["Bouncing Flask","Flying Knee"],"picked":"After Image","floor":23.0},{"not_picked":["Flying Knee","Bane+1"],"picked":"PiercingWail+1","floor":24.0},{"not_picked":["Setup+1","Blade Dance+1"],"picked":"Poisoned Stab","floor":29.0},{"not_picked":["Blade Dance","Acrobatics"],"picked":"PiercingWail+1","floor":30.0},{"not_picked":["Blade Dance","Backflip"],"picked":"Caltrops","floor":31.0},{"not_picked":["Tools of the Trade","Corpse Explosion"],"picked":"After Image","floor":33.0},{"not_picked":["Tactician","Dodge and Roll","Blade Dance+1"],"picked":"SKIP","floor":35.0},{"not_picked":["Deflect+1","Outmaneuver"],"picked":"Deadly Poison","floor":36.0},{"not_picked":["Metamorphosis","Forethought"],"picked":"The Bomb","floor":38.0},{"not_picked":["Bane","Sucker Punch+1"],"picked":"Setup+1","floor":40.0},{"not_picked":["Sucker Punch","Backstab"],"picked":"Backflip+1","floor":41.0},{"not_picked":["Choke+1","Masterful Stab"],"picked":"Dodge and Roll+1","floor":42.0},{"not_picked":["Blur+1","Quick Slash+1"],"picked":"Footwork+1","floor":44.0},{"not_picked":["Dodge and Roll","Sucker Punch"],"picked":"Blur+1","floor":47.0},{"not_picked":["Dagger Spray","Bouncing Flask"],"picked":"Deflect","floor":48.0},{"not_picked":["Escape Plan+1","Sucker Punch+1","Bane+1"],"picked":"SKIP","floor":54.0}],"player_experience":361603,"relics_obtained":[{"floor":6.0,"key":"Gremlin Horn"},{"floor":8.0,"key":"Pen Nib"},{"floor":10.0,"key":"War Paint"},{"floor":14.0,"key":"Strawberry"},{"floor":23.0,"key":"Ancient Tea Set"},{"floor":26.0,"key":"Letter Opener"},{"floor":43.0,"key":"Frozen Egg 2"},{"floor":54.0,"key":"Centennial Puzzle"}],"event_choices":[{"damage_healed":0.0,"max_hp_gain":0.0,"max_hp_loss":0.0,"gold_gain":0.0,"event_name":"Big Fish","player_choice":"Box","floor":2.0,"gold_loss":0.0,"damage_taken":0.0,"relics_obtained":["Lantern"],"cards_obtained":["Regret"]},{"damage_healed":0.0,"max_hp_gain":0.0,"max_hp_loss":0.0,"gold_gain":30.0,"event_name":"Dead Adventurer","player_choice":"Searched \u00272\u0027 times","floor":14.0,"gold_loss":0.0,"damage_taken":0.0},{"damage_healed":0.0,"max_hp_gain":0.0,"max_hp_loss":0.0,"gold_gain":0.0,"event_name":"Upgrade Shrine","player_choice":"Upgraded","floor":20.0,"gold_loss":0.0,"damage_taken":0.0,"cards_upgraded":["A Thousand Cuts"]},{"damage_healed":28.0,"max_hp_gain":0.0,"max_hp_loss":0.0,"gold_gain":0.0,"event_name":"The Library","player_choice":"Heal","floor":27.0,"gold_loss":0.0,"damage_taken":0.0},{"damage_healed":0.0,"max_hp_gain":0.0,"max_hp_loss":0.0,"gold_gain":0.0,"event_name":"Mysterious Sphere","player_choice":"Ignored","floor":37.0,"gold_loss":0.0,"damage_taken":0.0},{"damage_healed":0.0,"max_hp_gain":0.0,"max_hp_loss":0.0,"gold_gain":0.0,"event_name":"SensoryStone","player_choice":"Memory 1","floor":38.0,"gold_loss":0.0,"damage_taken":0.0},{"damage_healed":78.0,"max_hp_gain":0.0,"max_hp_loss":11.0,"gold_gain":0.0,"event_name":"The Moai Head","player_choice":"Heal","floor":45.0,"gold_loss":0.0,"damage_taken":0.0},{"damage_healed":0.0,"max_hp_gain":0.0,"max_hp_loss":0.0,"gold_gain":0.0,"event_name":"MindBloom","player_choice":"Upgrade","floor":46.0,"gold_loss":0.0,"damage_taken":0.0,"cards_upgraded":["Strike_G","Strike_G","Strike_G","Strike_G","Strike_G","Defend_G","Defend_G","Defend_G","Defend_G","Survivor","Neutralize","Well Laid Plans","Infinite Blades","Endless Agony","Noxious Fumes","Dash","Corpse Explosion","Deflect","Backflip","Prepared","Outmaneuver","Panache","Noxious Fumes","Flying Knee","After Image","Infinite Blades","Poisoned Stab","Caltrops","After Image","Deadly Poison","The Bomb","Footwork","Dark Shackles"],"relics_obtained":["Mark of the Bloom"]}],"is_beta":false,"boss_relics":[{"not_picked":["Runic Dome","Pandora\u0027s Box"],"picked":"Philosopher\u0027s Stone"},{"not_picked":["Tiny House","Runic Pyramid"],"picked":"White Beast Statue"}],"items_purged_floors":[19],"is_endless":false,"potions_floor_spawned":[1,6,10,14,22,24,29,33,35,36,40,41,42,44,47,48,54],"killed_by":"The Heart","ascension_level":1}