{"gold_per_floor":[110,110,110,110,125,125,49,49,49,49,49,62,74,147,147,252,252,266,266,280,280,129,129,140,151,151,167,180,194,74,88,88,184,184,203,217,317,317,317,317,363,15,62,62,62,81,100,100,100,100],"floor_reached":50,"playtime":3078,"items_purged":[],"score":605,"play_id":"6ca18afa-f428-4337-a1fb-1a7ec25a9a6c","local_time":"20190819105939","is_ascension_mode":true,"campfire_choices":[{"data":"Sucker Punch","floor":6,"key":"SMITH"},{"data":"Footwork","floor":8,"key":"SMITH"},{"floor":10,"key":"REST"},{"data":"Cloak And Dagger","floor":15,"key":"SMITH"},{"floor":23,"key":"REST"},{"floor":32,"key":"REST"},{"floor":40,"key":"REST"},{"floor":44,"key":"REST"},{"floor":49,"key":"REST"}],"neow_cost":"NONE","seed_source_timestamp":1208246934700,"circlet_count":0,"master_deck":["Strike_G+1","Strike_G+1","Strike_G+1","Strike_G+1","Defend_G+1","Defend_G+1","Defend_G+1","Defend_G+1","Defend_G+1","Survivor+1","Neutralize+1","Sucker Punch+1","Footwork+1","Slice","Cloak And Dagger+1","Burst","Dash+1","Poisoned Stab+1","Calculated Gamble","Skewer+1","Dodge and Roll","Footwork","Crippling Poison","Well Laid Plans","Malaise","Backflip+1","Prepared+1","Madness","Madness","Finesse","Deflect","Blur","Pain"],"relics":["Ring of the Snake","Lantern","Molten Egg 2","Cursed Key","Omamori","Bottled Tornado","Black Star","Du-Vu Doll","Gambling Chip","MealTicket","Smiling Mask","Regal Pillow"],"potions_floor_usage":[5,16,24,28,33,35,41,46,47,50],"damage_taken":[{"damage":0,"enemies":"2 Louse","floor":1,"turns":4},{"damage":0,"enemies":"Small Slimes","floor":5,"turns":4},{"damage":0,"enemies":"Cultist","floor":12,"turns":4},{"damage":1,"enemies":"Large Slime","floor":13,"turns":6},{"damage":33,"enemies":"The Guardian","floor":16,"turns":21},{"damage":4,"enemies":"Chosen","floor":18,"turns":8},{"damage":0,"enemies":"3 Byrds","floor":20,"turns":6},{"damage":22,"enemies":"Snecko","floor":24,"turns":6},{"damage":0,"enemies":"Centurion and Healer","floor":25,"turns":8},{"damage":16,"enemies":"Sentry and Sphere","floor":27,"turns":9},{"damage":0,"enemies":"Chosen and Byrds","floor":28,"turns":5},{"damage":0,"enemies":"Shelled Parasite and Fungi","floor":29,"turns":6},{"damage":0,"enemies":"Snake Plant","floor":31,"turns":5},{"damage":47,"enemies":"Champ","floor":33,"turns":24},{"damage":1,"enemies":"3 Shapes","floor":35,"turns":9},{"damage":0,"enemies":"Orb Walker","floor":36,"turns":5},{"damage":0,"enemies":"Mind Bloom Boss Battle","floor":37,"turns":10},{"damage":104,"enemies":"2 Orb Walkers","floor":41,"turns":11},{"damage":20,"enemies":"Transient","floor":46,"turns":5},{"damage":7,"enemies":"Jaw Worm Horde","floor":47,"turns":6},{"damage":83,"enemies":"Donu and Deca","floor":50,"turns":12}],"seed_played":"-5882895082865100641","potions_obtained":[{"floor":1,"key":"Block Potion"},{"floor":13,"key":"SpeedPotion"},{"floor":18,"key":"FairyPotion"},{"floor":20,"key":"Regen Potion"},{"floor":27,"key":"Ancient Potion"},{"floor":31,"key":"Energy Potion"},{"floor":33,"key":"PowerPotion"},{"floor":37,"key":"Weak Potion"},{"floor":41,"key":"SpeedPotion"},{"floor":46,"key":"Fire Potion"}],"is_trial":false,"path_per_floor":["M","?","?","?","M","R","$","R","T","R","?","M","M","T","R","B",null,"M","?","M","?","$","R","M","M","T","M","M","M","$","M","R","B",null,"M","M","?","?","?","R","?","$","T","R","?","M","M","T","R","B"],"character_chosen":"THE_SILENT","items_purchased":["Footwork","Omamori","Footwork","Crippling Poison","MealTicket","Deflect","Strength Potion","Explosive Potion"],"campfire_rested":6,"item_purchase_floors":[7,22,30,30,42,42,42,42],"current_hp_per_floor":[70,55,60,60,60,60,60,60,60,82,75,75,74,74,74,41,72,68,68,68,52,52,78,61,61,61,45,45,45,45,45,71,24,71,70,70,70,59,59,85,8,8,8,34,76,56,49,49,76,0],"gold":100,"neow_bonus":"TEN_PERCENT_HP_BONUS","is_prod":false,"is_daily":false,"chose_seed":false,"campfire_upgraded":3,"win_rate":0,"timestamp":1566208779,"path_taken":["M","?","?","?","?","R","$","R","T","R","?","M","M","?","R","BOSS","M","?","M","?","$","R","M","M","T","M","M","M","$","M","R","BOSS","M","M","?","?","?","R","?","$","T","R","?","M","M","?","R","BOSS"],"build_version":"2019-07-17","purchased_purges":0,"victory":false,"max_hp_per_floor":[77,77,82,82,82,82,82,82,82,82,82,82,82,82,82,82,82,82,82,82,87,87,87,87,87,87,87,87,87,87,87,87,87,87,87,87,87,87,87,87,87,87,87,87,76,76,76,76,76,76],"card_choices":[{"not_picked":["Choke","Expertise","Blade Dance"],"picked":"SKIP","floor":1},{"not_picked":["Outmaneuver","Deflect"],"picked":"Sucker Punch","floor":5},{"not_picked":["Dodge and Roll","Sucker Punch"],"picked":"Slice","floor":12},{"not_picked":["Tactician","Outmaneuver"],"picked":"Cloak And Dagger","floor":13},{"not_picked":["Storm of Steel","Grand Finale+1"],"picked":"Burst","floor":16},{"not_picked":["Bane+1","Blade Dance+1"],"picked":"Dash+1","floor":18},{"not_picked":["Outmaneuver","Dagger Throw+1"],"picked":"Poisoned Stab+1","floor":20},{"not_picked":["PiercingWail","Accuracy+1"],"picked":"Calculated Gamble","floor":24},{"not_picked":["Dagger Throw+1","Poisoned Stab+1"],"picked":"Skewer+1","floor":25},{"not_picked":["Dagger Spray+1","Terror","Underhanded Strike+1"],"picked":"SKIP","floor":27},{"not_picked":["Backstab+1","Slice+1"],"picked":"Dodge and Roll","floor":28},{"not_picked":["Underhanded Strike+1","Dagger Throw+1","Caltrops+1"],"picked":"SKIP","floor":29},{"not_picked":["Acrobatics","Dash+1"],"picked":"Well Laid Plans","floor":31},{"not_picked":["Doppelganger","Burst"],"picked":"Malaise","floor":33},{"not_picked":["Predator+1","Blade Dance+1"],"picked":"Backflip+1","floor":35},{"not_picked":["Concentrate","Masterful Stab+1","Choke+1"],"picked":"SKIP","floor":36},{"not_picked":["Quick Slash+1","Blade Dance"],"picked":"Prepared+1","floor":37},{"not_picked":["Dramatic Entrance+1","Mayhem"],"picked":"Finesse","floor":39},{"not_picked":["Dagger Throw+1","Underhanded Strike+1"],"picked":"Blur","floor":46},{"not_picked":["Poisoned Stab+1","Terror","Blade Dance+1"],"picked":"SKIP","floor":47}],"player_experience":428221,"relics_obtained":[{"floor":9,"key":"Lantern"},{"floor":14,"key":"Molten Egg 2"},{"floor":26,"key":"Bottled Tornado"},{"floor":37,"key":"Du-Vu Doll"},{"floor":41,"key":"Gambling Chip"},{"floor":43,"key":"Smiling Mask"},{"floor":48,"key":"Regal Pillow"}],"event_choices":[{"damage_healed":0,"gold_gain":0,"player_choice":"Entered Light","damage_taken":15,"max_hp_gain":0,"max_hp_loss":0,"event_name":"Shining Light","floor":2,"gold_loss":0,"cards_upgraded":["Survivor","Strike_G"]},{"damage_healed":0,"gold_gain":0,"player_choice":"Donut","damage_taken":0,"max_hp_gain":5,"max_hp_loss":0,"event_name":"Big Fish","floor":3,"gold_loss":0},{"damage_healed":0,"gold_gain":0,"player_choice":"Upgraded","damage_taken":0,"max_hp_gain":0,"max_hp_loss":0,"event_name":"Upgrade Shrine","floor":4,"gold_loss":0,"cards_upgraded":["Neutralize"]},{"cards_removed":["Strike_G"],"damage_healed":0,"gold_gain":0,"player_choice":"Card Removal","damage_taken":7,"max_hp_gain":0,"max_hp_loss":0,"event_name":"Golden Wing","floor":11,"gold_loss":0},{"damage_healed":0,"gold_gain":0,"player_choice":"Simplicity","damage_taken":0,"max_hp_gain":0,"max_hp_loss":0,"event_name":"Back to Basics","floor":19,"gold_loss":0,"cards_upgraded":["Strike_G","Strike_G","Strike_G","Defend_G","Defend_G","Defend_G","Defend_G","Defend_G"]},{"damage_healed":0,"gold_gain":0,"player_choice":"Shed Blood","damage_taken":21,"max_hp_gain":5,"max_hp_loss":0,"event_name":"Forgotten Altar","floor":21,"gold_loss":0},{"damage_healed":0,"gold_gain":0,"player_choice":"Fight","damage_taken":0,"max_hp_gain":0,"max_hp_loss":0,"event_name":"MindBloom","floor":37,"gold_loss":0},{"damage_healed":0,"gold_gain":0,"player_choice":"Embrace Madness","damage_taken":11,"max_hp_gain":0,"max_hp_loss":0,"event_name":"Winding Halls","floor":38,"gold_loss":0,"cards_obtained":["Madness","Madness"]},{"damage_healed":0,"gold_gain":0,"player_choice":"Memory 1","damage_taken":0,"max_hp_gain":0,"max_hp_loss":0,"event_name":"SensoryStone","floor":39,"gold_loss":0},{"damage_healed":0,"gold_gain":0,"player_choice":"Fight","damage_taken":0,"max_hp_gain":0,"max_hp_loss":0,"event_name":"Mysterious Sphere","floor":41,"gold_loss":0},{"damage_healed":76,"gold_gain":0,"player_choice":"Heal","damage_taken":0,"max_hp_gain":0,"max_hp_loss":11,"event_name":"The Moai Head","floor":45,"gold_loss":0}],"is_beta":false,"boss_relics":[{"not_picked":["Ectoplasm","White Beast Statue"],"picked":"Cursed Key"},{"not_picked":["Snecko Eye","HoveringKite"],"picked":"Black Star"}],"items_purged_floors":[],"is_endless":false,"potions_floor_spawned":[1,13,18,20,27,31,33,37,41,46],"killed_by":"Donu and Deca","ascension_level":8}