{"gold_per_floor":[111,111,36,56,6,45,45,58,58,83,83,127,145,164,164,294,294,312,312,331,346,360,360,360],"floor_reached":24,"playtime":1069,"items_purged":["Strike_B"],"score":247,"play_id":"167a1fc3-2304-4955-972c-77add74a30d9","local_time":"20190104233127","is_ascension_mode":true,"campfire_choices":[{"data":"Conserve Battery","floor":7,"key":"SMITH"},{"floor":15,"key":"REST"},{"data":"Loop","floor":23,"key":"SMITH"}],"neow_cost":"NONE","seed_source_timestamp":2604718255636613,"circlet_count":0,"master_deck":["Strike_B","Defend_B","Defend_B","Zap","Dualcast","Gash","Loop+1","Conserve Battery+1","Defragment+1","Defragment+1","Genetic Algorithm","Chaos+1","Storm+1","Echo Form+1","Redo"],"relics":["Cracked Core","NeowsBlessing","Golden Idol","Frozen Egg 2","Mercury Hourglass","Bronze Scales","Empty Cage"],"potions_floor_usage":[20,20,21,24,24,24],"damage_taken":[{"damage":0,"enemies":"2 Louse","floor":1,"turns":1},{"damage":0,"enemies":"Small Slimes","floor":4,"turns":1},{"damage":0,"enemies":"3 Sentries","floor":6,"turns":1},{"damage":0,"enemies":"Cultist","floor":8,"turns":4},{"damage":8,"enemies":"Red Slaver","floor":10,"turns":3},{"damage":31,"enemies":"Lagavulin","floor":12,"turns":5},{"damage":0,"enemies":"Large Slime","floor":13,"turns":4},{"damage":11,"enemies":"Blue Slaver","floor":14,"turns":3},{"damage":11,"enemies":"Slime Boss","floor":16,"turns":7},{"damage":3,"enemies":"Chosen","floor":18,"turns":3},{"damage":21,"enemies":"2 Thieves","floor":20,"turns":3},{"damage":14,"enemies":"Snake Plant","floor":21,"turns":2},{"damage":15,"enemies":"Centurion and Healer","floor":22,"turns":6},{"damage":23,"enemies":"Gremlin Leader","floor":24,"turns":2}],"seed_played":"2539921963107909141","potions_obtained":[{"floor":6,"key":"Explosive Potion"},{"floor":12,"key":"Weak Potion"},{"floor":14,"key":"FocusPotion"},{"floor":20,"key":"AttackPotion"},{"floor":21,"key":"EssenceOfSteel"},{"floor":22,"key":"Energy Potion"}],"is_trial":false,"path_per_floor":["M","?","$","M","?","E","R","M","T","M","?","E","M","M","R","B",null,"M","?","M","M","M","R","E"],"character_chosen":"DEFECT","items_purchased":[],"campfire_rested":1,"item_purchase_floors":[],"current_hp_per_floor":[75,57,57,57,57,57,57,57,57,49,49,18,18,7,29,18,75,72,72,51,37,22,22,0],"gold":360,"neow_bonus":"THREE_ENEMY_KILL","is_prod":false,"is_daily":false,"chose_seed":false,"campfire_upgraded":2,"win_rate":0,"timestamp":1546662687,"path_taken":["M","?","$","M","?","E","R","M","T","M","?","E","?","M","R","BOSS","M","?","?","M","M","R","E"],"build_version":"2019-01-03v4","purchased_purges":1,"victory":false,"max_hp_per_floor":[75,75,75,75,75,75,75,75,75,75,75,75,75,75,75,75,75,75,75,75,75,75,75,75],"card_choices":[{"not_picked":["BootSequence","Rip and Tear"],"picked":"Gash","floor":1},{"not_picked":["Sweeping Beam","Tempest"],"picked":"Loop","floor":4},{"not_picked":["Rip and Tear","Reinforced Body"],"picked":"Conserve Battery","floor":6},{"not_picked":["Streamline","Melter"],"picked":"Defragment+1","floor":8},{"not_picked":["Chill","Rebound"],"picked":"Defragment+1","floor":10},{"not_picked":["Sweeping Beam","Steam"],"picked":"Genetic Algorithm","floor":12},{"not_picked":["Force Field","Compile Driver"],"picked":"Chaos","floor":13},{"not_picked":["Gash","Aggregate"],"picked":"Storm+1","floor":14},{"not_picked":["Buffer+1","Biased Cognition+1"],"picked":"Echo Form+1","floor":16},{"not_picked":["Turbo","Go for the Eyes"],"picked":"Redo","floor":18},{"not_picked":["Cold Snap+1","Go for the Eyes","Auto Shields"],"picked":"SKIP","floor":20},{"not_picked":["Turbo","Sweeping Beam","Blizzard+1"],"picked":"SKIP","floor":21},{"not_picked":["Steam+1","Beam Cell","Hologram"],"picked":"SKIP","floor":22}],"player_experience":30608,"relics_obtained":[{"floor":6,"key":"Frozen Egg 2"},{"floor":9,"key":"Mercury Hourglass"},{"floor":12,"key":"Bronze Scales"}],"event_choices":[{"damage_healed":0,"gold_gain":0,"player_choice":"Take Damage","damage_taken":18,"relics_obtained":["Golden Idol"],"max_hp_gain":0,"max_hp_loss":0,"event_name":"Golden Idol","floor":2,"gold_loss":0},{"cards_removed":["Strike_B"],"damage_healed":0,"gold_gain":0,"player_choice":"Card Removal","damage_taken":0,"max_hp_gain":0,"max_hp_loss":0,"event_name":"The Cleric","floor":5,"gold_loss":50},{"cards_removed":["Defend_B"],"damage_healed":0,"gold_gain":0,"player_choice":"Purged","damage_taken":0,"max_hp_gain":0,"max_hp_loss":0,"event_name":"Purifier","floor":11,"gold_loss":0},{"damage_healed":0,"gold_gain":0,"player_choice":"Forge","damage_taken":0,"max_hp_gain":0,"max_hp_loss":0,"event_name":"Accursed Blacksmith","floor":19,"gold_loss":0,"cards_upgraded":["Chaos"]}],"is_beta":false,"boss_relics":[{"not_picked":["Fusion Hammer","Astrolabe"],"picked":"Empty Cage"}],"items_purged_floors":[3],"is_endless":false,"potions_floor_spawned":[6,12,14,16,20,21,22],"killed_by":"Gremlin Leader","ascension_level":1}