{"gold_per_floor":[112,37,54,54,70,70,104,122,148,165,165,165,180,199,199,294,294,275,292,292,38,58,58,89,101,113,224,313,325,347,377,389,401],"floor_reached":33,"playtime":2484,"items_purged":["Strike_G","Malaise"],"score":323,"play_id":"37269b70-8e2d-4f92-a74f-7f93e6ead75f","local_time":"20181017052042","is_ascension_mode":true,"campfire_choices":[{"data":"Skewer","floor":6,"key":"SMITH"},{"floor":12,"key":"REST"},{"floor":15,"key":"REST"},{"floor":23,"key":"REST"},{"floor":25,"key":"REST"},{"floor":29,"key":"REST"},{"floor":32,"key":"REST"}],"neow_cost":"PERCENT_DAMAGE","seed_source_timestamp":550635226395800,"circlet_count":0,"master_deck":["Defend_G","Defend_G","Defend_G","Defend_G","Defend_G","Strike_G","Strike_G","Strike_G","Strike_G","Survivor","Neutralize","Quick Slash","Skewer+1","PiercingWail","Outmaneuver","PiercingWail","Escape Plan","Venomology","Escape Plan+1","Outmaneuver","Leg Sweep","Terror","Prepared"],"relics":["Ring of the Snake","Potion Belt","Omamori","Pen Nib","Regal Pillow","MawBank","Vajra","Kunai"],"potions_floor_usage":[7,16,16,22,22,24,24,24,24,31,31,33],"damage_taken":[{"damage":1,"enemies":"Cultist","floor":1,"turns":5},{"damage":0,"enemies":"2 Louse","floor":3,"turns":2},{"damage":0,"enemies":"Small Slimes","floor":5,"turns":3},{"damage":12,"enemies":"3 Sentries","floor":7,"turns":10},{"damage":6,"enemies":"2 Fungi Beasts","floor":8,"turns":4},{"damage":22,"enemies":"Exordium Thugs","floor":10,"turns":6},{"damage":1,"enemies":"3 Louse","floor":13,"turns":5},{"damage":6,"enemies":"Red Slaver","floor":14,"turns":4},{"damage":33,"enemies":"Hexaghost","floor":16,"turns":12},{"damage":22,"enemies":"2 Thieves","floor":18,"turns":4},{"damage":4,"enemies":"Chosen","floor":19,"turns":6},{"damage":55,"enemies":"Centurion and Healer","floor":22,"turns":8},{"damage":51,"enemies":"Book of Stabbing","floor":24,"turns":8},{"damage":1,"enemies":"Snake Plant","floor":30,"turns":7},{"damage":73,"enemies":"3 Cultists","floor":31,"turns":8},{"damage":49,"enemies":"Automaton","floor":33,"turns":6}],"seed_played":"-3490762045298645081","potions_obtained":[{"floor":3,"key":"Block Potion"},{"floor":8,"key":"SpeedPotion"},{"floor":10,"key":"FearPotion"},{"floor":16,"key":"Fire Potion"},{"floor":18,"key":"SkillPotion"},{"floor":19,"key":"FairyPotion"},{"floor":22,"key":"Energy Potion"}],"is_trial":false,"path_per_floor":["M","$","M","?","M","R","E","M","T","M","?","R","M","M","R","B",null,"M","M","?","$","M","R","E","R","T","?","T","R","M","M","R"],"character_chosen":"THE_SILENT","items_purchased":["Regal Pillow"],"campfire_rested":6,"item_purchase_floors":[21],"current_hp_per_floor":[62,62,62,62,62,62,50,44,44,22,22,47,46,40,65,32,84,62,58,58,58,3,43,1,41,41,41,41,81,80,7,47,0],"gold":401,"neow_bonus":"TWENTY_PERCENT_HP_BONUS","is_prod":false,"is_daily":false,"chose_seed":false,"campfire_upgraded":1,"win_rate":0,"timestamp":1539724842,"path_taken":["M","$","?","?","M","R","E","M","T","M","?","R","M","M","R","BOSS","M","M","?","$","?","R","E","R","T","?","?","R","M","M","R","BOSS"],"build_version":"2018-10-11","purchased_purges":2,"victory":false,"max_hp_per_floor":[84,84,84,84,84,84,84,84,84,84,84,84,84,84,84,84,84,84,84,84,84,84,84,84,84,84,84,84,84,84,84,84,84],"card_choices":[{"not_picked":["Bane","Acrobatics"],"picked":"Quick Slash","floor":1},{"not_picked":["Eviscerate","Catalyst"],"picked":"Skewer","floor":3},{"not_picked":["Calculated Gamble","Slice"],"picked":"PiercingWail","floor":5},{"not_picked":["Dagger Spray","Choke"],"picked":"Outmaneuver","floor":7},{"not_picked":["Poisoned Stab","Dagger Spray"],"picked":"Malaise","floor":8},{"not_picked":["Calculated Gamble","Underhanded Strike"],"picked":"PiercingWail","floor":10},{"not_picked":["Dagger Spray","Poisoned Stab","Infinite Blades"],"picked":"SKIP","floor":13},{"not_picked":["Cloak And Dagger","Masterful Stab"],"picked":"Escape Plan","floor":14},{"not_picked":["Die Die Die","Storm of Steel"],"picked":"Venomology","floor":16},{"not_picked":["PiercingWail","Riddle With Holes"],"picked":"Escape Plan+1","floor":18},{"not_picked":["Flying Knee","Acrobatics"],"picked":"Outmaneuver","floor":19},{"not_picked":["Dash","Setup+1","Sucker Punch"],"picked":"SKIP","floor":22},{"not_picked":["Heel Hook","Quick Slash"],"picked":"Leg Sweep","floor":24},{"not_picked":["Well Laid Plans","Setup+1"],"picked":"Terror","floor":30},{"not_picked":["Masterful Stab+1","Cloak And Dagger"],"picked":"Prepared","floor":31}],"player_experience":426917,"relics_obtained":[{"floor":7,"key":"Potion Belt"},{"floor":9,"key":"Omamori"},{"floor":11,"key":"Pen Nib"},{"floor":24,"key":"MawBank"},{"floor":26,"key":"Vajra"},{"floor":28,"key":"Kunai"}],"event_choices":[{"event_name":"Liars Game","player_choice":"disagreed","floor":4,"damage_taken":0},{"event_name":"Wheel of Change","player_choice":"Relic","floor":11,"damage_taken":0},{"event_name":"Ghosts","player_choice":"Ignored","floor":20,"damage_taken":0},{"event_name":"Nest","player_choice":"Stole From Cult","floor":27,"damage_taken":0}],"is_beta":false,"boss_relics":[{"not_picked":["Ectoplasm","Sozu","Snecko Eye"]}],"items_purged_floors":[2,21],"is_endless":false,"potions_floor_spawned":[3,8,10,16,18,19,22],"killed_by":"Automaton","ascension_level":4}