{"gold_per_floor":[119,119,132,82,8,44,44,88,88,88,13,13,52,72,72,193,193,207,227,227,142,158,158],"floor_reached":23,"playtime":952,"items_purged":["Defend_B"],"score":321,"play_id":"8461a593-bb58-4372-9dac-901ce8a54103","local_time":"20190125111928","is_ascension_mode":true,"campfire_choices":[{"data":"Defragment","floor":7,"key":"SMITH"},{"data":"Capacitor","floor":10,"key":"SMITH"},{"data":"Glacier","floor":12,"key":"SMITH"},{"data":"Rainbow","floor":15,"key":"SMITH"}],"neow_cost":"NONE","seed_source_timestamp":4375399825836761,"circlet_count":0,"master_deck":["Strike_B","Strike_B","Strike_B","Strike_B","Defend_B","Defend_B","Zap","Dualcast","Glacier+1","Defragment+1","Capacitor+1","Rainbow+1","Rainbow","Conserve Battery","Conserve Battery","White Noise+1"],"relics":["Cracked Core","NeowsBlessing","Golden Idol","Ornamental Fan","Strawberry","Pantograph","Dream Catcher","Orrery","Nilry\u0027s Codex","Oddly Smooth Stone"],"potions_floor_usage":[16,23,23],"damage_taken":[{"damage":0,"enemies":"Jaw Worm","floor":1,"turns":1},{"damage":0,"enemies":"2 Louse","floor":3,"turns":1},{"damage":0,"enemies":"Lagavulin","floor":6,"turns":1},{"damage":7,"enemies":"3 Sentries","floor":8,"turns":8},{"damage":0,"enemies":"Lagavulin","floor":13,"turns":7},{"damage":0,"enemies":"Cultist","floor":14,"turns":4},{"damage":8,"enemies":"Slime Boss","floor":16,"turns":8},{"damage":0,"enemies":"Spheric Guardian","floor":18,"turns":6},{"damage":21,"enemies":"3 Byrds","floor":19,"turns":6},{"damage":22,"enemies":"Snake Plant","floor":22,"turns":4},{"damage":27,"enemies":"Gremlin Leader","floor":23,"turns":2}],"seed_played":"765380224438509662","potions_obtained":[{"floor":6,"key":"FocusPotion"},{"floor":8,"key":"Fire Potion"},{"floor":16,"key":"SneckoOil"},{"floor":18,"key":"Energy Potion"}],"is_trial":false,"path_per_floor":["M","?","M","?","$","E","R","E","T","R","$","R","E","M","R","B",null,"M","M","?","?","M","E"],"character_chosen":"DEFECT","items_purchased":["Defragment"],"campfire_rested":0,"item_purchase_floors":[5],"current_hp_per_floor":[75,57,57,57,57,57,57,57,57,57,57,57,57,57,57,74,80,80,59,43,43,21,0],"gold":158,"neow_bonus":"THREE_ENEMY_KILL","is_prod":false,"is_daily":false,"chose_seed":false,"campfire_upgraded":4,"win_rate":0,"timestamp":1548433168,"path_taken":["M","?","M","?","$","E","R","E","T","R","$","R","E","M","R","BOSS","M","M","?","?","M","E"],"build_version":"2019-01-23","purchased_purges":1,"victory":false,"max_hp_per_floor":[75,75,75,75,75,75,75,82,82,82,82,82,82,82,82,82,82,82,82,82,82,82,82],"card_choices":[{"not_picked":["Sweeping Beam","Stack"],"picked":"Glacier","floor":1},{"not_picked":["Compile Driver","FTL","Recycle"],"picked":"SKIP","floor":3},{"not_picked":["Lockon","Reboot"],"picked":"Capacitor","floor":6},{"not_picked":["Meteor Strike","Auto Shields","Rebound"],"picked":"SKIP","floor":8},{"not_picked":["Steam","Doom and Gloom"],"picked":"Rainbow","floor":13},{"not_picked":["Go for the Eyes","Sweeping Beam","Coolheaded"],"picked":"SKIP","floor":14},{"not_picked":["All For One","Amplify"],"picked":"Rainbow","floor":16},{"not_picked":["Auto Shields","Static Discharge"],"picked":"Conserve Battery","floor":17},{"not_picked":["Turbo","Compile Driver"],"picked":"Conserve Battery","floor":17},{"not_picked":["Steam","Turbo","Stack"],"picked":"SKIP","floor":18},{"not_picked":["Static Discharge","Streamline","Go for the Eyes"],"picked":"SKIP","floor":19},{"not_picked":["Creative AI","Cold Snap"],"picked":"White Noise+1","floor":22}],"player_experience":318254,"relics_obtained":[{"floor":6,"key":"Ornamental Fan"},{"floor":8,"key":"Strawberry"},{"floor":9,"key":"Pantograph"},{"floor":13,"key":"Dream Catcher"},{"floor":20,"key":"Nilry\u0027s Codex"}],"event_choices":[{"damage_healed":0,"gold_gain":0,"player_choice":"Take Damage","damage_taken":18,"relics_obtained":["Golden Idol"],"max_hp_gain":0,"max_hp_loss":0,"event_name":"Golden Idol","floor":2,"gold_loss":0},{"cards_removed":["Defend_B"],"damage_healed":0,"gold_gain":0,"player_choice":"Card Removal","damage_taken":0,"max_hp_gain":0,"max_hp_loss":0,"event_name":"The Cleric","floor":4,"gold_loss":50},{"damage_healed":0,"gold_gain":0,"player_choice":"Obtained Book","damage_taken":16,"max_hp_gain":0,"max_hp_loss":0,"event_name":"Cursed Tome","floor":20,"gold_loss":0},{"damage_healed":0,"gold_gain":0,"player_choice":"Obtained Relic","damage_taken":0,"relics_obtained":["Oddly Smooth Stone"],"max_hp_gain":0,"max_hp_loss":0,"event_name":"Addict","floor":21,"gold_loss":85}],"is_beta":false,"boss_relics":[{"not_picked":["Eternal Feather","Astrolabe"],"picked":"Orrery"}],"items_purged_floors":[11],"is_endless":false,"potions_floor_spawned":[6,8,16,18,22],"killed_by":"Gremlin Leader","ascension_level":5}