{"gold_per_floor":[109,26,76,23,23,23,50,50,131,160,173,203,220,9,9,87,87,97,97,113,113,7,7,7],"floor_reached":24,"playtime":788,"items_purged":[],"score":481,"play_id":"3189f923-fd9d-4f9c-a233-b6e11eea1530","local_time":"20190725150712","is_ascension_mode":true,"campfire_choices":[{"data":"Zap","floor":6.0,"key":"SMITH"},{"data":"Static Discharge","floor":8.0,"key":"SMITH"},{"data":"Defragment","floor":15.0,"key":"SMITH"},{"data":"Fission","floor":23,"key":"SMITH"}],"neow_cost":"NONE","seed_source_timestamp":1104131591600606,"circlet_count":0,"master_deck":["AscendersBane","Zap+1","Dualcast","Sweeping Beam","Tempest+1","Conserve Battery","Static Discharge+1","BootSequence","Ball Lightning","White Noise","FTL","Defragment+1","Conserve Battery","Tempest","Fission","Ball Lightning","Reprogram","Chill","Biased Cognition","Fission+1","Stack","All For One","Rainbow","Gash","Defragment","Conserve Battery"],"special_seed":0,"relics":["Cracked Core","NeowsBlessing","Sundial","Ornamental Fan","Nunchaku","Bag of Marbles","Pandora\u0027s Box"],"potions_floor_usage":[24,24],"damage_taken":[{"damage":0.0,"enemies":"2 Louse","floor":1.0,"turns":1.0},{"damage":0.0,"enemies":"Lagavulin","floor":7.0,"turns":1.0},{"damage":0.0,"enemies":"Gremlin Nob","floor":10.0,"turns":1.0},{"damage":0.0,"enemies":"Cultist","floor":11.0,"turns":2.0},{"damage":21.0,"enemies":"Lagavulin","floor":12.0,"turns":5.0},{"damage":0.0,"enemies":"Small Slimes","floor":13.0,"turns":2.0},{"damage":8.0,"enemies":"Slime Boss","floor":16.0,"turns":8.0},{"damage":3.0,"enemies":"Spheric Guardian","floor":18.0,"turns":3.0},{"damage":23.0,"enemies":"Chosen","floor":20.0,"turns":6.0},{"damage":36,"enemies":"Slavers","floor":24,"turns":4}],"seed_played":"-2693277408186720939","potions_obtained":[{"floor":1.0,"key":"GamblersBrew"},{"floor":10.0,"key":"Block Potion"},{"floor":13.0,"key":"FocusPotion"}],"is_trial":false,"path_per_floor":["M","$","?","$","?","R","E","R","T","E","M","E","M","$","R","B",null,"M","?","M","?","$","R","E"],"character_chosen":"DEFECT","items_purchased":["Tempest","Conserve Battery","Defragment","Conserve Battery","Tempest","Defragment","Conserve Battery"],"campfire_rested":0,"item_purchase_floors":[2,4,14,14,14,22,22],"current_hp_per_floor":[64,64,57,57,57,57,57,57,57,57,57,36,36,36,36,28,60,57,57,34,34,34,34,0],"gold":7,"neow_bonus":"THREE_ENEMY_KILL","is_prod":false,"is_daily":false,"chose_seed":false,"campfire_upgraded":4,"win_rate":0,"timestamp":1564081632,"path_taken":["M","$","?","?","?","R","E","R","T","E","M","E","M","$","R","BOSS","M","?","M","?","$","R","E"],"build_version":"2019-07-17","purchased_purges":0,"victory":false,"max_hp_per_floor":[71,71,71,71,71,71,71,71,71,71,71,71,71,71,71,71,71,71,71,71,71,71,71,71],"card_choices":[{"not_picked":["Turbo","Conserve Battery"],"picked":"Sweeping Beam","floor":1.0},{"not_picked":["Meteor Strike","Lockon"],"picked":"Static Discharge","floor":7.0},{"not_picked":["Compile Driver","Rip and Tear"],"picked":"BootSequence","floor":10.0},{"not_picked":["Redo","Reprogram"],"picked":"Ball Lightning","floor":11.0},{"not_picked":["Redo","Sunder"],"picked":"White Noise","floor":12.0},{"not_picked":["Doom and Gloom","Chill"],"picked":"FTL","floor":13.0},{"not_picked":["Core Surge","All For One"],"picked":"Fission","floor":16.0},{"not_picked":["Leap","Stack","Scrape"],"picked":"SKIP","floor":18.0},{"not_picked":["Consume","Heatsinks+1"],"picked":"Gash","floor":20.0}],"player_experience":938746,"relics_obtained":[{"floor":7.0,"key":"Sundial"},{"floor":9.0,"key":"Ornamental Fan"},{"floor":10.0,"key":"Nunchaku"},{"floor":12.0,"key":"Bag of Marbles"}],"event_choices":[{"damage_healed":0.0,"max_hp_gain":0.0,"max_hp_loss":0.0,"gold_gain":50.0,"event_name":"FaceTrader","player_choice":"Touch","floor":3.0,"gold_loss":0.0,"damage_taken":7.0},{"damage_healed":0.0,"max_hp_gain":0.0,"max_hp_loss":0.0,"gold_gain":0.0,"event_name":"Living Wall","player_choice":"Grow","floor":5.0,"gold_loss":0.0,"damage_taken":0.0,"cards_upgraded":["Tempest"]},{"damage_healed":0.0,"max_hp_gain":0.0,"max_hp_loss":0.0,"gold_gain":0.0,"event_name":"Ghosts","player_choice":"Ignored","floor":19.0,"gold_loss":0.0,"damage_taken":0.0},{"damage_healed":0,"gold_gain":0,"player_choice":"Ignored","damage_taken":0,"max_hp_gain":0,"max_hp_loss":0,"event_name":"Cursed Tome","floor":21,"gold_loss":0}],"is_beta":false,"boss_relics":[{"not_picked":["FrozenCore","Busted Crown"],"picked":"Pandora\u0027s Box"}],"items_purged_floors":[],"is_endless":false,"potions_floor_spawned":[1,10,13,20],"killed_by":"Slavers","ascension_level":17}