{"gold_per_floor":[116,116,116,191,191,225,225,256,282,292,304,315,315,331,331,428,428,442,458,62,75,75,75,94,94,118,118,148,148,163,18,18,121,121,137,12,12,25,45,75,90,136,136,150,0,0,16,16,16,16],"floor_reached":51,"playtime":8167,"items_purged":["Strike_G","Strike_G","Defend_G"],"score":769,"play_id":"1f3c8616-4c30-414d-9d94-bd97ae21c6b8","local_time":"20190107231400","is_ascension_mode":true,"campfire_choices":[{"data":"Tools of the Trade","floor":7.0,"key":"SMITH"},{"data":"Survivor","floor":13,"key":"SMITH"},{"data":"Catalyst","floor":15,"key":"SMITH"},{"data":"Noxious Fumes","floor":23,"key":"SMITH"},{"data":"Adrenaline","floor":25,"key":"SMITH"},{"data":"Noxious Fumes","floor":29,"key":"SMITH"},{"data":"Deadly Poison","floor":32,"key":"SMITH"},{"data":"Escape Plan","floor":46,"key":"SMITH"},{"floor":49,"key":"REST"}],"neow_cost":"NONE","seed_source_timestamp":0,"circlet_count":0,"master_deck":["Defend_G","Defend_G","Defend_G","Strike_G","Strike_G","Survivor+1","Neutralize","Deadly Poison+1","Tools of the Trade+1","Backflip","Escape Plan+1","Catalyst+1","Adrenaline+1","Noxious Fumes+1","Noxious Fumes+1","Deadly Poison+1","Poisoned Stab+1","Phantasmal Killer","Outmaneuver+1","Footwork+1"],"special_seed":0,"relics":["Ring of the Snake","NeowsBlessing","Bottled Lightning","Omamori","Runic Pyramid","Matryoshka","Mercury Hourglass","Oddly Smooth Stone","WarpedTongs","Paper Crane","Sozu","Meat on the Bone","Nunchaku","Anchor","Molten Egg 2","Red Mask"],"potions_floor_usage":[16,16,21,41],"damage_taken":[{"damage":0.0,"enemies":"Small Slimes","floor":1.0,"turns":1.0},{"damage":0.0,"enemies":"Gremlin Nob","floor":6.0,"turns":1.0},{"damage":0.0,"enemies":"Lagavulin","floor":8.0,"turns":1.0},{"damage":0.0,"enemies":"2 Louse","floor":10.0,"turns":2.0},{"damage":0.0,"enemies":"Jaw Worm","floor":11.0,"turns":4.0},{"damage":3,"enemies":"3 Louse","floor":12,"turns":4},{"damage":12,"enemies":"Lots of Slimes","floor":14,"turns":5},{"damage":52,"enemies":"Slime Boss","floor":16,"turns":15},{"damage":0,"enemies":"Shell Parasite","floor":18,"turns":4},{"damage":0,"enemies":"Spheric Guardian","floor":19,"turns":3},{"damage":7,"enemies":"3 Cultists","floor":21,"turns":6},{"damage":3,"enemies":"Shelled Parasite and Fungi","floor":24,"turns":4},{"damage":13,"enemies":"Slavers","floor":28,"turns":6},{"damage":0,"enemies":"Snecko","floor":30,"turns":4},{"damage":14,"enemies":"Automaton","floor":33,"turns":8},{"damage":1,"enemies":"3 Darklings","floor":35,"turns":4},{"damage":0,"enemies":"3 Shapes","floor":38,"turns":3},{"damage":0,"enemies":"Maw","floor":39,"turns":4},{"damage":18,"enemies":"Reptomancer","floor":40,"turns":5},{"damage":0,"enemies":"Transient","floor":41,"turns":5},{"damage":21,"enemies":"2 Orb Walkers","floor":42,"turns":5},{"damage":0,"enemies":"3 Darklings","floor":44,"turns":4},{"damage":0,"enemies":"Sphere and 2 Shapes","floor":47,"turns":4},{"damage":5,"enemies":"Donu and Deca","floor":50,"turns":8}],"seed_played":"-6056242756711691634","potions_obtained":[{"floor":1.0,"key":"Regen Potion"},{"floor":6.0,"key":"LiquidBronze"},{"floor":8.0,"key":"Dexterity Potion"},{"floor":16,"key":"Regen Potion"},{"floor":19,"key":"PowerPotion"},{"floor":24,"key":"FearPotion"},{"floor":33,"key":"Energy Potion"}],"is_trial":false,"path_per_floor":["M","?","?","?","?","E","R","E","T","M","M","M","R","M","R","B",null,"M","M","$","M","?","R","M","R","T","?","E","R","M","$","R","B",null,"M","$","?","M","M","E","M","?","T","M","?","R","M","$","R","B",null],"character_chosen":"THE_SILENT","items_purchased":["Noxious Fumes","Matryoshka","Deadly Poison"],"campfire_rested":1,"item_purchase_floors":[20,20,31],"current_hp_per_floor":[70,70,63,52,57,57,57,57,57,57,69,66,66,54,54,2,75,75,75,75,68,68,68,65,65,65,65,52,52,52,52,52,38,75,74,74,74,74,74,56,71,50,50,50,50,50,50,50,72,67],"gold":16,"neow_bonus":"THREE_ENEMY_KILL","is_prod":false,"is_daily":false,"chose_seed":false,"campfire_upgraded":8,"win_rate":0,"timestamp":1546920840,"path_taken":["M","?","?","?","?","E","R","E","T","M","M","M","R","M","R","BOSS","M","M","$","M","?","R","M","R","T","?","E","R","?","$","R","BOSS","M","$","?","?","M","E","M","?","T","M","?","R","M","?","R","BOSS"],"build_version":"2019-01-03v4","purchased_purges":3,"victory":true,"max_hp_per_floor":[70,70,70,70,75,75,75,75,75,75,75,75,75,75,75,75,75,75,75,75,75,75,75,75,75,75,75,75,75,75,75,75,75,75,75,75,75,75,75,75,75,75,75,75,75,75,75,75,75,75],"card_choices":[{"not_picked":["All Out Attack","PiercingWail"],"picked":"Deadly Poison","floor":1.0},{"not_picked":["Dagger Spray","Caltrops"],"picked":"Tools of the Trade","floor":6.0},{"not_picked":["Skewer","Footwork"],"picked":"Backflip","floor":8.0},{"not_picked":["Dagger Spray","Dagger Throw"],"picked":"Escape Plan","floor":10.0},{"not_picked":["Slice","Sucker Punch","Blade Dance"],"picked":"SKIP","floor":11},{"not_picked":["Heel Hook","Outmaneuver","After Image"],"picked":"SKIP","floor":12},{"not_picked":["Bane","Flechettes"],"picked":"Catalyst","floor":14},{"not_picked":["Bullet Time","Night Terror"],"picked":"Adrenaline","floor":16},{"not_picked":["Well Laid Plans","Tactician","Distraction"],"picked":"SKIP","floor":18},{"not_picked":["Footwork","Cloak And Dagger","Caltrops+1"],"picked":"SKIP","floor":19},{"not_picked":["Flying Knee","Cloak And Dagger+1","Acrobatics"],"picked":"SKIP","floor":21},{"not_picked":["All Out Attack","Outmaneuver+1","PiercingWail"],"picked":"SKIP","floor":24},{"not_picked":["Venomology","Slice"],"picked":"Noxious Fumes","floor":28},{"not_picked":["Expertise+1","Leg Sweep","Choke"],"picked":"SKIP","floor":30},{"not_picked":["Expertise+1","Leg Sweep","Choke"],"picked":"SKIP","floor":30},{"not_picked":["Bane","Blade Dance"],"picked":"Poisoned Stab+1","floor":35},{"not_picked":["Finisher","Sucker Punch"],"picked":"Outmaneuver+1","floor":38},{"not_picked":["Blade Dance+1","Distraction","Sucker Punch"],"picked":"SKIP","floor":39},{"not_picked":["Prepared+1","Outmaneuver+1","Blade Dance+1"],"picked":"SKIP","floor":40},{"not_picked":["Quick Slash+1","PiercingWail+1"],"picked":"Footwork+1","floor":41},{"not_picked":["Dash+1","Burst","Dagger Spray+1"],"picked":"SKIP","floor":44},{"not_picked":["Flying Knee+1","Cloak And Dagger","Dagger Spray+1"],"picked":"SKIP","floor":47}],"player_experience":88416,"relics_obtained":[{"floor":6.0,"key":"Bottled Lightning"},{"floor":8.0,"key":"Omamori"},{"floor":26,"key":"Mercury Hourglass"},{"floor":26,"key":"Oddly Smooth Stone"},{"floor":28,"key":"Paper Crane"},{"floor":40,"key":"Meat on the Bone"},{"floor":42,"key":"Nunchaku"},{"floor":43,"key":"Anchor"},{"floor":43,"key":"Molten Egg 2"}],"event_choices":[{"damage_healed":0.0,"max_hp_gain":0.0,"max_hp_loss":0.0,"gold_gain":0.0,"event_name":"Living Wall","player_choice":"Grow","floor":2.0,"gold_loss":0.0,"damage_taken":0.0,"cards_upgraded":["Deadly Poison"]},{"cards_removed":["Strike_G"],"damage_healed":0.0,"max_hp_gain":0.0,"max_hp_loss":0.0,"gold_gain":0.0,"event_name":"Golden Wing","player_choice":"Card Removal","floor":3.0,"gold_loss":0.0,"damage_taken":7.0},{"damage_healed":0.0,"max_hp_gain":0.0,"max_hp_loss":0.0,"gold_gain":75.0,"event_name":"World of Goop","player_choice":"Gather Gold","floor":4.0,"gold_loss":0.0,"damage_taken":11.0},{"damage_healed":0.0,"max_hp_gain":5.0,"max_hp_loss":0.0,"gold_gain":0.0,"event_name":"Big Fish","player_choice":"Donut","floor":5.0,"gold_loss":0.0,"damage_taken":0.0},{"damage_healed":0,"gold_gain":0,"player_choice":"Ignored","damage_taken":0,"max_hp_gain":0,"max_hp_loss":0,"event_name":"The Mausoleum","floor":22,"gold_loss":0},{"damage_healed":0,"gold_gain":0,"player_choice":"Rummage","damage_taken":0,"relics_obtained":["WarpedTongs"],"max_hp_gain":0,"max_hp_loss":0,"event_name":"Accursed Blacksmith","floor":27,"gold_loss":0,"cards_obtained":["Pain"]},{"damage_healed":0,"gold_gain":0,"cards_transformed":["Defend_G"],"player_choice":"Transformed","damage_taken":0,"max_hp_gain":0,"max_hp_loss":0,"event_name":"Transmorgrifier","floor":37,"gold_loss":0,"cards_obtained":["Phantasmal Killer"]},{"damage_healed":0,"gold_gain":0,"player_choice":"Fight","damage_taken":0,"max_hp_gain":0,"max_hp_loss":0,"event_name":"Mysterious Sphere","floor":42,"gold_loss":0},{"damage_healed":0,"gold_gain":0,"player_choice":"Paid","damage_taken":0,"relics_obtained":["Red Mask"],"max_hp_gain":0,"max_hp_loss":0,"event_name":"Tomb of Lord Red Mask","floor":45,"gold_loss":150}],"is_beta":false,"boss_relics":[{"not_picked":["Ring of the Serpent","White Beast Statue"],"picked":"Runic Pyramid"},{"not_picked":["WristBlade","Empty Cage"],"picked":"Sozu"}],"items_purged_floors":[20,31,36],"is_endless":false,"potions_floor_spawned":[1,6,8,16,19,24,33,38,44,47],"ascension_level":1}