{"gold_per_floor":[14,24,37,55,55,55,55,66,142,142,156,170,189,63,63,166,216,232,245,145,157,32,32,46,46,46,46,145,161,186,197,197,197],"floor_reached":33,"playtime":2216,"items_purged":["Defend_R","Strike_R","Strike_R"],"score":327,"play_id":"ea48bea3-6e17-46e2-869e-090e8915a56e","local_time":"20190801010827","is_ascension_mode":true,"campfire_choices":[{"data":"Wild Strike","floor":6,"key":"SMITH"},{"data":"Defend_R","floor":10,"key":"SMITH"},{"data":"True Grit","floor":15,"key":"SMITH"},{"data":"Feed","floor":23,"key":"SMITH"},{"data":"Warcry","floor":25,"key":"SMITH"},{"data":"Warcry","floor":27,"key":"SMITH"},{"floor":32,"key":"REST"}],"neow_cost":"NO_GOLD","seed_source_timestamp":0,"circlet_count":0,"master_deck":["Strike_R","Strike_R","Strike_R","Defend_R","Defend_R","Defend_R+1","Bash","Immolate","Ghostly Armor","Wild Strike+1","Thunderclap","Thunderclap+1","Warcry+1","True Grit+1","Feed+1","Warcry+1","Seeing Red","Fiend Fire","Impervious","Infernal Blade+1"],"special_seed":0,"relics":["Burning Blood","Champion Belt","Matryoshka","Tiny House","Art of War","Boot","Du-Vu Doll"],"potions_floor_usage":[11,11,19,21,30,30,30,33,33],"damage_taken":[{"damage":0.0,"enemies":"2 Louse","floor":1.0,"turns":1.0},{"damage":4,"enemies":"Jaw Worm","floor":2,"turns":3},{"damage":0,"enemies":"Cultist","floor":3,"turns":2},{"damage":17,"enemies":"Exordium Wildlife","floor":4,"turns":6},{"damage":0,"enemies":"3 Louse","floor":8,"turns":1},{"damage":3,"enemies":"Looter","floor":11,"turns":2},{"damage":0,"enemies":"Large Slime","floor":12,"turns":4},{"damage":12,"enemies":"Lots of Slimes","floor":13,"turns":3},{"damage":43,"enemies":"Slime Boss","floor":16,"turns":9},{"damage":6,"enemies":"3 Byrds","floor":18,"turns":5},{"damage":16,"enemies":"Spheric Guardian","floor":19,"turns":4},{"damage":30,"enemies":"Centurion and Healer","floor":21,"turns":5},{"damage":6,"enemies":"Snecko","floor":24,"turns":5},{"damage":19,"enemies":"Snake Plant","floor":29,"turns":5},{"damage":28,"enemies":"Book of Stabbing","floor":30,"turns":6},{"damage":17,"enemies":"Cultist and Chosen","floor":31,"turns":7},{"damage":54,"enemies":"Automaton","floor":33,"turns":8}],"seed_played":"7880864660808644749","potions_obtained":[{"floor":2,"key":"Strength Potion"},{"floor":8,"key":"Strength Potion"},{"floor":12,"key":"Weak Potion"},{"floor":13,"key":"EssenceOfSteel"},{"floor":17,"key":"EssenceOfSteel"},{"floor":19,"key":"Fire Potion"},{"floor":29,"key":"Swift Potion"},{"floor":30,"key":"SkillPotion"},{"floor":31,"key":"AttackPotion"}],"is_trial":false,"path_per_floor":["M","M","M","M","?","R","$","M","T","R","M","M","M","$","R","B",null,"M","M","$","M","$","R","M","R","T","R","?","M","E","M","R","B"],"character_chosen":"IRONCLAD","items_purchased":["True Grit"],"campfire_rested":1,"item_purchase_floors":[14],"current_hp_per_floor":[80,80,80,69,62,62,62,68,68,68,71,77,71,71,71,34,85,85,75,75,51,51,51,55,55,55,55,55,46,24,17,46,0],"gold":197,"neow_bonus":"THREE_RARE_CARDS","is_prod":false,"is_daily":false,"chose_seed":false,"campfire_upgraded":6,"win_rate":0,"timestamp":1564592907,"path_taken":["M","M","M","M","?","R","$","M","T","R","M","M","M","$","R","BOSS","M","M","$","M","$","R","M","R","T","R","?","M","E","M","R","BOSS"],"build_version":"2019-07-17","purchased_purges":3,"victory":false,"max_hp_per_floor":[80,80,80,80,80,80,80,80,80,80,80,80,80,80,80,80,85,85,85,85,85,85,85,89,89,89,89,89,93,93,97,97,97],"card_choices":[{"not_picked":["Reaper","Bludgeon"],"picked":"Immolate","floor":0.0},{"not_picked":["Clothesline","Anger"],"picked":"Ghostly Armor","floor":1},{"not_picked":["Combust","Anger"],"picked":"Wild Strike","floor":2},{"not_picked":["Cleave","Headbutt"],"picked":"Thunderclap","floor":3},{"not_picked":["Body Slam","Flex","Clash"],"picked":"SKIP","floor":4},{"not_picked":["Inflame","Dual Wield"],"picked":"Thunderclap","floor":8},{"not_picked":["Brutality","Thunderclap","Pommel Strike"],"picked":"SKIP","floor":11},{"not_picked":["Blood for Blood","Clothesline"],"picked":"Warcry","floor":12},{"not_picked":["Dual Wield","Twin Strike","Body Slam"],"picked":"SKIP","floor":13},{"not_picked":["Berserk","Juggernaut"],"picked":"Feed","floor":16},{"not_picked":["Pommel Strike","Fire Breathing"],"picked":"Warcry","floor":17},{"not_picked":["Body Slam+1","Pommel Strike","Flex"],"picked":"SKIP","floor":18},{"not_picked":["Clash","Heavy Blade"],"picked":"Seeing Red","floor":19},{"not_picked":["Clothesline","Sword Boomerang"],"picked":"Fiend Fire","floor":21},{"not_picked":["True Grit","Cleave","Flame Barrier+1"],"picked":"SKIP","floor":24},{"not_picked":["Metallicize+1","Corruption","Blood for Blood"],"picked":"SKIP","floor":29},{"not_picked":["Searing Blow+1","Infernal Blade"],"picked":"Impervious","floor":30},{"not_picked":["Thunderclap","Twin Strike"],"picked":"Infernal Blade+1","floor":31}],"player_experience":708415,"relics_obtained":[{"floor":9,"key":"Matryoshka"},{"floor":26,"key":"Art of War"},{"floor":26,"key":"Boot"},{"floor":30,"key":"Du-Vu Doll"}],"event_choices":[{"damage_healed":0,"gold_gain":0,"player_choice":"Success","damage_taken":7,"relics_obtained":["Champion Belt"],"max_hp_gain":0,"max_hp_loss":0,"event_name":"Scrap Ooze","floor":5,"gold_loss":0},{"damage_healed":0,"gold_gain":99,"player_choice":"Stole From Cult","damage_taken":0,"max_hp_gain":0,"max_hp_loss":0,"event_name":"Nest","floor":28,"gold_loss":0}],"is_beta":false,"boss_relics":[{"not_picked":["Coffee Dripper","Eternal Feather"],"picked":"Tiny House"}],"items_purged_floors":[14,20,22],"is_endless":false,"potions_floor_spawned":[2,8,12,13,19,29,30,31],"killed_by":"Automaton","ascension_level":3}