{"gold_per_floor":[118,118,118,43,53,53,85,85,111,111,123,143,143,157,157,259,259,269,284,57,72,72,72,72,105,131,148,148,148,22,33,33,128,128,144,144,160,160,209,209,241,0,71,47,47,47,59,78,78,78],"floor_reached":50,"playtime":5133,"items_purged":["Strike_G","Strike_G"],"score":589,"play_id":"648f5556-18a5-4e6c-b5a9-4b5509967a6e","local_time":"20180729134622","is_ascension_mode":true,"campfire_choices":[{"data":"Defend_G","floor":6,"key":"SMITH"},{"floor":8,"key":"REST"},{"data":"Burst","floor":13,"key":"SMITH"},{"data":"Defend_G","floor":15,"key":"SMITH"},{"data":"Burst","floor":23,"key":"SMITH"},{"floor":28,"key":"REST"},{"data":"Deadly Poison","floor":32,"key":"SMITH"},{"floor":40,"key":"REST"},{"floor":46,"key":"REST"},{"floor":49,"key":"REST"}],"neow_cost":"","seed_source_timestamp":595374494023677,"circlet_count":0,"master_deck":["Defend_G+1","Defend_G+1","Defend_G+1","Defend_G+1","Defend_G+1","Survivor","Neutralize","Bouncing Flask","Deadly Poison+1","Burst+1","Bouncing Flask","Deflect","Catalyst","Burst+1","Deflect","Bane","Bouncing Flask","Deadly Poison+1","Burst","Backflip","PiercingWail","Madness","Madness","Deflect","Doubt","Prepared","Footwork+1"],"relics":["Ring of the Snake","Omamori","Strawberry","Cursed Key","Gremlin Horn","Bag of Marbles","Eternal Feather","Juzu Bracelet","Bird Faced Urn","Matryoshka","Red Mask","Bronze Scales","Frozen Egg 2"],"potions_floor_usage":[16,35,39,41,41],"damage_taken":[{"damage":1,"enemies":"Small Slimes","floor":1,"turns":5},{"damage":0,"enemies":"Cultist","floor":5,"turns":3},{"damage":32,"enemies":"Gremlin Nob","floor":7,"turns":4},{"damage":0,"enemies":"2 Louse","floor":11,"turns":4},{"damage":1,"enemies":"Large Slime","floor":12,"turns":6},{"damage":1,"enemies":"Gremlin Gang","floor":14,"turns":11},{"damage":2,"enemies":"The Guardian","floor":16,"turns":6},{"damage":0,"enemies":"Chosen","floor":18,"turns":4},{"damage":1,"enemies":"Shell Parasite","floor":19,"turns":3},{"damage":8,"enemies":"Snake Plant","floor":21,"turns":3},{"damage":36,"enemies":"Gremlin Leader","floor":25,"turns":6},{"damage":4,"enemies":"3 Cultists","floor":27,"turns":4},{"damage":0,"enemies":"Centurion and Healer","floor":31,"turns":7},{"damage":7,"enemies":"Automaton","floor":33,"turns":5},{"damage":3,"enemies":"Flame Bruiser 1 Orb","floor":35,"turns":2},{"damage":5,"enemies":"Orb Walker","floor":37,"turns":3},{"damage":32,"floor":39,"turns":7},{"damage":54,"enemies":"2 Orb Walkers","floor":41,"turns":7},{"damage":10,"enemies":"Spire Growth","floor":47,"turns":3},{"damage":16,"enemies":"Sphere and 2 Shapes","floor":48,"turns":6},{"damage":69,"enemies":"Donu and Deca","floor":50,"turns":12}],"seed_played":"-29594004831997579","potions_obtained":[{"floor":7,"key":"Regen Potion"},{"floor":12,"key":"Strength Potion"},{"floor":16,"key":"Dexterity Potion"},{"floor":27,"key":"Fire Potion"},{"floor":31,"key":"Dexterity Potion"},{"floor":37,"key":"Weak Potion"},{"floor":41,"key":"FearPotion"}],"is_trial":false,"path_per_floor":["M","?","?","$","M","R","E","R","T","?","M","M","R","M","R","B",null,"M","M","$","M","?","R","?","E","T","M","R","?","$","M","R","B",null,"M","?","M","?","?","R","E","?","T","$","T","R","M","M","R"],"character_chosen":"THE_SILENT","items_purchased":["Bane","Bouncing Flask","Burst","Backflip","Prepared"],"campfire_rested":5,"item_purchase_floors":[20,20,30,30,44],"current_hp_per_floor":[69,69,69,69,69,69,37,58,65,58,58,57,57,56,56,69,77,77,76,76,68,68,68,68,32,32,28,51,51,51,51,51,44,77,74,74,69,59,27,62,8,8,8,8,8,46,36,20,58,0],"gold":78,"neow_bonus":"","is_prod":false,"is_daily":false,"chose_seed":false,"campfire_upgraded":5,"win_rate":0,"timestamp":1532843182,"path_taken":["M","?","?","$","M","R","E","R","T","?","?","M","R","?","R","BOSS","M","M","$","M","?","R","?","E","T","?","R","?","$","M","R","BOSS","M","?","M","?","?","R","E","?","T","?","?","R","M","M","R","BOSS"],"build_version":"2018-07-26","purchased_purges":2,"victory":false,"max_hp_per_floor":[70,70,70,70,70,70,70,70,77,77,77,77,77,77,77,77,77,77,77,77,77,77,77,77,77,77,77,77,77,77,77,77,77,77,77,77,77,77,77,77,77,77,77,77,77,77,77,77,77,77],"card_choices":[{"not_picked":["Bane","Blur"],"picked":"Bouncing Flask","floor":1},{"not_picked":["Acrobatics","Cloak And Dagger"],"picked":"Deadly Poison","floor":5},{"not_picked":["Deflect","Outmaneuver"],"picked":"Burst","floor":7},{"not_picked":["Dagger Throw","Slice"],"picked":"Bouncing Flask","floor":11},{"not_picked":["Dagger Spray","Choke"],"picked":"Deflect","floor":12},{"not_picked":["Reflex","Eviscerate"],"picked":"Catalyst","floor":14},{"not_picked":["A Thousand Cuts","Wraith Form v2"],"picked":"Burst","floor":16},{"not_picked":["Outmaneuver","Poisoned Stab"],"picked":"Deflect","floor":18},{"not_picked":["All Out Attack","Caltrops","Dash"],"picked":"SKIP","floor":19},{"not_picked":["Deflect","PiercingWail","Dagger Spray"],"picked":"SKIP","floor":21},{"not_picked":["Caltrops","Bouncing Flask"],"picked":"Deadly Poison+1","floor":25},{"not_picked":["Poisoned Stab+1","Tactician","Flying Knee+1"],"picked":"SKIP","floor":27},{"not_picked":["Flying Knee+1","Bane"],"picked":"PiercingWail","floor":31},{"not_picked":["Quick Slash+1","Dash+1","Sucker Punch+1"],"picked":"SKIP","floor":35},{"not_picked":["Caltrops+1","Acrobatics","Burst"],"picked":"SKIP","floor":37},{"not_picked":["Backflip","Quick Slash+1"],"picked":"Deflect","floor":41},{"not_picked":["Riddle With Holes+1","Underhanded Strike","Poisoned Stab+1"],"picked":"SKIP","floor":47},{"not_picked":["Slice","Dagger Spray+1"],"picked":"Footwork+1","floor":48}],"player_experience":64571,"relics_obtained":[{"floor":7,"key":"Omamori"},{"floor":9,"key":"Strawberry"},{"floor":25,"key":"Gremlin Horn"},{"floor":26,"key":"Bag of Marbles"},{"floor":39,"key":"Bird Faced Urn"},{"floor":41,"key":"Matryoshka"},{"floor":43,"key":"Bronze Scales"},{"floor":43,"key":"Frozen Egg 2"}],"event_choices":[{"event_name":"Wheel of Change","player_choice":"Card Removal","floor":2,"damage_taken":0},{"event_name":"The Woman in Blue","player_choice":"Bought 0 Potions","floor":3,"damage_taken":0},{"event_name":"Golden Wing","player_choice":"Card Removal","floor":10,"damage_taken":0},{"event_name":"Drug Dealer","player_choice":"Ignored","floor":22,"damage_taken":0},{"event_name":"Back to Basics","player_choice":"Simplicity","floor":24,"damage_taken":0},{"event_name":"Purifier","player_choice":"One Purge","floor":29,"damage_taken":0},{"event_name":"Accursed Blacksmith","player_choice":"Rummage","floor":36,"damage_taken":0},{"event_name":"Winding Halls","player_choice":"Embrace Madness","floor":38,"damage_taken":0},{"event_name":"Mysterious Sphere","player_choice":"Fight","floor":39,"damage_taken":0},{"event_name":"Tomb of Lord Red Mask","player_choice":"Paid","floor":42,"damage_taken":0}],"is_beta":false,"boss_relics":[{"not_picked":["Snecko Eye","White Beast Statue"],"picked":"Cursed Key"},{"not_picked":["HoveringKite","WristBlade"],"picked":"Eternal Feather"}],"items_purged_floors":[4,20],"is_endless":false,"potions_floor_spawned":[7,12,16,27,31,37,41],"killed_by":"Donu and Deca","ascension_level":2}