{"gold_per_floor":[13,25,25,25,44,44,60,60,60,60,60,94,94,107,107,186,186,157,157,157,176,176,176,206,219,274,274,274,19,35,53,53,126,126,146,146,160,260,260],"floor_reached":39,"playtime":2003,"items_purged":[],"score":788,"play_id":"ec3d98bf-427e-4f03-85b5-e0a319367119","local_time":"20190821191104","is_ascension_mode":true,"campfire_choices":[{"data":"Spot Weakness","floor":6.0,"key":"SMITH"},{"floor":8.0,"key":"RECALL"},{"floor":11.0,"key":"REST"},{"floor":15.0,"key":"REST"},{"floor":23.0,"key":"REST"},{"floor":28.0,"key":"REST"},{"floor":32.0,"key":"REST"}],"neow_cost":"NO_GOLD","seed_source_timestamp":0,"circlet_count":0,"master_deck":["AscendersBane","Strike_R","Strike_R","Strike_R+1","Strike_R","Strike_R","Defend_R","Defend_R+1","Defend_R","Defend_R","Bash","Armaments+1","Shrug It Off","Spot Weakness+1","Clothesline","Twin Strike+1","Blood for Blood+1","Feed+1","Headbutt+1","Whirlwind+1","Sword Boomerang+1","RitualDagger+1","Sword Boomerang+1","Heavy Blade+1","Inflame","Limit Break","Inflame","Flame Barrier+1","Fiend Fire+1","Blood for Blood+1","Twin Strike+1","Metallicize+1"],"special_seed":0,"relics":["Burning Blood","Molten Egg 2","Bottled Lightning","Sozu","Unceasing Top","Regal Pillow","Eternal Feather","Dead Branch"],"potions_floor_usage":[],"damage_taken":[{"damage":14.0,"enemies":"Jaw Worm","floor":1.0,"turns":5.0},{"damage":0.0,"enemies":"Small Slimes","floor":2.0,"turns":5.0},{"damage":9.0,"enemies":"2 Louse","floor":5.0,"turns":2.0},{"damage":28.0,"enemies":"Gremlin Gang","floor":7.0,"turns":5.0},{"damage":36.0,"enemies":"3 Sentries","floor":12.0,"turns":10.0},{"damage":6.0,"enemies":"Looter","floor":14.0,"turns":3.0},{"damage":52.0,"enemies":"Slime Boss","floor":16.0,"turns":9.0},{"damage":10.0,"enemies":"2 Thieves","floor":18.0,"turns":4.0},{"damage":17.0,"enemies":"Shell Parasite","floor":21.0,"turns":4.0},{"damage":40.0,"enemies":"Gremlin Leader","floor":24.0,"turns":4.0},{"damage":11.0,"enemies":"Sentry and Sphere","floor":25.0,"turns":3.0},{"damage":23.0,"enemies":"Centurion and Healer","floor":30.0,"turns":3.0},{"damage":27.0,"enemies":"Snake Plant","floor":31.0,"turns":4.0},{"damage":66.0,"enemies":"Automaton","floor":33.0,"turns":8.0},{"damage":37.0,"enemies":"3 Darklings","floor":35.0,"turns":5.0},{"damage":17,"enemies":"Orb Walker","floor":37,"turns":3},{"damage":17,"enemies":"Mind Bloom Boss Battle","floor":38,"turns":6},{"damage":45,"enemies":"3 Darklings","floor":39,"turns":3}],"seed_played":"-199615110200848656","potions_obtained":[{"floor":5.0,"key":"GamblersBrew"},{"floor":14.0,"key":"PowerPotion"}],"is_trial":false,"path_per_floor":["M","M","?","?","M","R","M","R","T","?","R","E","T","M","R","B",null,"M","?","?","M","?","R","E","M","T","?","R","$","M","M","R","B",null,"M","?","M","?","M"],"character_chosen":"IRONCLAD","items_purchased":["Inflame","Limit Break"],"campfire_rested":5,"item_purchase_floors":[29,29],"current_hp_per_floor":[74,80,80,85,82,82,60,60,60,32,60,30,30,30,58,12,74,70,70,70,59,53,81,51,50,50,50,95,95,78,57,102,46,91,64,64,53,42,0],"gold":260,"neow_bonus":"TWENTY_PERCENT_HP_BONUS","is_prod":false,"is_daily":false,"chose_seed":false,"campfire_upgraded":1,"win_rate":0,"timestamp":1566439864,"path_taken":["M","M","?","?","M","R","M","R","T","?","R","E","?","?","R","BOSS","M","?","?","M","?","R","E","M","T","?","R","?","M","M","R","BOSS","M","?","M","?","M"],"build_version":"2019-07-17","purchased_purges":0,"victory":false,"max_hp_per_floor":[89,89,89,94,94,94,94,94,94,94,94,94,94,94,94,94,94,94,94,94,94,94,94,98,102,102,102,102,102,102,102,102,106,106,110,110,110,110,110],"card_choices":[{"not_picked":["Anger","Headbutt"],"picked":"Armaments","floor":1.0},{"not_picked":["Clothesline","Combust"],"picked":"Shrug It Off","floor":2.0},{"not_picked":["Headbutt","Anger"],"picked":"Spot Weakness","floor":5.0},{"not_picked":["Havoc","Evolve"],"picked":"Clothesline","floor":7.0},{"not_picked":["Uppercut+1","Offering"],"picked":"Twin Strike+1","floor":12.0},{"not_picked":["Inflame","Thunderclap+1"],"picked":"Blood for Blood+1","floor":14.0},{"not_picked":["Immolate+1","Impervious"],"picked":"Feed+1","floor":16.0},{"not_picked":["Clash+1","Second Wind"],"picked":"Headbutt+1","floor":18.0},{"not_picked":["Flex","True Grit"],"picked":"Sword Boomerang+1","floor":21.0},{"not_picked":["Carnage+1","Bloodletting"],"picked":"Sword Boomerang+1","floor":24.0},{"not_picked":["Bloodletting","Headbutt+1"],"picked":"Heavy Blade+1","floor":25.0},{"not_picked":["Thunderclap+1","Second Wind"],"picked":"Inflame","floor":30.0},{"not_picked":["True Grit","Shrug It Off"],"picked":"Flame Barrier+1","floor":31.0},{"not_picked":["Juggernaut","Bludgeon+1"],"picked":"Fiend Fire+1","floor":33.0},{"not_picked":["Metallicize","True Grit"],"picked":"Blood for Blood+1","floor":35.0},{"not_picked":["Headbutt+1","Havoc"],"picked":"Twin Strike+1","floor":37},{"not_picked":["Armaments","Flex+1"],"picked":"Metallicize+1","floor":38}],"player_experience":718933,"relics_obtained":[{"floor":9.0,"key":"Molten Egg 2"},{"floor":12.0,"key":"Bottled Lightning"},{"floor":24.0,"key":"Unceasing Top"},{"floor":26.0,"key":"Regal Pillow"},{"floor":38,"key":"Dead Branch"}],"event_choices":[{"damage_healed":0.0,"max_hp_gain":0.0,"max_hp_loss":0.0,"gold_gain":0.0,"event_name":"Living Wall","player_choice":"Grow","floor":3.0,"gold_loss":0.0,"damage_taken":0.0,"cards_upgraded":["Armaments"]},{"damage_healed":0.0,"max_hp_gain":5.0,"max_hp_loss":0.0,"gold_gain":0.0,"event_name":"Big Fish","player_choice":"Donut","floor":4.0,"gold_loss":0.0,"damage_taken":0.0},{"damage_healed":0.0,"max_hp_gain":0.0,"max_hp_loss":0.0,"gold_gain":0.0,"event_name":"Shining Light","player_choice":"Entered Light","floor":10.0,"gold_loss":0.0,"damage_taken":28.0,"cards_upgraded":["Defend_R","Strike_R"]},{"damage_healed":0.0,"max_hp_gain":0.0,"max_hp_loss":0.0,"gold_gain":0.0,"event_name":"The Library","player_choice":"Read","floor":19.0,"gold_loss":0.0,"damage_taken":0.0,"cards_obtained":["Whirlwind"]},{"damage_healed":0.0,"max_hp_gain":0.0,"max_hp_loss":0.0,"gold_gain":0.0,"event_name":"Vampires","player_choice":"Ignored","floor":20.0,"gold_loss":0.0,"damage_taken":0.0},{"damage_healed":0.0,"max_hp_gain":0.0,"max_hp_loss":0.0,"gold_gain":0.0,"event_name":"Nest","player_choice":"Joined the Cult","floor":22.0,"gold_loss":0.0,"damage_taken":6.0,"cards_obtained":["RitualDagger"]},{"damage_healed":0.0,"max_hp_gain":0.0,"max_hp_loss":0.0,"gold_gain":0.0,"event_name":"Ghosts","player_choice":"Ignored","floor":27.0,"gold_loss":0.0,"damage_taken":0.0},{"damage_healed":0,"gold_gain":0,"player_choice":"Ignored","damage_taken":0,"max_hp_gain":0,"max_hp_loss":0,"event_name":"Mysterious Sphere","floor":36,"gold_loss":0},{"damage_healed":0,"gold_gain":0,"player_choice":"Fight","damage_taken":0,"max_hp_gain":0,"max_hp_loss":0,"event_name":"MindBloom","floor":38,"gold_loss":0}],"is_beta":false,"boss_relics":[{"not_picked":["Ectoplasm","Orrery"],"picked":"Sozu"},{"not_picked":["Runic Pyramid","Tiny House"],"picked":"Eternal Feather"}],"items_purged_floors":[],"is_endless":false,"potions_floor_spawned":[5,14,18,25,33,38],"killed_by":"3 Darklings","ascension_level":17}