{"gold_per_floor":[110,60,6,6,20,50,50,84,109,109,126,126,144,144,144,240,240,251,269,269,368,75,100,100,116,116,134,134,146,146,157,157,262,262,280,295,341,0,0,0,100,115,115,115,125,125,142,102,102,102],"floor_reached":51,"playtime":4733,"items_purged":["Strike_R","Strike_R"],"score":688,"play_id":"39d6977f-7f40-40d4-8044-53123a550a3b","local_time":"20190727171123","is_ascension_mode":true,"campfire_choices":[{"floor":7,"key":"REST"},{"data":"Bash","floor":10,"key":"SMITH"},{"data":"Defend_R","floor":12,"key":"SMITH"},{"floor":15,"key":"REST"},{"floor":28,"key":"REST"},{"floor":32,"key":"REST"},{"floor":40,"key":"REST"},{"floor":44,"key":"REST"},{"data":"Limit Break","floor":46,"key":"SMITH"},{"data":"Shockwave","floor":49,"key":"SMITH"}],"neow_cost":"NONE","seed_source_timestamp":325695621400700,"circlet_count":0,"master_deck":["Strike_R","Strike_R+1","Strike_R+1","Defend_R","Defend_R","Defend_R+1","Bash+1","Inflame+1","Thunderclap+1","Shockwave+1","Limit Break+1","Demon Form","Twin Strike","Headbutt","Battle Trance","Sword Boomerang+1","Shrug It Off","Iron Wave","Twin Strike+1","Rage+1","Power Through","Normality","Parasite","Ghostly Armor+1"],"relics":["Burning Blood","Lantern","The Courier","Whetstone","Ancient Tea Set","Orrery","Champion Belt","Vajra","Art of War","Cursed Key","FossilizedHelix","Anchor","Red Mask","Gambling Chip","Centennial Puzzle"],"potions_floor_usage":[16,25,25,25,27,37,42,50],"damage_taken":[{"damage":6,"enemies":"Small Slimes","floor":1,"turns":4},{"damage":2,"enemies":"2 Louse","floor":5,"turns":3},{"damage":43,"enemies":"3 Sentries","floor":6,"turns":10},{"damage":31,"enemies":"Lagavulin","floor":8,"turns":5},{"damage":0,"enemies":"Cultist","floor":11,"turns":2},{"damage":1,"enemies":"Looter","floor":13,"turns":2},{"damage":63,"enemies":"Hexaghost","floor":16,"turns":10},{"damage":28,"enemies":"2 Thieves","floor":18,"turns":4},{"damage":6,"enemies":"Spheric Guardian","floor":19,"turns":3},{"damage":36,"enemies":"Gremlin Leader","floor":23,"turns":6},{"damage":13,"enemies":"Snake Plant","floor":25,"turns":2},{"damage":16,"enemies":"Shelled Parasite and Fungi","floor":27,"turns":4},{"damage":4,"enemies":"Centurion and Healer","floor":29,"turns":4},{"damage":8,"enemies":"Snecko","floor":31,"turns":3},{"damage":55,"enemies":"Automaton","floor":33,"turns":8},{"damage":13,"enemies":"3 Darklings","floor":35,"turns":4},{"damage":16,"enemies":"3 Shapes","floor":36,"turns":5},{"damage":59,"enemies":"2 Orb Walkers","floor":37,"turns":5},{"damage":0,"enemies":"Mind Bloom Boss Battle","floor":41,"turns":5},{"damage":0,"enemies":"Transient","floor":42,"turns":5},{"damage":0,"enemies":"Jaw Worm Horde","floor":45,"turns":4},{"damage":1,"enemies":"Writhing Mass","floor":47,"turns":5},{"damage":20,"enemies":"Time Eater","floor":50,"turns":6}],"seed_played":"-6566353003647706176","potions_obtained":[{"floor":8,"key":"FairyPotion"},{"floor":13,"key":"GamblersBrew"},{"floor":23,"key":"Weak Potion"},{"floor":24,"key":"Energy Potion"},{"floor":24,"key":"Poison Potion"},{"floor":25,"key":"SkillPotion"},{"floor":33,"key":"Fire Potion"},{"floor":36,"key":"FearPotion"},{"floor":42,"key":"Energy Potion"},{"floor":48,"key":"Block Potion"}],"is_trial":false,"path_per_floor":["M","?","?","$","M","E","R","E","T","R","M","R","M","?","R","B",null,"M","M","?","?","$","E","?","M","T","M","R","M","?","M","R","B",null,"M","M","?","$","?","R","?","M","T","R","M","R","M","?","R","B",null],"character_chosen":"IRONCLAD","items_purchased":["Champion Belt","Power Through","Anchor","Energy Potion","Explosive Potion"],"campfire_rested":6,"item_purchase_floors":[22,38,38,38,38],"current_hp_per_floor":[80,80,80,80,80,43,67,42,42,42,48,48,53,37,61,14,80,58,58,58,58,58,28,28,21,21,11,35,37,37,35,59,10,80,73,63,10,10,10,34,40,46,46,70,76,76,80,80,80,66],"gold":102,"neow_bonus":"THREE_CARDS","is_prod":false,"is_daily":false,"chose_seed":false,"campfire_upgraded":4,"win_rate":0,"timestamp":1564218683,"path_taken":["M","?","?","$","?","E","R","E","T","R","M","R","M","?","R","BOSS","M","M","?","?","$","E","?","?","T","M","R","M","?","M","R","BOSS","M","M","?","$","?","R","?","?","T","R","M","R","M","?","R","BOSS"],"build_version":"2019-07-17","purchased_purges":2,"victory":true,"max_hp_per_floor":[80,80,80,80,80,80,80,80,80,80,80,80,80,80,80,80,80,80,80,80,80,80,80,80,80,80,80,80,80,80,80,80,80,80,80,80,80,80,80,80,80,80,80,80,80,80,80,80,80,80],"card_choices":[{"not_picked":["Headbutt","Warcry"],"picked":"Inflame","floor":0},{"not_picked":["Perfected Strike","Sword Boomerang","Disarm"],"picked":"SKIP","floor":1},{"not_picked":["Hemokinesis","True Grit","Bloodletting"],"picked":"SKIP","floor":5},{"not_picked":["Fire Breathing","Burning Pact"],"picked":"Thunderclap","floor":6},{"not_picked":["Hemokinesis","Wild Strike","Anger"],"picked":"SKIP","floor":8},{"not_picked":["Burning Pact","Anger","Disarm"],"picked":"SKIP","floor":11},{"not_picked":["Bloodletting","Cleave"],"picked":"Shockwave","floor":13},{"not_picked":["Reaper","Feed"],"picked":"Limit Break","floor":16},{"not_picked":["Rupture","Clash"],"picked":"Demon Form","floor":17},{"not_picked":["Shrug It Off","Evolve"],"picked":"Twin Strike","floor":17},{"not_picked":["Wild Strike","Rupture"],"picked":"Headbutt","floor":17},{"not_picked":["Headbutt","Reckless Charge"],"picked":"Battle Trance","floor":17},{"not_picked":["Pommel Strike","Clothesline"],"picked":"Sword Boomerang+1","floor":18},{"not_picked":["Thunderclap","Sever Soul","Spot Weakness"],"picked":"SKIP","floor":19},{"not_picked":["Limit Break","Iron Wave","Sever Soul"],"picked":"SKIP","floor":23},{"not_picked":["Headbutt","Hemokinesis","Inflame+1"],"picked":"SKIP","floor":25},{"not_picked":["Sword Boomerang+1","Anger","Berserk"],"picked":"SKIP","floor":27},{"not_picked":["Pummel+1","Whirlwind"],"picked":"Shrug It Off","floor":29},{"not_picked":["Shockwave","Blood for Blood","Wild Strike"],"picked":"SKIP","floor":31},{"not_picked":["Pommel Strike","Warcry+1"],"picked":"Twin Strike+1","floor":35},{"not_picked":["Clothesline+1","Feel No Pain"],"picked":"Rage+1","floor":36},{"not_picked":["Wild Strike+1","Flex+1","Clothesline+1"],"picked":"SKIP","floor":42},{"not_picked":["Sword Boomerang","Brutality","Body Slam+1"],"picked":"SKIP","floor":45},{"not_picked":["Heavy Blade","Pommel Strike"],"picked":"Ghostly Armor+1","floor":47}],"player_experience":701854,"relics_obtained":[{"floor":6,"key":"The Courier"},{"floor":8,"key":"Whetstone"},{"floor":9,"key":"Ancient Tea Set"},{"floor":23,"key":"Vajra"},{"floor":26,"key":"Art of War"},{"floor":37,"key":"FossilizedHelix"},{"floor":41,"key":"Gambling Chip"},{"floor":43,"key":"Centennial Puzzle"}],"event_choices":[{"cards_removed":["Defend_R"],"damage_healed":0,"gold_gain":0,"player_choice":"Card Removal","damage_taken":0,"max_hp_gain":0,"max_hp_loss":0,"event_name":"The Cleric","floor":2,"gold_loss":50},{"damage_healed":0,"gold_gain":0,"player_choice":"Paid Gold","damage_taken":0,"relics_obtained":["Lantern"],"max_hp_gain":0,"max_hp_loss":0,"event_name":"WeMeetAgain","floor":3,"gold_loss":54},{"damage_healed":0,"gold_gain":0,"player_choice":"Entered Light","damage_taken":16,"max_hp_gain":0,"max_hp_loss":0,"event_name":"Shining Light","floor":14,"gold_loss":0,"cards_upgraded":["Strike_R","Inflame"]},{"damage_healed":0,"gold_gain":0,"player_choice":"Ignored","damage_taken":0,"max_hp_gain":0,"max_hp_loss":0,"event_name":"Cursed Tome","floor":20,"gold_loss":0},{"damage_healed":0,"gold_gain":99,"player_choice":"Stole From Cult","damage_taken":0,"max_hp_gain":0,"max_hp_loss":0,"event_name":"Nest","floor":21,"gold_loss":0},{"damage_healed":0,"gold_gain":0,"player_choice":"Got Potions","damage_taken":0,"max_hp_gain":0,"max_hp_loss":0,"event_name":"Lab","floor":24,"gold_loss":0},{"damage_healed":0,"gold_gain":0,"player_choice":"Read","damage_taken":0,"max_hp_gain":0,"max_hp_loss":0,"event_name":"The Library","floor":30,"gold_loss":0,"cards_obtained":["Iron Wave"]},{"damage_healed":0,"gold_gain":0,"player_choice":"Fight","damage_taken":0,"max_hp_gain":0,"max_hp_loss":0,"event_name":"Mysterious Sphere","floor":37,"gold_loss":0},{"damage_healed":0,"gold_gain":0,"player_choice":"Paid","damage_taken":0,"relics_obtained":["Red Mask"],"max_hp_gain":0,"max_hp_loss":0,"event_name":"Tomb of Lord Red Mask","floor":39,"gold_loss":0},{"damage_healed":0,"gold_gain":0,"player_choice":"Fight","damage_taken":0,"max_hp_gain":0,"max_hp_loss":0,"event_name":"MindBloom","floor":41,"gold_loss":0},{"damage_healed":0,"gold_gain":0,"player_choice":"Bought 3 Potions","damage_taken":0,"max_hp_gain":0,"max_hp_loss":0,"event_name":"The Woman in Blue","floor":48,"gold_loss":0}],"is_beta":false,"boss_relics":[{"not_picked":["Black Blood","Coffee Dripper"],"picked":"Orrery"},{"not_picked":["Tiny House","Eternal Feather"],"picked":"Cursed Key"}],"items_purged_floors":[22,38],"is_endless":false,"potions_floor_spawned":[8,13,23,25,33,36,42],"ascension_level":2}