{"gold_per_floor":[112,127,3,54,129,129,129,129,202,218,218,183,183,26,26,129,129,140,60,74,88,88,88,88,106,161,61,76,76,101,115,115,115],"floor_reached":33,"playtime":774,"items_purged":["Strike_B","Defend_B","Strike_B"],"score":303,"play_id":"ef10540a-5b6c-4057-ab74-a9bd9f59ba11","local_time":"20190820233818","is_ascension_mode":true,"campfire_choices":[{"data":"Sunder","floor":6,"key":"SMITH"},{"data":"Gash","floor":8,"key":"SMITH"},{"data":"Gash","floor":11,"key":"SMITH"},{"data":"Conserve Battery","floor":13,"key":"SMITH"},{"data":"Gash","floor":15,"key":"SMITH"},{"data":"Gash","floor":23,"key":"SMITH"},{"floor":32,"key":"REST"}],"neow_cost":"NONE","seed_source_timestamp":461423770227500,"circlet_count":0,"master_deck":["Defend_B","Defend_B","Defend_B","Zap","Sunder+1","Conserve Battery+1","Gash+1","Gash+1","Gash+1","Gash+1","Sunder","Cold Snap","Scrape","Gash"],"relics":["Cracked Core","Mummified Hand","The Courier","Bag of Preparation","Empty Cage","MutagenicStrength","Tiny Chest","Ice Cream"],"potions_floor_usage":[16,25,30,30],"damage_taken":[{"damage":7,"enemies":"Small Slimes","floor":1,"turns":3},{"damage":12,"enemies":"Jaw Worm","floor":2,"turns":2},{"damage":0,"enemies":"Cultist","floor":10,"turns":3},{"damage":31,"enemies":"The Guardian","floor":16,"turns":8},{"damage":18,"enemies":"Shell Parasite","floor":18,"turns":5},{"damage":2,"enemies":"2 Thieves","floor":20,"turns":3},{"damage":0,"enemies":"Centurion and Healer","floor":21,"turns":4},{"damage":18,"enemies":"Snecko","floor":25,"turns":3},{"damage":24,"enemies":"Snake Plant","floor":28,"turns":3},{"damage":18,"enemies":"Book of Stabbing","floor":30,"turns":5},{"damage":0,"enemies":"3 Cultists","floor":31,"turns":3},{"damage":71,"enemies":"Champ","floor":33,"turns":7}],"seed_played":"-6106096313739582727","potions_obtained":[{"floor":0,"key":"PowerPotion"},{"floor":0,"key":"FairyPotion"},{"floor":0,"key":"EssenceOfSteel"},{"floor":16,"key":"FearPotion"},{"floor":25,"key":"Regen Potion"}],"is_trial":false,"path_per_floor":["M","M","$","?","?","R","?","R","T","M","R","?","R","$","R","B",null,"M","$","M","M","?","R","?","M","T","$","M","?","E","M","R","B"],"character_chosen":"DEFECT","items_purchased":["Gash","Gash","Bag of Preparation"],"campfire_rested":1,"item_purchase_floors":[3,14,14],"current_hp_per_floor":[68,56,56,56,45,45,27,27,27,27,27,45,45,45,45,14,75,57,57,55,55,55,55,55,37,37,37,13,13,9,9,31,0],"gold":115,"neow_bonus":"THREE_SMALL_POTIONS","is_prod":false,"is_daily":false,"chose_seed":false,"campfire_upgraded":6,"win_rate":0,"timestamp":1566308298,"path_taken":["M","M","$","?","?","R","?","R","T","M","R","?","R","$","R","BOSS","M","$","M","M","?","R","?","M","T","$","M","?","E","M","R","BOSS"],"build_version":"2019-07-17","purchased_purges":3,"victory":false,"max_hp_per_floor":[75,75,75,75,75,75,75,75,75,75,75,75,75,75,75,75,75,75,75,75,75,75,75,75,75,75,75,75,75,75,75,75,75],"card_choices":[{"not_picked":["White Noise","Gash"],"picked":"Sunder","floor":1},{"not_picked":["Barrage","Rebound"],"picked":"Conserve Battery","floor":2},{"not_picked":["Streamline","Compile Driver"],"picked":"Gash","floor":10},{"not_picked":["White Noise","Consume","Streamline"],"picked":"SKIP","floor":18},{"not_picked":["Ball Lightning","Scrape"],"picked":"Gash","floor":20},{"not_picked":["Undo","Rip and Tear","Conserve Battery"],"picked":"SKIP","floor":21},{"not_picked":["Turbo+1","Redo","Go for the Eyes+1"],"picked":"SKIP","floor":25},{"not_picked":["Sweeping Beam","Conserve Battery"],"picked":"Sunder","floor":28},{"not_picked":["Conserve Battery","Electrodynamics"],"picked":"Scrape","floor":30},{"not_picked":["Sweeping Beam","Melter+1"],"picked":"Gash","floor":31}],"player_experience":76751,"relics_obtained":[{"floor":9,"key":"The Courier"},{"floor":26,"key":"Tiny Chest"},{"floor":30,"key":"Ice Cream"}],"event_choices":[{"damage_healed":0,"gold_gain":51,"player_choice":"Gained Gold","damage_taken":0,"max_hp_gain":0,"max_hp_loss":0,"event_name":"Golden Wing","floor":4,"gold_loss":0},{"damage_healed":0,"gold_gain":75,"player_choice":"Gather Gold","damage_taken":11,"max_hp_gain":0,"max_hp_loss":0,"event_name":"World of Goop","floor":5,"gold_loss":0},{"damage_healed":0,"gold_gain":0,"player_choice":"Success","damage_taken":18,"relics_obtained":["Mummified Hand"],"max_hp_gain":0,"max_hp_loss":0,"event_name":"Scrap Ooze","floor":7,"gold_loss":0},{"damage_healed":18,"gold_gain":0,"player_choice":"Healed","damage_taken":0,"max_hp_gain":0,"max_hp_loss":0,"event_name":"The Cleric","floor":12,"gold_loss":35},{"damage_healed":0,"gold_gain":0,"player_choice":"Ignored","damage_taken":0,"max_hp_gain":0,"max_hp_loss":0,"event_name":"Ghosts","floor":22,"gold_loss":0},{"damage_healed":0,"gold_gain":0,"player_choice":"Inject Mutagens","damage_taken":0,"relics_obtained":["MutagenicStrength"],"max_hp_gain":0,"max_hp_loss":0,"event_name":"Drug Dealer","floor":24,"gold_loss":0},{"damage_healed":0,"gold_gain":0,"cards_transformed":["Dualcast"],"player_choice":"Transformed","damage_taken":0,"max_hp_gain":0,"max_hp_loss":0,"event_name":"Transmorgrifier","floor":29,"gold_loss":0,"cards_obtained":["Cold Snap"]}],"is_beta":false,"boss_relics":[{"not_picked":["Inserter","Black Star"],"picked":"Empty Cage"}],"items_purged_floors":[3,19,27],"is_endless":false,"potions_floor_spawned":[1,2,16,18,25],"killed_by":"Champ","ascension_level":2}