{"gold_per_floor":[213,42,217,230,245,245,245,262,286,306,306,17,31,31,31,136,136,150,167,167,36,55,55,66,66,66,66,78,78,91,43,43,43],"floor_reached":33,"playtime":2753,"items_purged":[],"score":287,"play_id":"a7cef4e3-0cd5-4153-a34f-b915f523ea24","local_time":"20190728171526","is_ascension_mode":true,"campfire_choices":[{"data":"Panache","floor":6.0,"key":"SMITH"},{"floor":11.0,"key":"REST"},{"data":"Anger","floor":15.0,"key":"SMITH"},{"floor":23.0,"key":"REST"},{"floor":25.0,"key":"REST"},{"floor":29.0,"key":"REST"},{"data":"Flex","floor":32.0,"key":"SMITH"}],"neow_cost":"NONE","seed_source_timestamp":6777102490454,"circlet_count":0,"master_deck":["Defend_R","Defend_R","Defend_R","Defend_R","Bash+1","Anger","Panache+1","Thunderclap","Shrug It Off","Infernal Blade","Trip","Anger+1","Berserk","Rupture+1","Iron Wave+1","Bite","Bite","Bite","Bite","Bite","Dual Wield","Armaments","Cleave+1","Shrug It Off","Ghostly Armor","Iron Wave","Flex+1"],"special_seed":0,"relics":["Burning Blood","Spirit Poop","Whetstone","Brimstone","Empty Cage","Blood Vial","Pen Nib"],"potions_floor_usage":[],"damage_taken":[{"damage":1.0,"enemies":"Cultist","floor":1.0,"turns":3.0},{"damage":17.0,"enemies":"Small Slimes","floor":4.0,"turns":5.0},{"damage":2.0,"enemies":"2 Louse","floor":5.0,"turns":3.0},{"damage":28.0,"enemies":"Large Slime","floor":8.0,"turns":8.0},{"damage":17.0,"enemies":"Exordium Thugs","floor":10.0,"turns":5.0},{"damage":0.0,"enemies":"3 Louse","floor":13.0,"turns":2.0},{"damage":34.0,"enemies":"The Guardian","floor":16.0,"turns":7.0},{"damage":9.0,"enemies":"Chosen","floor":18.0,"turns":3.0},{"damage":29.0,"enemies":"Spheric Guardian","floor":19.0,"turns":4.0},{"damage":44.0,"enemies":"Chosen and Byrds","floor":22.0,"turns":4.0},{"damage":14.0,"enemies":"Centurion and Healer","floor":24.0,"turns":5.0},{"damage":17.0,"enemies":"3 Cultists","floor":28.0,"turns":4.0},{"damage":14.0,"enemies":"Cultist and Chosen","floor":30.0,"turns":3.0},{"damage":81,"enemies":"Champ","floor":33,"turns":8}],"seed_played":"-3426131847180617494","potions_obtained":[{"floor":1.0,"key":"EssenceOfSteel"},{"floor":5.0,"key":"SteroidPotion"},{"floor":13.0,"key":"GamblersBrew"},{"floor":28.0,"key":"Fire Potion"}],"is_trial":false,"path_per_floor":["M","$","?","M","M","R","?","M","T","M","R","$","M","$","R","B",null,"M","M","?","$","M","R","M","R","T","?","M","R","M","$","R","B"],"character_chosen":"IRONCLAD","items_purchased":["Panache","Trip","Brimstone","Dual Wield","Armaments","Flex"],"campfire_rested":4,"item_purchase_floors":[2,12,12,21,21,31],"current_hp_per_floor":[80,80,80,69,73,73,73,51,51,40,64,64,70,70,70,42,80,77,54,54,54,26,42,42,56,56,56,45,56,56,56,56,0],"gold":43,"neow_bonus":"HUNDRED_GOLD","is_prod":false,"is_daily":false,"chose_seed":false,"campfire_upgraded":3,"win_rate":0,"timestamp":1564326926,"path_taken":["M","$","?","M","M","R","?","M","T","M","R","$","?","?","R","BOSS","M","M","?","$","M","R","M","R","T","?","M","R","M","$","R","BOSS"],"build_version":"2019-07-17","purchased_purges":0,"victory":false,"max_hp_per_floor":[80,80,80,80,80,80,80,80,80,80,80,80,80,80,80,80,80,80,80,56,56,56,56,56,56,56,56,56,56,56,56,56,56],"card_choices":[{"not_picked":["Combust","Disarm"],"picked":"Anger","floor":1.0},{"not_picked":["Sword Boomerang","Pummel"],"picked":"Thunderclap","floor":4.0},{"not_picked":["Perfected Strike","True Grit"],"picked":"Shrug It Off","floor":5.0},{"not_picked":["Havoc","Intimidate","Power Through"],"picked":"SKIP","floor":8.0},{"not_picked":["Bloodletting","Second Wind"],"picked":"Infernal Blade","floor":10.0},{"not_picked":["Bloodletting","Pommel Strike"],"picked":"Anger","floor":13.0},{"not_picked":["Fiend Fire","Bludgeon"],"picked":"Berserk","floor":16.0},{"not_picked":["Searing Blow","Warcry"],"picked":"Rupture+1","floor":18.0},{"not_picked":["Twin Strike+1","Wild Strike+1"],"picked":"Iron Wave+1","floor":19.0},{"not_picked":["Headbutt","Perfected Strike"],"picked":"Cleave+1","floor":22.0},{"not_picked":["Power Through","Body Slam"],"picked":"Shrug It Off","floor":24.0},{"not_picked":["Sentinel","Power Through"],"picked":"Ghostly Armor","floor":28.0},{"not_picked":["Twin Strike","Shockwave"],"picked":"Iron Wave","floor":30.0}],"player_experience":254159,"relics_obtained":[{"floor":9.0,"key":"Whetstone"},{"floor":26.0,"key":"Blood Vial"}],"event_choices":[{"damage_healed":0.0,"max_hp_gain":0.0,"max_hp_loss":0.0,"gold_gain":175.0,"event_name":"Liars Game","player_choice":"AGREE","floor":3.0,"gold_loss":0.0,"damage_taken":0.0,"cards_obtained":["Doubt"]},{"cards_removed":["Doubt"],"damage_healed":0.0,"max_hp_gain":0.0,"max_hp_loss":0.0,"gold_gain":0.0,"event_name":"Bonfire Elementals","player_choice":"Offered Curse","floor":7.0,"gold_loss":0.0,"damage_taken":0.0,"relics_obtained":["Spirit Poop"]},{"damage_healed":0.0,"max_hp_gain":0.0,"max_hp_loss":24.0,"gold_gain":0.0,"event_name":"Vampires","player_choice":"Became a vampire","floor":20.0,"gold_loss":0.0,"damage_taken":0.0,"cards_obtained":["Bite","Bite","Bite","Bite","Bite"]},{"damage_healed":0.0,"max_hp_gain":0.0,"max_hp_loss":0.0,"gold_gain":0.0,"event_name":"The Mausoleum","player_choice":"Opened","floor":27.0,"gold_loss":0.0,"damage_taken":0.0,"relics_obtained":["Pen Nib"]}],"is_beta":false,"boss_relics":[{"not_picked":["Lizard Tail","Velvet Choker"],"picked":"Empty Cage"}],"items_purged_floors":[],"is_endless":false,"potions_floor_spawned":[1,5,13,28],"killed_by":"Champ","ascension_level":2}