{"gold_per_floor":[119,119,119,18,38,38,58,58,358,6,20,39,70,88,88,183,183,203,216,226,74,93,93,93,93,163,0,28,28,40,40,40,40],"floor_reached":33,"playtime":3807,"items_purged":["Regret"],"score":319,"play_id":"57ea6e1f-09c2-4d42-b1c7-d6be6a130ce4","local_time":"20190731123212","is_ascension_mode":true,"campfire_choices":[{"floor":6.0,"key":"REST"},{"data":"Metallicize","floor":8.0,"key":"SMITH"},{"floor":15.0,"key":"REST"},{"floor":23.0,"key":"REST"},{"floor":29.0,"key":"REST"},{"floor":32.0,"key":"REST"}],"neow_cost":"NONE","seed_source_timestamp":186361804521282,"circlet_count":0,"master_deck":["Strike_R","Strike_R+1","Strike_R","Strike_R","Strike_R","Defend_R","Defend_R+1","Defend_R","Defend_R","Bash","Evolve","Shrug It Off","Heavy Blade","Anger","Iron Wave","Metallicize+1","Combust","Spot Weakness","Jack Of All Trades","Iron Wave","Inflame","Armaments","Armaments","Dual Wield","Shrug It Off","Limit Break","Cleave","Shrug It Off","Blood for Blood","Finesse","Combust","Flex","Good Instincts","Fire Breathing","Rage","Burning Pact","Thunderclap+1","Rupture"],"special_seed":0,"relics":["Burning Blood","Bronze Scales","Dream Catcher","Old Coin","Omamori","Black Star","Nilry\u0027s Codex","Mercury Hourglass","Nunchaku","Letter Opener"],"potions_floor_usage":[],"damage_taken":[{"damage":2.0,"enemies":"2 Louse","floor":1.0,"turns":2.0},{"damage":8.0,"enemies":"Jaw Worm","floor":5.0,"turns":5.0},{"damage":3.0,"enemies":"Small Slimes","floor":7.0,"turns":3.0},{"damage":4.0,"enemies":"Looter","floor":11.0,"turns":2.0},{"damage":7.0,"enemies":"3 Louse","floor":12.0,"turns":4.0},{"damage":26.0,"enemies":"Lagavulin","floor":13.0,"turns":7.0},{"damage":8.0,"enemies":"Blue Slaver","floor":14.0,"turns":3.0},{"damage":23.0,"enemies":"Slime Boss","floor":16.0,"turns":9.0},{"damage":28.0,"enemies":"Spheric Guardian","floor":18.0,"turns":7.0},{"damage":40.0,"enemies":"Shell Parasite","floor":19.0,"turns":6.0},{"damage":16.0,"enemies":"Centurion and Healer","floor":20.0,"turns":8.0},{"damage":8.0,"enemies":"Snecko","floor":22.0,"turns":3.0},{"damage":16.0,"enemies":"Gremlin Leader","floor":28.0,"turns":4.0},{"damage":25.0,"enemies":"Snake Plant","floor":30.0,"turns":4.0},{"damage":67,"enemies":"Automaton","floor":33,"turns":6}],"seed_played":"8837556570199682854","potions_obtained":[{"floor":1.0,"key":"Dexterity Potion"},{"floor":11.0,"key":"Energy Potion"},{"floor":13.0,"key":"Strength Potion"},{"floor":19.0,"key":"PowerPotion"}],"is_trial":false,"path_per_floor":["M","?","?","$","M","R","M","R","T","$","M","M","E","M","R","B",null,"M","M","M","$","M","R","?","?","T","$","E","R","M","?","R","B"],"character_chosen":"IRONCLAD","items_purchased":["Shrug It Off","Heavy Blade","Combust","Spot Weakness","Jack Of All Trades","Iron Wave","Finesse","Combust","Good Instincts","Fire Breathing"],"campfire_rested":5,"item_purchase_floors":[4,4,10,10,10,10,21,21,27,27],"current_hp_per_floor":[80,80,64,64,62,80,80,80,80,80,80,79,59,57,80,63,80,58,24,14,14,12,36,20,20,20,20,10,34,15,15,39,0],"gold":40,"neow_bonus":"RANDOM_COMMON_RELIC","is_prod":false,"is_daily":false,"chose_seed":false,"campfire_upgraded":1,"win_rate":0,"timestamp":1564569132,"path_taken":["M","?","?","$","M","R","M","R","T","$","M","M","E","M","R","BOSS","M","M","M","$","M","R","?","?","T","$","E","R","M","?","R","BOSS"],"build_version":"2019-07-17","purchased_purges":1,"victory":false,"max_hp_per_floor":[80,80,80,80,80,80,80,80,80,80,80,80,80,80,80,80,80,80,80,80,80,80,80,80,80,80,80,80,80,80,80,80,80],"card_choices":[{"not_picked":["Rupture","Twin Strike"],"picked":"Evolve","floor":1.0},{"not_picked":["Power Through","Ghostly Armor"],"picked":"Anger","floor":5.0},{"not_picked":["Shockwave","Sword Boomerang"],"picked":"Iron Wave","floor":6.0},{"not_picked":["Dropkick","Clash"],"picked":"Metallicize","floor":7.0},{"not_picked":["Battle Trance","Bloodletting"],"picked":"Inflame","floor":11.0},{"not_picked":["Pommel Strike","Anger"],"picked":"Armaments","floor":12.0},{"not_picked":["Battle Trance","Blood for Blood"],"picked":"Armaments","floor":13.0},{"not_picked":["Whirlwind","Headbutt"],"picked":"Dual Wield","floor":14.0},{"not_picked":["Hemokinesis","Warcry"],"picked":"Shrug It Off","floor":15.0},{"not_picked":["Bludgeon","Double Tap"],"picked":"Limit Break","floor":16.0},{"not_picked":["Twin Strike","Uppercut"],"picked":"Cleave","floor":18.0},{"not_picked":["Twin Strike+1","Hemokinesis"],"picked":"Shrug It Off","floor":19.0},{"not_picked":["Clothesline","Pummel"],"picked":"Blood for Blood","floor":20.0},{"not_picked":["Searing Blow","Corruption","Havoc"],"picked":"SKIP","floor":22.0},{"not_picked":["Wild Strike","Body Slam"],"picked":"Flex","floor":23.0},{"not_picked":["Second Wind","Feed"],"picked":"Rage","floor":28.0},{"not_picked":["Sentinel+1","Pommel Strike"],"picked":"Burning Pact","floor":29.0},{"not_picked":["Dual Wield","Pummel"],"picked":"Thunderclap+1","floor":30.0},{"not_picked":["Havoc","Heavy Blade"],"picked":"Rupture","floor":32.0}],"player_experience":269026,"relics_obtained":[{"floor":9.0,"key":"Old Coin"},{"floor":13.0,"key":"Omamori"},{"floor":24.0,"key":"Nilry\u0027s Codex"},{"floor":26.0,"key":"Mercury Hourglass"},{"floor":28.0,"key":"Nunchaku"},{"floor":28.0,"key":"Letter Opener"}],"event_choices":[{"damage_healed":0.0,"max_hp_gain":0.0,"max_hp_loss":0.0,"gold_gain":0.0,"event_name":"Big Fish","player_choice":"Box","floor":2.0,"gold_loss":0.0,"damage_taken":0.0,"relics_obtained":["Dream Catcher"],"cards_obtained":["Regret"]},{"damage_healed":0.0,"max_hp_gain":0.0,"max_hp_loss":0.0,"gold_gain":0.0,"event_name":"Shining Light","player_choice":"Entered Light","floor":3.0,"gold_loss":0.0,"damage_taken":16.0,"cards_upgraded":["Defend_R","Strike_R"]},{"damage_healed":0.0,"max_hp_gain":0.0,"max_hp_loss":0.0,"gold_gain":0.0,"event_name":"Cursed Tome","player_choice":"Obtained Book","floor":24.0,"gold_loss":0.0,"damage_taken":16.0},{"damage_healed":0.0,"max_hp_gain":0.0,"max_hp_loss":0.0,"gold_gain":0.0,"event_name":"Forgotten Altar","player_choice":"Smashed Altar","floor":25.0,"gold_loss":0.0,"damage_taken":0.0,"cards_obtained":["Decay"]},{"damage_healed":0.0,"max_hp_gain":0.0,"max_hp_loss":0.0,"gold_gain":0.0,"event_name":"Ghosts","player_choice":"Ignored","floor":31.0,"gold_loss":0.0,"damage_taken":0.0}],"is_beta":false,"boss_relics":[{"not_picked":["Runic Pyramid","White Beast Statue"],"picked":"Black Star"}],"items_purged_floors":[10],"is_endless":false,"potions_floor_spawned":[1,11,13,14,19,22],"killed_by":"Automaton","ascension_level":2}