{"gold_per_floor":[20,34,34,46,46,80,80,116,116,116,41,64,64,88,88,207,207,225,209,209,140,140,140,180,180,180,205,223,13,34,58,58,182,182,201,326,326,659,677,677,367,367,367,367,382,382,396,396],"floor_reached":48,"playtime":3733,"items_purged":["Strike_G","Strike_G","Defend_G"],"score":600,"play_id":"85ab8d88-f59d-4d5d-a7cf-95cc34467e91","local_time":"20181027200407","is_ascension_mode":true,"campfire_choices":[{"floor":13,"key":"REST"},{"floor":15,"key":"REST"},{"data":"Noxious Fumes","floor":23,"key":"SMITH"},{"floor":25,"key":"REST"},{"data":"Neutralize","floor":32,"key":"SMITH"},{"data":"Bouncing Flask","floor":40,"key":"SMITH"},{"data":"Mayhem","floor":42,"key":"SMITH"},{"data":"Deadly Poison","floor":44,"key":"SMITH"}],"neow_cost":"NO_GOLD","seed_source_timestamp":1466378565680500,"circlet_count":0,"master_deck":["Defend_G","Defend_G","Strike_G","Strike_G+1","Strike_G","Survivor+1","Neutralize+1","Bouncing Flask+1","Deadly Poison+1","Blur+1","Well Laid Plans","Noxious Fumes+1","Malaise+1","Deflect+1","Deflect+1","Prepared+1","Corpse Explosion+1","Deadly Poison+1","Finesse+1","Deadly Poison+1","Backflip+1","Burst+1","Deflect+1","PiercingWail+1","Mayhem+1"],"relics":["Ring of the Snake","Toxic Egg 2","Kunai","Paper Crane","Omamori","Eternal Feather","Regal Pillow","Pear","Molten Egg 2","Cursed Key","Tingsha","Incense Burner","The Specimen"],"potions_floor_usage":[4,19,19,24,27,28,33,33,45],"damage_taken":[{"damage":3,"enemies":"Small Slimes","floor":1,"turns":5},{"damage":1,"enemies":"Jaw Worm","floor":2,"turns":3},{"damage":1,"enemies":"2 Louse","floor":4,"turns":2},{"damage":14,"enemies":"Gremlin Nob","floor":6,"turns":4},{"damage":12,"enemies":"Lagavulin","floor":8,"turns":6},{"damage":0,"enemies":"2 Fungi Beasts","floor":12,"turns":4},{"damage":5,"enemies":"Exordium Thugs","floor":14,"turns":4},{"damage":15,"enemies":"The Guardian","floor":16,"turns":9},{"damage":2,"enemies":"Shell Parasite","floor":18,"turns":5},{"damage":7,"enemies":"2 Thieves","floor":19,"turns":4},{"damage":64,"enemies":"Gremlin Leader","floor":24,"turns":9},{"damage":20,"enemies":"3 Cultists","floor":27,"turns":7},{"damage":13,"enemies":"Centurion and Healer","floor":28,"turns":5},{"damage":0,"enemies":"Snake Plant","floor":30,"turns":4},{"damage":0,"enemies":"Snecko","floor":31,"turns":5},{"damage":26,"enemies":"Automaton","floor":33,"turns":11},{"damage":0,"enemies":"Orb Walker","floor":35,"turns":4},{"damage":1,"enemies":"Mind Bloom Boss Battle","floor":36,"turns":6},{"damage":2,"enemies":"3 Darklings","floor":39,"turns":4},{"damage":24,"enemies":"Sphere and 2 Shapes","floor":45,"turns":5},{"damage":10,"enemies":"Jaw Worm Horde","floor":47,"turns":3},{"damage":58,"enemies":"4 Shapes","floor":48,"turns":3}],"seed_played":"5020069374149314657","potions_obtained":[{"floor":2,"key":"Poison Potion"},{"floor":6,"key":"GamblersBrew"},{"floor":14,"key":"AttackPotion"},{"floor":18,"key":"Regen Potion"},{"floor":24,"key":"Strength Potion"},{"floor":27,"key":"Fire Potion"},{"floor":28,"key":"AttackPotion"},{"floor":30,"key":"FearPotion"},{"floor":36,"key":"Strength Potion"}],"is_trial":false,"path_per_floor":["M","M","?","M","?","E","?","E","T","T","$","M","R","M","R","B",null,"M","M","?","?","?","R","E","R","T","M","M","$","M","M","R","B",null,"M","?","?","?","M","R","$","R","T","R","M","T","M"],"character_chosen":"THE_SILENT","items_purchased":["Finesse+1","Deadly Poison+1","Mayhem"],"campfire_rested":3,"item_purchase_floors":[29,29,41],"current_hp_per_floor":[67,66,71,70,69,55,41,29,29,29,29,29,49,44,64,49,64,62,55,55,55,69,69,24,71,71,51,38,38,38,38,50,24,65,65,64,64,64,62,77,77,79,79,79,55,55,45,0],"gold":396,"neow_bonus":"REMOVE_TWO","is_prod":false,"is_daily":false,"chose_seed":false,"campfire_upgraded":5,"win_rate":0,"timestamp":1540641847,"path_taken":["M","M","?","M","?","E","?","E","T","?","$","?","R","M","R","BOSS","M","M","?","?","?","R","E","R","T","M","M","$","M","M","R","BOSS","M","?","?","?","M","R","$","R","T","R","M","?","?","M"],"build_version":"2018-10-25v2","purchased_purges":3,"victory":false,"max_hp_per_floor":[70,70,75,75,69,69,69,69,69,69,69,69,69,69,69,69,69,69,69,69,69,69,69,79,79,79,79,79,79,79,79,79,79,79,79,79,79,79,79,79,79,79,79,79,79,79,79,79],"card_choices":[{"not_picked":["Flying Knee","Noxious Fumes"],"picked":"Bouncing Flask","floor":1},{"not_picked":["All Out Attack","Calculated Gamble"],"picked":"Deadly Poison","floor":2},{"not_picked":["Dagger Spray","Flying Knee","Outmaneuver"],"picked":"SKIP","floor":4},{"not_picked":["Accuracy","Sucker Punch"],"picked":"Blur","floor":6},{"not_picked":["Riddle With Holes","Distraction+1"],"picked":"Well Laid Plans","floor":8},{"not_picked":["Quick Slash","Accuracy"],"picked":"Noxious Fumes","floor":12},{"not_picked":["Dash","Outmaneuver+1","Flying Knee"],"picked":"SKIP","floor":14},{"not_picked":["Grand Finale","Glass Knife"],"picked":"Malaise+1","floor":16},{"not_picked":["Dash","Deadly Poison+1"],"picked":"Deflect+1","floor":18},{"not_picked":["Eviscerate","Dagger Throw+1"],"picked":"Deflect+1","floor":19},{"not_picked":["Infinite Blades","Heel Hook"],"picked":"Prepared+1","floor":24},{"not_picked":["Underhanded Strike+1","Blade Dance+1"],"picked":"Corpse Explosion+1","floor":27},{"not_picked":["Choke+1","Bouncing Flask+1"],"picked":"Deadly Poison+1","floor":28},{"not_picked":["Blade Dance+1","Distraction+1"],"picked":"Backflip+1","floor":30},{"not_picked":["Dodge and Roll+1","Acrobatics+1","Dagger Throw+1"],"picked":"SKIP","floor":31},{"not_picked":["Envenom","Tools of the Trade"],"picked":"Burst+1","floor":33},{"not_picked":["Outmaneuver+1","Acrobatics+1"],"picked":"Deflect+1","floor":35},{"not_picked":["Acrobatics+1","Backstab+1"],"picked":"PiercingWail+1","floor":36},{"not_picked":["Sucker Punch+1","Dagger Throw+1","Dagger Spray+1"],"picked":"SKIP","floor":39},{"not_picked":["Infinite Blades+1","Dagger Throw+1","Dodge and Roll+1"],"picked":"SKIP","floor":45},{"not_picked":["Concentrate+1","Masterful Stab+1","Dagger Throw+1"],"picked":"SKIP","floor":47}],"player_experience":522723,"relics_obtained":[{"floor":6,"key":"Toxic Egg 2"},{"floor":8,"key":"Kunai"},{"floor":9,"key":"Paper Crane"},{"floor":10,"key":"Omamori"},{"floor":24,"key":"Pear"},{"floor":26,"key":"Molten Egg 2"},{"floor":36,"key":"Tingsha"},{"floor":43,"key":"Incense Burner"},{"floor":46,"key":"The Specimen"}],"event_choices":[{"damage_healed":0,"gold_gain":0,"player_choice":"Donut","damage_taken":0,"max_hp_gain":5,"max_hp_loss":0,"event_name":"Big Fish","floor":3,"gold_loss":0},{"damage_healed":0,"gold_gain":0,"player_choice":"Lose Max HP","damage_taken":0,"relics_obtained":["Golden Idol"],"max_hp_gain":0,"max_hp_loss":6,"event_name":"Golden Idol","floor":5,"gold_loss":0},{"damage_healed":0,"gold_gain":0,"player_choice":"Entered Light","damage_taken":14,"max_hp_gain":0,"max_hp_loss":0,"event_name":"Shining Light","floor":7,"gold_loss":0,"cards_upgraded":["Strike_G","Survivor"]},{"damage_healed":0,"gold_gain":0,"player_choice":"Ignored","damage_taken":0,"max_hp_gain":0,"max_hp_loss":0,"event_name":"Vampires","floor":20,"gold_loss":0},{"damage_healed":0,"gold_gain":0,"player_choice":"Paid Gold","damage_taken":0,"relics_obtained":["Regal Pillow"],"max_hp_gain":0,"max_hp_loss":0,"event_name":"WeMeetAgain","floor":21,"gold_loss":69},{"damage_healed":23,"gold_gain":0,"player_choice":"Heal","damage_taken":0,"max_hp_gain":0,"max_hp_loss":0,"event_name":"The Library","floor":22,"gold_loss":0},{"damage_healed":0,"gold_gain":0,"player_choice":"Fight","damage_taken":0,"max_hp_gain":0,"max_hp_loss":0,"event_name":"MindBloom","floor":36,"gold_loss":0},{"damage_healed":0,"gold_gain":0,"player_choice":"Ignored","damage_taken":0,"max_hp_gain":0,"max_hp_loss":0,"event_name":"Transmorgrifier","floor":37,"gold_loss":0},{"damage_healed":0,"gold_gain":333,"player_choice":"Gave Idol","damage_taken":0,"max_hp_gain":0,"max_hp_loss":0,"event_name":"The Moai Head","floor":38,"relics_lost":["Golden Idol"],"gold_loss":0}],"is_beta":false,"boss_relics":[{"not_picked":["Velvet Choker","Sozu"],"picked":"Eternal Feather"},{"not_picked":["Empty Cage","HoveringKite"],"picked":"Cursed Key"}],"items_purged_floors":[11,29,41],"is_endless":false,"potions_floor_spawned":[2,6,14,18,24,27,28,30,36],"killed_by":"4 Shapes","ascension_level":5}