{"gold_per_floor":[116,116,41,67,67,67,101,101,101,121,154,164,182,28,28,129,129,139,172,172,172],"floor_reached":21,"playtime":950,"items_purged":["Strike_B","Defend_B"],"score":298,"play_id":"a8fcf8e0-308b-4242-80d3-dc4e392ba134","local_time":"20190129130004","is_ascension_mode":true,"campfire_choices":[{"data":"Dualcast","floor":6,"key":"SMITH"},{"data":"Conserve Battery","floor":8,"key":"SMITH"},{"data":"Conserve Battery","floor":15,"key":"SMITH"}],"neow_cost":"NONE","seed_source_timestamp":4727055627739761,"circlet_count":0,"master_deck":["Strike_B","Strike_B","Strike_B","Defend_B","Defend_B","Zap+1","Dualcast+1","Undo+1","Conserve Battery+1","Conserve Battery","Leap","Conserve Battery+1","Hologram","Meteor Strike","Conserve Battery","Leap"],"relics":["Cracked Core","NeowsBlessing","Dream Catcher","Pear","Frozen Egg 2","Pantograph","Velvet Choker","Red Mask"],"potions_floor_usage":[11,19],"damage_taken":[{"damage":0,"enemies":"Jaw Worm","floor":1,"turns":1},{"damage":0,"enemies":"Lagavulin","floor":7,"turns":1},{"damage":0,"enemies":"Cultist","floor":10,"turns":1},{"damage":22,"enemies":"Gremlin Nob","floor":11,"turns":4},{"damage":1,"enemies":"2 Louse","floor":12,"turns":3},{"damage":8,"enemies":"Exordium Wildlife","floor":13,"turns":6},{"damage":43,"enemies":"The Guardian","floor":16,"turns":16},{"damage":8,"enemies":"3 Byrds","floor":18,"turns":7},{"damage":58,"enemies":"Masked Bandits","floor":19,"turns":8},{"damage":1,"enemies":"Spheric Guardian","floor":21,"turns":3}],"seed_played":"3959285775262588206","potions_obtained":[{"floor":10,"key":"LiquidBronze"},{"floor":11,"key":"FocusPotion"},{"floor":13,"key":"SkillPotion"},{"floor":18,"key":"Regen Potion"}],"is_trial":false,"path_per_floor":["M","?","$","T","?","R","E","R","T","M","E","M","M","$","R","B",null,"M","?","?","M"],"character_chosen":"DEFECT","items_purchased":["Hologram"],"campfire_rested":0,"item_purchase_floors":[14],"current_hp_per_floor":[68,68,68,68,53,53,63,63,63,63,41,40,32,32,32,14,67,59,1,1,0],"gold":172,"neow_bonus":"THREE_ENEMY_KILL","is_prod":false,"is_daily":false,"chose_seed":false,"campfire_upgraded":3,"win_rate":0,"timestamp":1548784804,"path_taken":["M","?","?","?","?","R","E","R","T","M","E","M","M","$","R","BOSS","M","?","?","M"],"build_version":"2019-01-23","purchased_purges":2,"victory":false,"max_hp_per_floor":[75,75,75,75,75,75,85,85,85,85,85,85,85,85,85,85,85,85,85,85,85],"card_choices":[{"not_picked":["Go for the Eyes","Steam"],"picked":"Undo","floor":1},{"not_picked":["Melter","Leap"],"picked":"Conserve Battery","floor":7},{"not_picked":["Sweeping Beam","Barrage"],"picked":"Conserve Battery","floor":10},{"not_picked":["Storm+1","Scrape"],"picked":"Leap","floor":11},{"not_picked":["Stack","Compile Driver","Storm+1"],"picked":"SKIP","floor":12},{"not_picked":["Sunder","Compile Driver"],"picked":"Conserve Battery","floor":13},{"not_picked":["Hyperbeam","Core Surge"],"picked":"Meteor Strike","floor":16},{"not_picked":["Heatsinks+1","Darkness+1"],"picked":"Conserve Battery","floor":18},{"not_picked":["Sweeping Beam","Redo"],"picked":"Leap","floor":19}],"player_experience":373748,"relics_obtained":[{"floor":4,"key":"Dream Catcher"},{"floor":7,"key":"Pear"},{"floor":9,"key":"Frozen Egg 2"},{"floor":11,"key":"Pantograph"},{"floor":19,"key":"Red Mask"}],"event_choices":[{"cards_removed":["Defend_B"],"damage_healed":0,"gold_gain":0,"player_choice":"Offered Basic","damage_taken":0,"max_hp_gain":0,"max_hp_loss":0,"event_name":"Bonfire Elementals","floor":2,"gold_loss":0},{"damage_healed":0,"gold_gain":0,"player_choice":"Entered Light","damage_taken":15,"max_hp_gain":0,"max_hp_loss":0,"event_name":"Shining Light","floor":5,"gold_loss":0,"cards_upgraded":["Undo","Zap"]},{"damage_healed":0,"gold_gain":0,"player_choice":"Fought Bandits","damage_taken":0,"max_hp_gain":0,"max_hp_loss":0,"event_name":"Masked Bandits","floor":19,"gold_loss":0},{"damage_healed":0,"gold_gain":0,"player_choice":"Ignored","damage_taken":0,"max_hp_gain":0,"max_hp_loss":0,"event_name":"Vampires","floor":20,"gold_loss":0}],"is_beta":false,"boss_relics":[{"not_picked":["Empty Cage","Tiny House"],"picked":"Velvet Choker"}],"items_purged_floors":[3,14],"is_endless":false,"potions_floor_spawned":[10,11,13,18],"killed_by":"Spheric Guardian","ascension_level":6}