{"gold_per_floor":[366,366,28,47,47,82,82,102,125,169,169,189,154,168,168,266,266,290,310,329,244,24,24,58,81,81,81,97,97,113,24,24,24],"floor_reached":33,"playtime":2075,"items_purged":[],"score":512,"play_id":"8008e93a-edf0-4ec4-8249-15b7f85896d2","local_time":"20190718210530","is_ascension_mode":true,"campfire_choices":[{"data":"Fission","floor":11.0,"key":"SMITH"},{"data":"Rainbow","floor":15.0,"key":"SMITH"},{"data":"Defragment","floor":23.0,"key":"SMITH"},{"floor":29.0,"key":"REST"},{"data":"Lockon","floor":32.0,"key":"SMITH"}],"neow_cost":"TEN_PERCENT_HP_LOSS","seed_source_timestamp":519423195885120,"circlet_count":0,"master_deck":["AscendersBane","Strike_B","Strike_B","Strike_B","Defend_B","Defend_B","Defend_B","Defend_B","Zap","Dualcast","Ball Lightning","Rainbow+1","Sweeping Beam","Doom and Gloom","Self Repair","Gash","Auto Shields","Fission+1","Capacitor","Ball Lightning","Echo Form","Sweeping Beam","Sweeping Beam","Glacier","Defragment+1","Ball Lightning","Barrage","Lockon+1"],"special_seed":0,"relics":["Cracked Core","Golden Idol","Art of War","Mercury Hourglass","Lantern","Smiling Mask","Busted Crown","Orichalcum","Oddly Smooth Stone","Frozen Egg 2"],"potions_floor_usage":[33],"damage_taken":[{"damage":0.0,"enemies":"Cultist","floor":1.0,"turns":3.0},{"damage":3.0,"enemies":"Small Slimes","floor":4.0,"turns":2.0},{"damage":21.0,"enemies":"Lagavulin","floor":6.0,"turns":5.0},{"damage":2.0,"enemies":"Jaw Worm","floor":8.0,"turns":3.0},{"damage":10.0,"enemies":"3 Sentries","floor":10.0,"turns":3.0},{"damage":0.0,"enemies":"3 Louse","floor":12.0,"turns":1.0},{"damage":6.0,"enemies":"Blue Slaver","floor":14.0,"turns":2.0},{"damage":21.0,"enemies":"Hexaghost","floor":16.0,"turns":8.0},{"damage":10.0,"enemies":"2 Thieves","floor":18.0,"turns":4.0},{"damage":18.0,"enemies":"3 Byrds","floor":19.0,"turns":3.0},{"damage":24.0,"enemies":"Centurion and Healer","floor":20.0,"turns":5.0},{"damage":15.0,"enemies":"Gremlin Leader","floor":24.0,"turns":6.0},{"damage":14.0,"enemies":"Sentry and Sphere","floor":25.0,"turns":4.0},{"damage":0.0,"enemies":"3 Cultists","floor":28.0,"turns":3.0},{"damage":0.0,"enemies":"Chosen and Byrds","floor":30.0,"turns":4.0},{"damage":52,"enemies":"Collector","floor":33,"turns":5}],"seed_played":"7035180796061378121","potions_obtained":[{"floor":1.0,"key":"Energy Potion"},{"floor":4.0,"key":"PowerPotion"},{"floor":6.0,"key":"Ancient Potion"},{"floor":14.0,"key":"SpeedPotion"},{"floor":27.0,"key":"EntropicBrew"},{"floor":27.0,"key":"Swift Potion"},{"floor":28.0,"key":"Dexterity Potion"}],"is_trial":false,"path_per_floor":["M","?","$","M","?","E","T","M","T","E","R","M","?","M","R","B",null,"M","M","M","?","$","R","E","M","T","?","M","R","M","$","R","B"],"character_chosen":"DEFECT","items_purchased":["Rainbow","Sweeping Beam","Doom and Gloom","Self Repair","Glacier","Defragment","Ball Lightning","Lockon"],"campfire_rested":1,"item_purchase_floors":[3,3,3,3,22,22,22,31],"current_hp_per_floor":[64,57,57,54,32,25,25,23,23,20,20,20,36,30,30,16,52,49,38,28,28,28,28,20,13,13,13,13,32,39,39,39,0],"gold":24,"neow_bonus":"TWO_FIFTY_GOLD","is_prod":false,"is_daily":false,"chose_seed":false,"campfire_upgraded":4,"win_rate":0,"timestamp":1563498330,"path_taken":["M","?","$","M","?","E","?","M","T","E","R","M","?","?","R","BOSS","M","M","M","?","$","R","E","M","T","?","?","R","M","$","R","BOSS"],"build_version":"2019-07-17","purchased_purges":0,"victory":false,"max_hp_per_floor":[64,64,64,64,64,64,64,64,64,64,64,64,64,64,64,64,64,64,64,64,64,64,64,64,64,64,64,64,64,64,64,64,64],"card_choices":[{"not_picked":["Auto Shields","Turbo"],"picked":"Ball Lightning","floor":1.0},{"not_picked":["Go for the Eyes","Blizzard"],"picked":"Gash","floor":4.0},{"not_picked":["Hologram","Melter"],"picked":"Auto Shields","floor":6.0},{"not_picked":["Hologram","Turbo","Barrage"],"picked":"SKIP","floor":8.0},{"not_picked":["Hologram","Cold Snap"],"picked":"Fission","floor":10.0},{"not_picked":["Redo","Loop"],"picked":"Capacitor","floor":12.0},{"not_picked":["Cold Snap","Loop"],"picked":"Ball Lightning","floor":14.0},{"not_picked":["Machine Learning","Creative AI"],"picked":"Echo Form","floor":16.0},{"not_picked":["Undo"],"picked":"SKIP","floor":18.0},{"not_picked":[],"picked":"Sweeping Beam","floor":19.0},{"not_picked":[],"picked":"Sweeping Beam","floor":20.0},{"not_picked":["Rebound"],"picked":"SKIP","floor":24.0},{"not_picked":["Turbo"],"picked":"SKIP","floor":25.0},{"not_picked":["Compile Driver"],"picked":"SKIP","floor":28.0},{"not_picked":[],"picked":"Barrage","floor":30.0}],"player_experience":908184,"relics_obtained":[{"floor":6.0,"key":"Art of War"},{"floor":7.0,"key":"Mercury Hourglass"},{"floor":9.0,"key":"Lantern"},{"floor":10.0,"key":"Smiling Mask"},{"floor":24.0,"key":"Oddly Smooth Stone"},{"floor":26.0,"key":"Frozen Egg 2"}],"event_choices":[{"cards_removed":["Strike_B"],"damage_healed":0.0,"max_hp_gain":0.0,"max_hp_loss":0.0,"gold_gain":0.0,"event_name":"Golden Wing","player_choice":"Card Removal","floor":2.0,"gold_loss":0.0,"damage_taken":7.0},{"damage_healed":0.0,"max_hp_gain":0.0,"max_hp_loss":0.0,"gold_gain":0.0,"event_name":"Golden Idol","player_choice":"Take Damage","floor":5.0,"gold_loss":0.0,"damage_taken":22.0,"relics_obtained":["Golden Idol"]},{"damage_healed":16.0,"max_hp_gain":0.0,"max_hp_loss":0.0,"gold_gain":0.0,"event_name":"The Cleric","player_choice":"Healed","floor":13.0,"gold_loss":35.0,"damage_taken":0.0},{"damage_healed":0.0,"max_hp_gain":0.0,"max_hp_loss":0.0,"gold_gain":0.0,"event_name":"Addict","player_choice":"Obtained Relic","floor":21.0,"gold_loss":85.0,"damage_taken":0.0,"relics_obtained":["Orichalcum"]},{"damage_healed":0.0,"max_hp_gain":0.0,"max_hp_loss":0.0,"gold_gain":0.0,"event_name":"Lab","player_choice":"Got Potions","floor":27.0,"gold_loss":0.0,"damage_taken":0.0}],"is_beta":false,"boss_relics":[{"not_picked":["Lizard Tail","Orrery"],"picked":"Busted Crown"}],"items_purged_floors":[],"is_endless":false,"potions_floor_spawned":[1,4,6,14,18,20,28],"killed_by":"Collector","ascension_level":17}