{"gold_per_floor":[119,132,5,5,17,17,47,59,116,158,170,201,226,50,50,150,150,168,68,84,103,123,123,150,150,150,150,167,92,92,109,109,204,204,219,219,230,280,73,73,73,73,73,73,103,122,132,132,132,132],"floor_reached":51,"playtime":8048,"items_purged":["Strike_G","Strike_G","Outmaneuver+1"],"score":705,"play_id":"1d3f6dae-4986-404a-8209-7d76cdd67a32","local_time":"20180729013849","is_ascension_mode":false,"campfire_choices":[{"data":"Defend_G","floor":6,"key":"SMITH"},{"data":"Defend_G","floor":8,"key":"SMITH"},{"data":"Infinite Blades","floor":15,"key":"SMITH"},{"floor":23,"key":"REST"},{"floor":25,"key":"REST"},{"data":"Apotheosis","floor":27,"key":"SMITH"},{"floor":30,"key":"REST"},{"data":"Tools of the Trade","floor":32,"key":"SMITH"},{"floor":40,"key":"REST"},{"data":"Defend_G","floor":42,"key":"SMITH"},{"data":"Defend_G","floor":44,"key":"SMITH"},{"data":"Infinite Blades","floor":49,"key":"SMITH"}],"neow_cost":"NONE","seed_source_timestamp":548797933025171,"circlet_count":0,"master_deck":["Defend_G+1","Defend_G+1","Defend_G+1","Defend_G","Defend_G+1","Strike_G+1","Neutralize+1","Well Laid Plans","Well Laid Plans","Deflect","Deadly Poison","PiercingWail","Tools of the Trade+1","Flying Knee","Blur","Infinite Blades+1","Apotheosis+1","Bane","Backflip","Bouncing Flask","Prepared+1","Quick Slash","Calculated Gamble+1","Leg Sweep+1","Deflect+1","Deadly Poison+1","Deadly Poison","Expertise","Bandage Up","Infinite Blades+1","Catalyst+1"],"relics":["Ring of the Snake","MawBank","Whetstone","Blood Vial","Happy Flower","Philosopher\u0027s Stone","Ice Cream","Regal Pillow","Astrolabe","Nunchaku","Centennial Puzzle","Gremlin Horn"],"potions_floor_usage":[10,10,21,24,33,33,37,45,47,50],"damage_taken":[{"damage":0,"enemies":"2 Louse","floor":1,"turns":4},{"damage":0,"enemies":"Cultist","floor":2,"turns":5},{"damage":0,"enemies":"Small Slimes","floor":5,"turns":5},{"damage":4,"enemies":"Lagavulin","floor":7,"turns":10},{"damage":0,"enemies":"3 Sentries","floor":10,"turns":10},{"damage":1,"enemies":"Blue Slaver","floor":12,"turns":5},{"damage":4,"enemies":"Lots of Slimes","floor":13,"turns":6},{"damage":2,"enemies":"Hexaghost","floor":16,"turns":11},{"damage":4,"enemies":"Spheric Guardian","floor":18,"turns":7},{"damage":4,"enemies":"Shell Parasite","floor":20,"turns":7},{"damage":16,"enemies":"Snecko","floor":21,"turns":7},{"damage":19,"enemies":"Snake Plant","floor":22,"turns":6},{"damage":40,"enemies":"Gremlin Leader","floor":24,"turns":8},{"damage":20,"enemies":"Cultist and Chosen","floor":28,"turns":8},{"damage":16,"enemies":"Centurion and Healer","floor":31,"turns":6},{"damage":47,"enemies":"Automaton","floor":33,"turns":13},{"damage":13,"enemies":"3 Darklings","floor":35,"turns":8},{"damage":35,"enemies":"3 Shapes","floor":37,"turns":5},{"damage":25,"floor":38,"turns":7},{"damage":27,"enemies":"2 Orb Walkers","floor":45,"turns":7},{"damage":14,"enemies":"Transient","floor":46,"turns":5},{"damage":18,"enemies":"Flame Bruiser 2 Orb","floor":47,"turns":6},{"damage":53,"enemies":"Time Eater","floor":50,"turns":8}],"seed_played":"-5540693766039414882","potions_obtained":[{"floor":2,"key":"Explosive Potion"},{"floor":5,"key":"AttackPotion"},{"floor":7,"key":"SpeedPotion"},{"floor":10,"key":"Swift Potion"},{"floor":18,"key":"Dexterity Potion"},{"floor":20,"key":"FearPotion"},{"floor":31,"key":"AttackPotion"},{"floor":33,"key":"Regen Potion"},{"floor":38,"key":"Strength Potion"},{"floor":46,"key":"Swift Potion"},{"floor":47,"key":"SpeedPotion"}],"is_trial":false,"path_per_floor":["M","M","$","?","M","R","E","R","T","E","?","M","M","$","R","B",null,"M","$","M","M","M","R","E","R","T","R","M","?","R","M","R","B",null,"M","?","M","?","$","R","?","R","T","R","E","M","M","?","R","B"],"character_chosen":"THE_SILENT","items_purchased":["Deadly Poison","Apotheosis","Expertise"],"campfire_rested":4,"item_purchase_floors":[3,14,39],"current_hp_per_floor":[70,70,70,75,75,75,71,71,71,71,71,72,70,70,70,70,75,71,71,69,55,38,60,22,44,44,44,26,26,63,49,49,4,75,62,62,38,15,15,52,52,52,52,52,31,23,13,66,66,19],"gold":132,"neow_bonus":"THREE_CARDS","is_prod":false,"is_daily":false,"chose_seed":false,"campfire_upgraded":8,"win_rate":0.0,"timestamp":1532799529,"path_taken":["M","M","$","?","M","R","E","R","T","E","?","M","?","$","R","BOSS","M","$","?","M","M","R","E","R","T","R","M","?","R","?","R","BOSS","M","?","?","?","?","R","?","R","T","R","E","M","?","?","R","BOSS"],"build_version":"2018-07-26","purchased_purges":3,"victory":true,"max_hp_per_floor":[70,70,70,75,75,75,75,75,75,75,75,75,75,75,75,75,75,75,75,75,75,75,75,75,75,75,75,75,75,75,75,75,75,75,75,75,75,75,75,75,75,75,75,75,75,75,75,66,66,66],"card_choices":[{"not_picked":["Skewer","Deflect"],"picked":"Well Laid Plans","floor":0},{"not_picked":["Flying Knee","Slice"],"picked":"Well Laid Plans","floor":1},{"not_picked":["Finisher","Backflip"],"picked":"Deflect","floor":2},{"not_picked":["Acrobatics","Backstab"],"picked":"PiercingWail","floor":5},{"not_picked":["Leg Sweep","Distraction"],"picked":"Tools of the Trade","floor":7},{"not_picked":["Infinite Blades","Dagger Spray"],"picked":"Flying Knee","floor":10},{"not_picked":["Prepared","Blade Dance"],"picked":"Blur","floor":12},{"not_picked":["Outmaneuver","Deflect"],"picked":"Infinite Blades","floor":13},{"not_picked":["Finisher","Dagger Spray"],"picked":"Calculated Gamble","floor":18},{"not_picked":["Skewer","Flying Knee"],"picked":"Bane","floor":20},{"not_picked":["Slice","Quick Slash"],"picked":"Backflip","floor":21},{"not_picked":["Deflect+1","Crippling Poison"],"picked":"Bouncing Flask","floor":22},{"not_picked":["Calculated Gamble+1","Tools of the Trade"],"picked":"Prepared+1","floor":24},{"not_picked":["Poisoned Stab","Flying Knee"],"picked":"Quick Slash","floor":28},{"not_picked":["Deflect","Flechettes","Endless Agony"],"picked":"SKIP","floor":31},{"not_picked":["Burst","Malaise"],"picked":"Doppelganger","floor":33},{"not_picked":["Infinite Blades+1","Tactician+1"],"picked":"Deflect+1","floor":35},{"not_picked":["Bane","Underhanded Strike"],"picked":"Deadly Poison+1","floor":37},{"not_picked":["Dagger Spray+1","Dodge and Roll"],"picked":"Deadly Poison","floor":38},{"not_picked":["Purity","Blind"],"picked":"Bandage Up","floor":41},{"not_picked":["Backstab+1","Endless Agony+1","Deflect"],"picked":"SKIP","floor":45},{"not_picked":["Dagger Throw","Choke"],"picked":"Infinite Blades","floor":46},{"not_picked":["Bane+1","Dodge and Roll+1"],"picked":"Catalyst+1","floor":47}],"player_experience":44640,"relics_obtained":[{"floor":7,"key":"MawBank"},{"floor":9,"key":"Whetstone"},{"floor":10,"key":"Blood Vial"},{"floor":24,"key":"Ice Cream"},{"floor":26,"key":"Regal Pillow"},{"floor":38,"key":"Nunchaku"},{"floor":43,"key":"Centennial Puzzle"},{"floor":45,"key":"Gremlin Horn"}],"event_choices":[{"event_name":"Big Fish","player_choice":"Donut","floor":4,"damage_taken":0},{"event_name":"WeMeetAgain","player_choice":"Potion","floor":11,"damage_taken":0},{"event_name":"Beggar","player_choice":"Gave Gold","floor":29,"damage_taken":0},{"event_name":"Purifier","player_choice":"One Purge","floor":36,"damage_taken":0},{"event_name":"Mysterious Sphere","player_choice":"Fight","floor":38,"damage_taken":0},{"event_name":"SensoryStone","player_choice":"Memory 1","floor":41,"damage_taken":0},{"event_name":"The Moai Head","player_choice":"Heal","floor":48,"damage_taken":0}],"is_beta":false,"boss_relics":[{"not_picked":["Orrery","Velvet Choker"],"picked":"Philosopher\u0027s Stone"},{"not_picked":["Runic Dome","Black Star"],"picked":"Astrolabe"}],"items_purged_floors":[3,19,39],"is_endless":false,"potions_floor_spawned":[2,5,7,10,18,20,31,33,38,46,47],"ascension_level":0}