{"gold_per_floor":[112,37,56,70,20,55,19,19,19,19,37,47,81,256,256,351,351,367,1,1,20,119,146,165,199,222,222,44,96,128,163,163,163],"floor_reached":33,"playtime":1969,"items_purged":["Strike_G","Strike_G"],"score":495,"play_id":"916a5ed2-8666-4068-bf59-6aa1fff0929d","local_time":"20190125115919","is_ascension_mode":true,"campfire_choices":[{"data":"Sucker Punch","floor":8,"key":"SMITH"},{"floor":10,"key":"REST"},{"data":"Neutralize","floor":15,"key":"SMITH"},{"floor":27,"key":"REST"},{"floor":32,"key":"REST"}],"neow_cost":"NONE","seed_source_timestamp":4376773612733406,"circlet_count":0,"master_deck":["Defend_G","Defend_G","Defend_G","Defend_G","Strike_G","Strike_G","Strike_G","Survivor","Neutralize+1","Flying Knee","Sucker Punch+1","Footwork+1","Dagger Throw","A Thousand Cuts+1","Doubt","Malaise","Escape Plan","Footwork+1","Acrobatics","Sucker Punch+1","Well Laid Plans+1"],"relics":["Sozu","Frozen Egg 2","Darkstone Periapt","Lantern","Black Star","Thread and Needle","MutagenicStrength","Dream Catcher","Gambling Chip","WingedGreaves","Art of War","Bag of Preparation","Vajra","Molten Egg 2","Nunchaku","Ancient Tea Set","Juzu Bracelet"],"potions_floor_usage":[],"damage_taken":[{"damage":0,"enemies":"2 Louse","floor":1,"turns":3},{"damage":0,"enemies":"Jaw Worm","floor":3,"turns":4},{"damage":4,"enemies":"Cultist","floor":4,"turns":4},{"damage":44,"enemies":"3 Sentries","floor":6,"turns":12},{"damage":12,"enemies":"3 Louse","floor":11,"turns":3},{"damage":0,"enemies":"2 Fungi Beasts","floor":12,"turns":3},{"damage":0,"enemies":"Lagavulin","floor":13,"turns":7},{"damage":14,"enemies":"Hexaghost","floor":16,"turns":11},{"damage":18,"enemies":"2 Thieves","floor":18,"turns":4},{"damage":5,"enemies":"Chosen","floor":21,"turns":7},{"damage":2,"enemies":"Book of Stabbing","floor":23,"turns":8},{"damage":0,"enemies":"Centurion and Healer","floor":24,"turns":9},{"damage":12,"enemies":"Gremlin Leader","floor":25,"turns":9},{"damage":0,"enemies":"Book of Stabbing","floor":30,"turns":6},{"damage":37,"enemies":"Slavers","floor":31,"turns":5},{"damage":48,"enemies":"Champ","floor":33,"turns":13}],"seed_played":"5153746110385205980","potions_obtained":[],"is_trial":false,"path_per_floor":["M","$","M","M","?","E","$","R","T","R","M","M","E","?","R","B",null,"M","$","?","M","?","E","M","E","T","R","$","T","E","E","R","B"],"character_chosen":"THE_SILENT","items_purchased":["Footwork+1","Footwork+1","Thread and Needle","Well Laid Plans+1"],"campfire_rested":3,"item_purchase_floors":[7,19,19,28],"current_hp_per_floor":[63,63,63,59,59,15,15,15,15,36,24,24,24,30,30,16,61,43,43,43,38,38,36,36,24,24,46,46,46,46,9,31,0],"gold":163,"neow_bonus":"BOSS_RELIC","is_prod":false,"is_daily":false,"chose_seed":false,"campfire_upgraded":2,"win_rate":0,"timestamp":1548435559,"path_taken":["M","$","M","M","?","E","$","R","T","R","M","M","E","?","R","BOSS","M","$","?","M","?","E","M","E","T","R","$","?","E","E","R","BOSS"],"build_version":"2019-01-23","purchased_purges":2,"victory":false,"max_hp_per_floor":[70,70,70,70,70,70,70,70,70,70,70,70,70,76,76,76,76,76,76,76,76,76,76,76,76,76,76,76,76,76,76,76,76],"card_choices":[{"not_picked":["Underhanded Strike","Slice"],"picked":"Flying Knee","floor":1},{"not_picked":["Slice","Dagger Spray","Tactician"],"picked":"SKIP","floor":3},{"not_picked":["PiercingWail","Riddle With Holes","Venomology"],"picked":"SKIP","floor":4},{"not_picked":["Outmaneuver","Dagger Spray"],"picked":"Sucker Punch","floor":6},{"not_picked":["Deadly Poison","Cloak And Dagger"],"picked":"Dagger Throw","floor":11},{"not_picked":["PiercingWail","Prepared","Finisher"],"picked":"SKIP","floor":12},{"not_picked":["Dagger Throw","Heel Hook"],"picked":"A Thousand Cuts+1","floor":13},{"not_picked":["Phantasmal Killer","Bullet Time"],"picked":"Malaise","floor":16},{"not_picked":["Deflect","Predator"],"picked":"Escape Plan","floor":18},{"not_picked":["Deadly Poison","Underhanded Strike","Dodge and Roll"],"picked":"SKIP","floor":21},{"not_picked":["All Out Attack","Blade Dance","Underhanded Strike+1"],"picked":"SKIP","floor":23},{"not_picked":["Prepared+1","Cloak And Dagger"],"picked":"Acrobatics","floor":24},{"not_picked":["Choke+1","Cloak And Dagger+1"],"picked":"Sucker Punch+1","floor":25},{"not_picked":["Poisoned Stab","Catalyst","Terror"],"picked":"SKIP","floor":30},{"not_picked":["Dagger Spray+1","Phantasmal Killer","Cloak And Dagger"],"picked":"SKIP","floor":31}],"player_experience":319587,"relics_obtained":[{"floor":6,"key":"Frozen Egg 2"},{"floor":9,"key":"Darkstone Periapt"},{"floor":13,"key":"Lantern"},{"floor":23,"key":"Dream Catcher"},{"floor":23,"key":"Gambling Chip"},{"floor":25,"key":"WingedGreaves"},{"floor":25,"key":"Art of War"},{"floor":26,"key":"Bag of Preparation"},{"floor":29,"key":"Vajra"},{"floor":30,"key":"Molten Egg 2"},{"floor":30,"key":"Nunchaku"},{"floor":31,"key":"Ancient Tea Set"},{"floor":31,"key":"Juzu Bracelet"}],"event_choices":[{"cards_removed":["Defend_G"],"damage_healed":0,"gold_gain":0,"player_choice":"Card Removal","damage_taken":0,"max_hp_gain":0,"max_hp_loss":0,"event_name":"The Cleric","floor":5,"gold_loss":50},{"damage_healed":0,"gold_gain":175,"player_choice":"AGREE","damage_taken":0,"max_hp_gain":0,"max_hp_loss":0,"event_name":"Liars Game","floor":14,"gold_loss":0,"cards_obtained":["Doubt"]},{"damage_healed":0,"gold_gain":0,"player_choice":"Inject Mutagens","damage_taken":0,"relics_obtained":["MutagenicStrength"],"max_hp_gain":0,"max_hp_loss":0,"event_name":"Drug Dealer","floor":20,"gold_loss":0},{"damage_healed":0,"gold_gain":99,"player_choice":"Stole From Cult","damage_taken":0,"max_hp_gain":0,"max_hp_loss":0,"event_name":"Nest","floor":22,"gold_loss":0}],"is_beta":false,"boss_relics":[{"not_picked":["Pandora\u0027s Box","Orrery"],"picked":"Black Star"}],"items_purged_floors":[2,28],"is_endless":false,"potions_floor_spawned":[4,11,12,18,23,30],"killed_by":"Champ","ascension_level":6}