{"gold_per_floor":[212,162,162,237,247,247,262,262,262,262,288,142,155,155,155,260,260,273,287,27,27,27],"floor_reached":22,"playtime":1744,"items_purged":["Strike_B"],"score":255,"play_id":"be737c2c-b101-4c06-899f-3391d280b2bc","local_time":"20190821101954","is_ascension_mode":true,"campfire_choices":[{"floor":6,"key":"REST"},{"data":"Zap","floor":8,"key":"SMITH"},{"data":"Dualcast","floor":10,"key":"SMITH"},{"floor":15,"key":"REST"}],"neow_cost":"NONE","seed_source_timestamp":514463133817,"circlet_count":0,"master_deck":["Strike_B","Defend_B","Defend_B","Defend_B+1","Defend_B+1","Zap+1","Dualcast+1","Cold Snap","Cold Snap","Sunder","Genetic Algorithm","Machine Learning","Go for the Eyes","Coolheaded","Undo","FTL"],"relics":["Cracked Core","Potion Belt","Dead Branch","Eternal Feather","War Paint"],"potions_floor_usage":[11,13,22],"damage_taken":[{"damage":3,"enemies":"Small Slimes","floor":1,"turns":3},{"damage":5,"enemies":"Jaw Worm","floor":5,"turns":3},{"damage":2,"enemies":"2 Louse","floor":7,"turns":3},{"damage":24,"enemies":"Gremlin Nob","floor":11,"turns":4},{"damage":0,"enemies":"Looter","floor":13,"turns":2},{"damage":52,"enemies":"Hexaghost","floor":16,"turns":15},{"damage":18,"enemies":"Spheric Guardian","floor":18,"turns":5},{"damage":4,"enemies":"Chosen","floor":19,"turns":6},{"damage":34,"enemies":"Snake Plant","floor":22,"turns":7}],"seed_played":"-2906472258041026244","potions_obtained":[{"floor":7,"key":"Fire Potion"},{"floor":11,"key":"PowerPotion"},{"floor":19,"key":"Strength Potion"}],"is_trial":false,"path_per_floor":["M","?","?","?","M","R","M","R","T","R","E","$","M","?","R","B",null,"M","M","$","?","M"],"character_chosen":"DEFECT","items_purchased":["Machine Learning","War Paint","Undo","FTL"],"campfire_rested":2,"item_purchase_floors":[12,20,20,20],"current_hp_per_floor":[65,65,70,59,54,78,76,76,76,76,52,52,52,45,69,17,64,46,42,42,27,0],"gold":27,"neow_bonus":"HUNDRED_GOLD","is_prod":false,"is_daily":false,"chose_seed":false,"campfire_upgraded":2,"win_rate":0,"timestamp":1566379194,"path_taken":["M","?","?","?","M","R","M","R","T","R","E","?","?","?","R","BOSS","M","M","$","?","M"],"build_version":"2019-07-17","purchased_purges":1,"victory":false,"max_hp_per_floor":[75,75,80,80,80,80,80,80,80,80,80,80,80,80,80,80,80,80,80,80,85,85],"card_choices":[{"not_picked":["White Noise","Hologram"],"picked":"Cold Snap","floor":1},{"not_picked":["Doom and Gloom","Hello World"],"picked":"Cold Snap","floor":5},{"not_picked":["Coolheaded","Hologram"],"picked":"Sunder","floor":7},{"not_picked":["Self Repair","Undo"],"picked":"Genetic Algorithm","floor":11},{"not_picked":["Redo","Doom and Gloom"],"picked":"Go for the Eyes","floor":13},{"not_picked":["Beam Cell","Leap","Rebound+1"],"picked":"SKIP","floor":18},{"not_picked":["Sweeping Beam","Compile Driver+1"],"picked":"Coolheaded","floor":19}],"player_experience":470468,"relics_obtained":[{"floor":9,"key":"Potion Belt"},{"floor":11,"key":"Dead Branch"}],"event_choices":[{"cards_removed":["Strike_B"],"damage_healed":0,"gold_gain":0,"player_choice":"Card Removal","damage_taken":0,"max_hp_gain":0,"max_hp_loss":0,"event_name":"The Cleric","floor":2,"gold_loss":50},{"damage_healed":0,"gold_gain":0,"player_choice":"Donut","damage_taken":0,"max_hp_gain":5,"max_hp_loss":0,"event_name":"Big Fish","floor":3,"gold_loss":0},{"damage_healed":0,"gold_gain":75,"player_choice":"Gather Gold","damage_taken":11,"max_hp_gain":0,"max_hp_loss":0,"event_name":"World of Goop","floor":4,"gold_loss":0},{"cards_removed":["Strike_B"],"damage_healed":0,"gold_gain":0,"player_choice":"Card Removal","damage_taken":7,"max_hp_gain":0,"max_hp_loss":0,"event_name":"Golden Wing","floor":14,"gold_loss":0},{"damage_healed":0,"gold_gain":0,"player_choice":"Shed Blood","damage_taken":20,"max_hp_gain":5,"max_hp_loss":0,"event_name":"Forgotten Altar","floor":21,"gold_loss":0}],"is_beta":false,"boss_relics":[{"not_picked":["Lizard Tail","Tiny House"],"picked":"Eternal Feather"}],"items_purged_floors":[12],"is_endless":false,"potions_floor_spawned":[7,11,19],"killed_by":"Snake Plant","ascension_level":8}