{"gold_per_floor":[117,192,192,367,13,43,43,70,141,156,190,190,206,219,219,340,340,356,371,77,77,102,102,141,16,63,87,87,87],"floor_reached":29,"playtime":1946,"items_purged":["Doubt","Defend_G","Underhanded Strike"],"score":339,"play_id":"7aa5645d-97f3-4f1f-b04a-2684405a7c4c","local_time":"20181030191023","is_ascension_mode":true,"campfire_choices":[{"floor":7,"key":"REST"},{"floor":15,"key":"REST"},{"floor":23,"key":"REST"}],"neow_cost":"NONE","seed_source_timestamp":1724137590043500,"circlet_count":0,"master_deck":["Defend_G+1","Defend_G+1","Defend_G+1","Defend_G+1","Strike_G+1","Strike_G+1","Strike_G+1","Strike_G+1","Strike_G+1","Survivor","Neutralize","Terror","Blind","Dagger Throw","Heel Hook","Tools of the Trade","Heel Hook","Quick Slash","Distraction+1","Well Laid Plans+1"],"relics":["Ring of the Serpent","Lee\u0027s Waffle","Pocketwatch","Omamori","Letter Opener","Boot","Golden Idol","Juzu Bracelet","Bottled Tornado","Potion Belt","Bottled Flame"],"potions_floor_usage":[16,16,16,24,24,27],"damage_taken":[{"damage":0,"enemies":"Small Slimes","floor":1,"turns":5},{"damage":46,"enemies":"Lagavulin","floor":6,"turns":9},{"damage":2,"enemies":"Jaw Worm","floor":10,"turns":3},{"damage":15,"enemies":"Gremlin Nob","floor":11,"turns":4},{"damage":0,"enemies":"2 Louse","floor":13,"turns":2},{"damage":4,"enemies":"Looter","floor":14,"turns":3},{"damage":15,"enemies":"Slime Boss","floor":16,"turns":10},{"damage":36,"enemies":"2 Thieves","floor":18,"turns":4},{"damage":3,"enemies":"Chosen","floor":19,"turns":4},{"damage":33,"enemies":"3 Cultists","floor":22,"turns":6},{"damage":29,"enemies":"Book of Stabbing","floor":24,"turns":5},{"damage":0,"enemies":"Snake Plant","floor":27,"turns":4},{"damage":7,"enemies":"Centurion and Healer","floor":29,"turns":2}],"seed_played":"-5755108680067059589","potions_obtained":[{"floor":6,"key":"EssenceOfSteel"},{"floor":10,"key":"Block Potion"},{"floor":11,"key":"PowerPotion"},{"floor":19,"key":"Swift Potion"},{"floor":22,"key":"Poison Potion"},{"floor":24,"key":"Dexterity Potion"}],"is_trial":false,"path_per_floor":["M","?","?","?","$","E","R","T","T","M","E","?","M","M","R","B",null,"M","M","$","?","M","R","E","$","T","M","T"],"character_chosen":"THE_SILENT","items_purchased":["Lee\u0027s Waffle","Blind","Quick Slash","Juzu Bracelet"],"campfire_rested":3,"item_purchase_floors":[5,5,20,20],"current_hp_per_floor":[77,66,71,71,89,43,69,69,69,67,52,52,52,48,74,59,82,46,43,43,43,10,36,7,7,7,7,7,0],"gold":87,"neow_bonus":"TEN_PERCENT_HP_BONUS","is_prod":false,"is_daily":false,"chose_seed":false,"campfire_upgraded":0,"win_rate":0,"timestamp":1540897823,"path_taken":["M","?","?","?","$","E","R","?","T","M","E","?","M","?","R","BOSS","M","M","$","?","M","R","E","$","T","M","?","M"],"build_version":"2018-10-25v2","purchased_purges":3,"victory":false,"max_hp_per_floor":[77,77,82,82,89,89,89,89,89,89,89,89,89,89,89,89,89,89,89,89,89,89,89,89,89,89,89,89,89],"card_choices":[{"not_picked":["Deadly Poison","Dodge and Roll"],"picked":"Terror","floor":1},{"not_picked":["Finisher","Deflect","Acrobatics"],"picked":"SKIP","floor":6},{"not_picked":["PiercingWail","Acrobatics"],"picked":"Dagger Throw","floor":10},{"not_picked":["Leg Sweep","Masterful Stab"],"picked":"Underhanded Strike","floor":11},{"not_picked":["Acrobatics","Poisoned Stab"],"picked":"Heel Hook","floor":13},{"not_picked":["Deflect","Outmaneuver","Acrobatics"],"picked":"SKIP","floor":14},{"not_picked":["A Thousand Cuts","Corpse Explosion"],"picked":"Tools of the Trade","floor":16},{"not_picked":["Leg Sweep","Deflect+1"],"picked":"Heel Hook","floor":18},{"not_picked":["Prepared","Deadly Poison","Poisoned Stab+1"],"picked":"SKIP","floor":19},{"not_picked":["Dodge and Roll","Underhanded Strike","Backflip"],"picked":"SKIP","floor":22},{"not_picked":["Sucker Punch","Outmaneuver"],"picked":"Distraction+1","floor":24},{"not_picked":["Dodge and Roll","Caltrops"],"picked":"Well Laid Plans+1","floor":27}],"player_experience":535880,"relics_obtained":[{"floor":6,"key":"Pocketwatch"},{"floor":8,"key":"Omamori"},{"floor":9,"key":"Letter Opener"},{"floor":11,"key":"Boot"},{"floor":24,"key":"Bottled Tornado"},{"floor":26,"key":"Potion Belt"},{"floor":28,"key":"Bottled Flame"}],"event_choices":[{"damage_healed":0,"gold_gain":75,"player_choice":"Gather Gold","damage_taken":11,"max_hp_gain":0,"max_hp_loss":0,"event_name":"World of Goop","floor":2,"gold_loss":0},{"damage_healed":0,"gold_gain":0,"player_choice":"Donut","damage_taken":0,"max_hp_gain":5,"max_hp_loss":0,"event_name":"Big Fish","floor":3,"gold_loss":0},{"damage_healed":0,"gold_gain":175,"player_choice":"AGREE","damage_taken":0,"max_hp_gain":0,"max_hp_loss":0,"event_name":"Liars Game","floor":4,"gold_loss":0,"cards_obtained":["Doubt"]},{"damage_healed":0,"gold_gain":0,"player_choice":"Take Wound","damage_taken":0,"relics_obtained":["Golden Idol"],"max_hp_gain":0,"max_hp_loss":0,"event_name":"Golden Idol","floor":12,"gold_loss":0,"cards_obtained":["Injury"]},{"damage_healed":0,"gold_gain":0,"player_choice":"Simplicity","damage_taken":0,"max_hp_gain":0,"max_hp_loss":0,"event_name":"Back to Basics","floor":21,"gold_loss":0,"cards_upgraded":["Defend_G","Defend_G","Defend_G","Defend_G","Strike_G","Strike_G","Strike_G","Strike_G","Strike_G"]}],"is_beta":false,"boss_relics":[{"not_picked":["WristBlade","Empty Cage"],"picked":"Ring of the Serpent"}],"items_purged_floors":[5,20,25],"is_endless":false,"potions_floor_spawned":[6,10,11,14,19,22,24],"killed_by":"Centurion and Healer","ascension_level":5}