{"gold_per_floor":[115,29,49,49,65,65,97,147,170,170,135,135,192,203,203,280,280,300,60,110,110,22,22,54,72,154,165,165,165,182,107,107,178,178,195,195,195,295,267,267,295,305,305,318,318],"floor_reached":45,"playtime":2311,"items_purged":[],"score":940,"play_id":"65356699-3f21-4618-849f-3b8f59bb5fce","local_time":"20190814214443","is_ascension_mode":true,"campfire_choices":[{"data":"Conserve Battery","floor":6.0,"key":"SMITH"},{"floor":15.0,"key":"REST"},{"data":"Fission","floor":23.0,"key":"SMITH"},{"data":"Buffer","floor":29.0,"key":"SMITH"},{"data":"Defragment","floor":32.0,"key":"SMITH"},{"data":"Fission","floor":40.0,"key":"SMITH"}],"neow_cost":"NONE","seed_source_timestamp":437760745513639,"circlet_count":0,"master_deck":["AscendersBane","Zap","Dualcast","Amplify","Conserve Battery","Storm","Glacier+1","Conserve Battery+1","Rip and Tear","Machine Learning","Biased Cognition","Fission+1","Biased Cognition","Buffer+1","Reinforced Body","FTL","Gash","Loop","White Noise","Self Repair","Defragment+1","FTL+1","Fission+1","Leap","Static Discharge"],"special_seed":0,"relics":["Cracked Core","Juzu Bracelet","Smiling Mask","Gambling Chip","Pandora\u0027s Box","Ancient Tea Set","Question Card","Singing Bowl","Blue Candle","Coffee Dripper","Ginger","Unceasing Top"],"potions_floor_usage":[45,45],"damage_taken":[{"damage":1.0,"enemies":"Cultist","floor":1.0,"turns":3.0},{"damage":15.0,"enemies":"Small Slimes","floor":3.0,"turns":3.0},{"damage":0.0,"enemies":"2 Louse","floor":5.0,"turns":3.0},{"damage":16.0,"enemies":"Lagavulin","floor":7.0,"turns":13.0},{"damage":40.0,"enemies":"Gremlin Nob","floor":13.0,"turns":6.0},{"damage":0.0,"enemies":"Looter","floor":14.0,"turns":3.0},{"damage":12.0,"enemies":"The Guardian","floor":16.0,"turns":15.0},{"damage":0.0,"enemies":"Shell Parasite","floor":18.0,"turns":4.0},{"damage":0.0,"enemies":"Gremlin Leader","floor":24.0,"turns":7.0},{"damage":0.0,"enemies":"2 Thieves","floor":25.0,"turns":1.0},{"damage":7.0,"enemies":"Snake Plant","floor":27.0,"turns":3.0},{"damage":0.0,"enemies":"Shelled Parasite and Fungi","floor":30.0,"turns":4.0},{"damage":13.0,"enemies":"Automaton","floor":33.0,"turns":7.0},{"damage":0.0,"enemies":"3 Shapes","floor":35.0,"turns":3.0},{"damage":0.0,"enemies":"Mind Bloom Boss Battle","floor":38.0,"turns":3.0},{"damage":14.0,"enemies":"Nemesis","floor":41.0,"turns":7.0},{"damage":12.0,"enemies":"3 Darklings","floor":42.0,"turns":5.0},{"damage":33.0,"enemies":"4 Shapes","floor":44.0,"turns":7.0},{"damage":61,"enemies":"Reptomancer","floor":45,"turns":2}],"seed_played":"8103200439427341818","potions_obtained":[{"floor":5.0,"key":"LiquidBronze"},{"floor":14.0,"key":"Regen Potion"},{"floor":16.0,"key":"Energy Potion"},{"floor":27.0,"key":"Strength Potion"},{"floor":30.0,"key":"Energy Potion"},{"floor":33.0,"key":"Poison Potion"},{"floor":42.0,"key":"Regen Potion"}],"is_trial":false,"path_per_floor":["M","$","M","?","M","R","E","?","T","?","?","?","?","M","R","B",null,"M","$","?","?","$","R","E","M","T","M","?","R","M","?","R","B",null,"M","?","?","?","$","R","E","M","T","M","E"],"character_chosen":"DEFECT","items_purchased":["Storm","Loop","Ancient Tea Set","Self Repair","Leap"],"campfire_rested":1,"item_purchase_floors":[2,19,19,22,39],"current_hp_per_floor":[63,63,48,41,41,41,25,25,25,25,42,42,2,2,23,26,60,60,60,60,60,60,60,67,67,67,73,73,73,75,75,75,69,74,77,77,77,79,79,79,74,69,69,45,0],"gold":318,"neow_bonus":"ONE_RANDOM_RARE_CARD","is_prod":false,"is_daily":false,"chose_seed":false,"campfire_upgraded":5,"win_rate":0,"timestamp":1565833483,"path_taken":["M","$","?","?","M","R","E","?","T","?","?","?","?","M","R","BOSS","M","$","?","?","$","R","E","M","T","M","?","R","M","?","R","BOSS","M","?","?","?","$","R","E","M","T","M","E"],"build_version":"2019-07-17","purchased_purges":0,"victory":false,"max_hp_per_floor":[71,71,71,71,71,71,71,71,71,71,71,71,71,71,71,71,71,71,71,71,71,71,71,71,71,71,73,73,73,75,75,75,75,75,77,77,77,79,79,79,81,81,81,83,83],"card_choices":[{"not_picked":["Rebound","Chaos"],"picked":"Conserve Battery","floor":1.0},{"not_picked":["Stack","Leap"],"picked":"Glacier","floor":3.0},{"not_picked":["Streamline","Gash"],"picked":"Conserve Battery","floor":5.0},{"not_picked":["Sunder","Sweeping Beam","Rip and Tear"],"picked":"SKIP","floor":7.0},{"not_picked":["Redo","Double Energy"],"picked":"FTL","floor":13.0},{"not_picked":["Steam","Turbo","Consume"],"picked":"SKIP","floor":14.0},{"not_picked":["Hyperbeam","Reboot"],"picked":"Machine Learning","floor":16.0},{"not_picked":["Genetic Algorithm","Skim"],"picked":"Gash","floor":18.0},{"not_picked":["Chill","Buffer"],"picked":"Defragment","floor":24.0},{"not_picked":["Reinforced Body","Leap","Storm"],"picked":"FTL+1","floor":25.0},{"not_picked":["Hologram","Stack","Barrage","Sweeping Beam"],"picked":"Singing Bowl","floor":27.0},{"not_picked":["Darkness","Auto Shields","Undo+1","Coolheaded"],"picked":"Singing Bowl","floor":30.0},{"not_picked":["Core Surge","Rainbow","Reboot"],"picked":"Fission","floor":33.0},{"not_picked":["Streamline","Compile Driver+1","Conserve Battery","Cold Snap"],"picked":"Singing Bowl","floor":35.0},{"not_picked":["Rebound+1","Hologram+1","Sweeping Beam","Stack"],"picked":"Singing Bowl","floor":38.0},{"not_picked":["Rip and Tear","Genetic Algorithm","Core Surge","Hologram"],"picked":"Singing Bowl","floor":41.0},{"not_picked":["Heatsinks","Recycle","Lockon"],"picked":"Static Discharge","floor":42.0},{"not_picked":["Stack","Steam","Redo","Beam Cell+1"],"picked":"Singing Bowl","floor":44.0}],"player_experience":1026374,"relics_obtained":[{"floor":7.0,"key":"Juzu Bracelet"},{"floor":9.0,"key":"Smiling Mask"},{"floor":13.0,"key":"Gambling Chip"},{"floor":24.0,"key":"Question Card"},{"floor":26.0,"key":"Singing Bowl"},{"floor":38.0,"key":"Ginger"},{"floor":41.0,"key":"Unceasing Top"}],"event_choices":[{"cards_removed":["Defend_B"],"damage_healed":0.0,"max_hp_gain":0.0,"max_hp_loss":0.0,"gold_gain":0.0,"event_name":"Golden Wing","player_choice":"Card Removal","floor":4.0,"gold_loss":0.0,"damage_taken":7.0},{"damage_healed":0.0,"max_hp_gain":0.0,"max_hp_loss":0.0,"gold_gain":50.0,"event_name":"Golden Shrine","player_choice":"Pray","floor":8.0,"gold_loss":0.0,"damage_taken":0.0},{"damage_healed":0.0,"max_hp_gain":0.0,"max_hp_loss":0.0,"gold_gain":0.0,"event_name":"Living Wall","player_choice":"Grow","floor":10.0,"gold_loss":0.0,"damage_taken":0.0,"cards_upgraded":["Glacier"]},{"damage_healed":17.0,"max_hp_gain":0.0,"max_hp_loss":0.0,"gold_gain":0.0,"event_name":"The Cleric","player_choice":"Healed","floor":11.0,"gold_loss":35.0,"damage_taken":0.0},{"damage_healed":0.0,"max_hp_gain":0.0,"max_hp_loss":0.0,"gold_gain":0.0,"cards_transformed":["Defend_B"],"event_name":"Transmorgrifier","player_choice":"Transformed","floor":12.0,"gold_loss":0.0,"damage_taken":0.0,"cards_obtained":["Rip and Tear"]},{"damage_healed":0.0,"max_hp_gain":0.0,"max_hp_loss":0.0,"gold_gain":0.0,"event_name":"Dead Adventurer","player_choice":"Searched \u00271\u0027 times","floor":13.0,"gold_loss":0.0,"damage_taken":0.0},{"damage_healed":0.0,"max_hp_gain":0.0,"max_hp_loss":0.0,"gold_gain":50.0,"event_name":"Nest","player_choice":"Stole From Cult","floor":20.0,"gold_loss":0.0,"damage_taken":0.0},{"damage_healed":0.0,"max_hp_gain":0.0,"max_hp_loss":0.0,"gold_gain":0.0,"event_name":"The Library","player_choice":"Read","floor":21.0,"gold_loss":0.0,"damage_taken":0.0,"cards_obtained":["White Noise"]},{"damage_healed":0.0,"max_hp_gain":0.0,"max_hp_loss":0.0,"gold_gain":0.0,"event_name":"The Mausoleum","player_choice":"Opened","floor":28.0,"gold_loss":0.0,"damage_taken":0.0,"relics_obtained":["Blue Candle"],"cards_obtained":["Writhe"]},{"cards_removed":["Writhe"],"damage_healed":0.0,"max_hp_gain":0.0,"max_hp_loss":0.0,"gold_gain":0.0,"event_name":"Beggar","player_choice":"Gave Gold","floor":31.0,"gold_loss":75.0,"damage_taken":0.0},{"damage_healed":0.0,"max_hp_gain":0.0,"max_hp_loss":0.0,"gold_gain":0.0,"event_name":"Tomb of Lord Red Mask","player_choice":"Ignored","floor":36.0,"gold_loss":0.0,"damage_taken":0.0},{"cards_removed":["FTL"],"damage_healed":0.0,"max_hp_gain":0.0,"max_hp_loss":0.0,"gold_gain":0.0,"event_name":"Falling","player_choice":"Removed Attack","floor":37.0,"gold_loss":0.0,"damage_taken":0.0},{"damage_healed":0.0,"max_hp_gain":0.0,"max_hp_loss":0.0,"gold_gain":0.0,"event_name":"MindBloom","player_choice":"Fight","floor":38.0,"gold_loss":0.0,"damage_taken":0.0}],"is_beta":false,"boss_relics":[{"not_picked":["Empty Cage","Cursed Key"],"picked":"Pandora\u0027s Box"},{"not_picked":["Snecko Eye","Nuclear Battery"],"picked":"Coffee Dripper"}],"items_purged_floors":[],"is_endless":false,"potions_floor_spawned":[5,14,16,27,30,33,35,42],"killed_by":"Reptomancer","ascension_level":19}