{"gold_per_floor":[110,127,127,0,17,50,66,66,66,92,167,13,369,383,383,479,479,494,509,50,50,50,84,84],"floor_reached":24,"playtime":2839,"items_purged":[],"score":224,"play_id":"6b5bec5d-ed05-4ef0-9f33-1224c28f831e","local_time":"20190721104115","is_ascension_mode":false,"campfire_choices":[{"floor":8.0,"key":"REST"},{"floor":15.0,"key":"REST"}],"neow_cost":"NONE","seed_source_timestamp":3681345343011,"circlet_count":0,"master_deck":["Strike_G","Strike_G","Strike_G","Strike_G","Strike_G","Defend_G","Defend_G","Defend_G","Defend_G","Defend_G","Survivor","Neutralize","Blur","Backflip","Caltrops","Backflip","Deflect","Caltrops","Deflect","A Thousand Cuts","Magnetism","Noxious Fumes","PiercingWail","Burst","Deflect+1","Choke+1","Noxious Fumes","Backflip","Well Laid Plans","Accuracy","Accuracy","Quick Slash+1"],"special_seed":0,"relics":["Ring of the Snake","Darkstone Periapt","Molten Egg 2","The Courier","Old Coin","Busted Crown","Mummified Hand","Centennial Puzzle"],"potions_floor_usage":[],"damage_taken":[{"damage":0.0,"enemies":"2 Louse","floor":1.0,"turns":4.0},{"damage":0.0,"enemies":"Small Slimes","floor":2.0,"turns":5.0},{"damage":0.0,"enemies":"Jaw Worm","floor":5.0,"turns":7.0},{"damage":35.0,"enemies":"Lagavulin","floor":6.0,"turns":14.0},{"damage":0.0,"enemies":"Blue Slaver","floor":7.0,"turns":4.0},{"damage":22.0,"enemies":"3 Sentries","floor":10.0,"turns":11.0},{"damage":40.0,"enemies":"Lagavulin Event","floor":13.0,"turns":9.0},{"damage":5.0,"enemies":"3 Louse","floor":14.0,"turns":4.0},{"damage":11.0,"enemies":"Hexaghost","floor":16.0,"turns":11.0},{"damage":16.0,"enemies":"3 Byrds","floor":18.0,"turns":2.0},{"damage":27.0,"enemies":"Chosen","floor":19.0,"turns":6.0},{"damage":29,"enemies":"Book of Stabbing","floor":23,"turns":6},{"damage":13,"enemies":"3 Cultists","floor":24,"turns":3}],"seed_played":"-4505951396464694565","potions_obtained":[{"floor":1.0,"key":"Regen Potion"},{"floor":2.0,"key":"Ancient Potion"},{"floor":6.0,"key":"Strength Potion"},{"floor":13.0,"key":"Poison Potion"},{"floor":23,"key":"Poison Potion"}],"is_trial":false,"path_per_floor":["M","M","?","$","M","E","M","R","T","E","?","$","?","M","R","B",null,"M","M","$","?","$","E","M"],"character_chosen":"THE_SILENT","items_purchased":["Caltrops","Backflip","Magnetism","Noxious Fumes","Backflip","Well Laid Plans","Mummified Hand","Accuracy","Accuracy"],"campfire_rested":2,"item_purchase_floors":[4,4,12,20,20,20,20,20,20],"current_hp_per_floor":[77,77,82,82,82,47,47,71,71,49,38,38,12,7,31,20,82,66,39,39,39,39,10,0],"gold":84,"neow_bonus":"TEN_PERCENT_HP_BONUS","is_prod":false,"is_daily":false,"chose_seed":false,"campfire_upgraded":0,"win_rate":0.0,"timestamp":1563698475,"path_taken":["M","M","?","$","M","E","M","R","T","E","?","$","?","M","R","BOSS","M","M","$","?","$","E","M"],"build_version":"2019-07-17","purchased_purges":0,"victory":false,"max_hp_per_floor":[77,77,82,82,82,82,82,82,82,82,82,82,82,82,82,82,82,82,82,82,82,82,82,82],"card_choices":[{"not_picked":["Dodge and Roll","Masterful Stab"],"picked":"Blur","floor":1.0},{"not_picked":["Blade Dance","Dagger Throw"],"picked":"Backflip","floor":2.0},{"not_picked":["Prepared","Acrobatics"],"picked":"Deflect","floor":5.0},{"not_picked":["Quick Slash","Deflect"],"picked":"Caltrops","floor":6.0},{"not_picked":["Poisoned Stab","Sucker Punch"],"picked":"Deflect","floor":7.0},{"not_picked":["Leg Sweep","Catalyst"],"picked":"A Thousand Cuts","floor":10.0},{"not_picked":["Deadly Poison","Sucker Punch+1"],"picked":"Noxious Fumes","floor":13.0},{"not_picked":["Outmaneuver","Cloak And Dagger"],"picked":"PiercingWail","floor":14.0},{"not_picked":["Unload+1","Glass Knife+1"],"picked":"Burst","floor":16.0},{"not_picked":[],"picked":"Deflect+1","floor":18.0},{"not_picked":[],"picked":"Choke+1","floor":19.0},{"not_picked":[],"picked":"Quick Slash+1","floor":23}],"player_experience":152372,"relics_obtained":[{"floor":6.0,"key":"Darkstone Periapt"},{"floor":9.0,"key":"Molten Egg 2"},{"floor":10.0,"key":"The Courier"},{"floor":13.0,"key":"Old Coin"},{"floor":23,"key":"Centennial Puzzle"}],"event_choices":[{"damage_healed":0.0,"max_hp_gain":5.0,"max_hp_loss":0.0,"gold_gain":0.0,"event_name":"Big Fish","player_choice":"Donut","floor":3.0,"gold_loss":0.0,"damage_taken":0.0},{"damage_healed":0.0,"max_hp_gain":0.0,"max_hp_loss":0.0,"gold_gain":75.0,"event_name":"World of Goop","player_choice":"Gather Gold","floor":11.0,"gold_loss":0.0,"damage_taken":11.0},{"damage_healed":0.0,"max_hp_gain":0.0,"max_hp_loss":0.0,"gold_gain":30.0,"event_name":"Dead Adventurer","player_choice":"Searched \u00272\u0027 times","floor":13.0,"gold_loss":0.0,"damage_taken":0.0},{"damage_healed":0.0,"max_hp_gain":0.0,"max_hp_loss":0.0,"gold_gain":0.0,"event_name":"Ghosts","player_choice":"Ignored","floor":21.0,"gold_loss":0.0,"damage_taken":0.0}],"is_beta":false,"boss_relics":[{"not_picked":["Runic Pyramid","Calling Bell"],"picked":"Busted Crown"}],"items_purged_floors":[],"is_endless":false,"potions_floor_spawned":[1,2,6,7,13,23],"killed_by":"3 Cultists","ascension_level":0}