{"gold_per_floor":[119,119,134,13,0,0,40,40,40,56,56,56,56,71,71,202,202,223,238,238,256,270,270,291,50,50,50,69,84,84,108,108,238,238,263,286,286,77,77,77],"floor_reached":40,"playtime":4583,"items_purged":["Strike_G","Strike_G"],"score":427,"play_id":"abc86c3a-c791-4565-9537-7e56f5939a68","local_time":"20180729192226","is_ascension_mode":true,"campfire_choices":[{"data":"Dodge and Roll","floor":6,"key":"SMITH"},{"floor":12,"key":"REST"},{"floor":15,"key":"REST"},{"data":"Defend_G","floor":23,"key":"SMITH"},{"floor":27,"key":"REST"},{"floor":32,"key":"REST"}],"neow_cost":"NONE","seed_source_timestamp":616090281632897,"circlet_count":0,"master_deck":["Defend_G+1","Defend_G+1","Defend_G+1","Defend_G","Defend_G","Strike_G+1","Strike_G","Strike_G","Survivor","Neutralize+1","Deadly Poison+1","Dodge and Roll+1","Deflect","Terror","Deadly Poison","Malaise","Deadly Poison","Deflect","Deflect+1","Prepared+1","Dagger Throw+1","PiercingWail","Backflip","Predator+1","Dagger Spray+1","Leg Sweep+1","Malaise","Glass Knife+1","Prepared","Dagger Throw+1","Secret Technique"],"relics":["Ring of the Snake","Golden Idol","Centennial Puzzle","Whetstone","Molten Egg 2","Cursed Key"],"potions_floor_usage":[16,16,21,21,24,33,40,40,40],"damage_taken":[{"damage":0,"enemies":"Jaw Worm","floor":1,"turns":4},{"damage":3,"enemies":"2 Louse","floor":3,"turns":3},{"damage":13,"enemies":"3 Sentries","floor":7,"turns":13},{"damage":0,"enemies":"Cultist","floor":10,"turns":3},{"damage":2,"enemies":"3 Louse","floor":14,"turns":5},{"damage":15,"enemies":"The Guardian","floor":16,"turns":11},{"damage":0,"enemies":"Spheric Guardian","floor":18,"turns":5},{"damage":0,"enemies":"Shell Parasite","floor":19,"turns":5},{"damage":29,"enemies":"3 Cultists","floor":21,"turns":8},{"damage":0,"enemies":"Centurion and Healer","floor":22,"turns":10},{"damage":32,"enemies":"Cultist and Chosen","floor":24,"turns":11},{"damage":7,"enemies":"Slaver and Parasite","floor":28,"turns":7},{"damage":1,"enemies":"Snake Plant","floor":29,"turns":5},{"damage":0,"enemies":"Cultist and Chosen","floor":31,"turns":8},{"damage":35,"enemies":"Collector","floor":33,"turns":12},{"damage":0,"enemies":"3 Shapes","floor":35,"turns":3},{"damage":1,"enemies":"Orb Walker","floor":36,"turns":4},{"damage":101,"enemies":"Giant Head","floor":40,"turns":11}],"seed_played":"-8487315401783240654","potions_obtained":[{"floor":10,"key":"LiquidBronze"},{"floor":14,"key":"Explosive Potion"},{"floor":16,"key":"AttackPotion"},{"floor":18,"key":"Explosive Potion"},{"floor":22,"key":"PowerPotion"},{"floor":29,"key":"Explosive Potion"},{"floor":33,"key":"Block Potion"},{"floor":35,"key":"SteroidPotion"},{"floor":39,"key":"Regen Potion"}],"is_trial":false,"path_per_floor":["M","?","M","$","?","R","E","$","T","M","?","R","?","M","R","B",null,"M","M","?","M","M","R","M","$","T","R","M","M","?","M","R","B",null,"M","M","?","$","?"],"character_chosen":"THE_SILENT","items_purchased":["Deflect","PiercingWail","Backflip","Predator+1","Secret Technique"],"campfire_rested":4,"item_purchase_floors":[4,25,25,25,38],"current_hp_per_floor":[70,53,50,50,50,50,37,37,37,37,34,55,41,39,60,45,70,70,70,70,41,41,41,9,9,9,30,23,22,45,45,66,31,70,70,69,69,69,69,0],"gold":77,"neow_bonus":"UPGRADE_CARD","is_prod":false,"is_daily":false,"chose_seed":false,"campfire_upgraded":2,"win_rate":0,"timestamp":1532863346,"path_taken":["M","?","M","$","?","R","E","$","T","M","?","R","?","M","R","BOSS","M","?","?","M","M","R","M","$","T","R","?","M","?","M","R","BOSS","M","M","?","$","?","E"],"build_version":"2018-07-26","purchased_purges":2,"victory":false,"max_hp_per_floor":[70,70,70,70,70,70,70,70,70,70,70,70,70,70,70,70,70,70,70,70,70,70,70,70,70,70,70,70,70,70,70,70,70,70,70,70,70,70,70,70],"card_choices":[{"not_picked":["Sucker Punch","Backstab"],"picked":"Deadly Poison","floor":1},{"not_picked":["Flying Knee","Escape Plan"],"picked":"Dodge and Roll","floor":3},{"not_picked":["Dodge and Roll","Flechettes","Outmaneuver"],"picked":"SKIP","floor":7},{"not_picked":["Reflex","Heel Hook"],"picked":"Terror","floor":10},{"not_picked":["Well Laid Plans","Escape Plan"],"picked":"Deadly Poison","floor":14},{"not_picked":["Night Terror","Bullet Time"],"picked":"Malaise","floor":16},{"not_picked":["Backflip+1","Caltrops+1"],"picked":"Deadly Poison","floor":18},{"not_picked":["Dagger Throw+1","Dash+1"],"picked":"Deflect","floor":19},{"not_picked":["Quick Slash+1","Skewer+1"],"picked":"Deflect+1","floor":21},{"not_picked":["After Image","Cloak And Dagger"],"picked":"Prepared+1","floor":22},{"not_picked":["Sucker Punch+1","Slice+1"],"picked":"Dagger Throw+1","floor":24},{"not_picked":["Expertise","Acrobatics"],"picked":"Dagger Spray+1","floor":28},{"not_picked":["All Out Attack+1","Deflect"],"picked":"Leg Sweep+1","floor":29},{"not_picked":["All Out Attack+1","Cloak And Dagger"],"picked":"Malaise","floor":31},{"not_picked":["Venomology","Die Die Die+1"],"picked":"Glass Knife+1","floor":33},{"not_picked":["Deflect","Flying Knee+1"],"picked":"Prepared","floor":35},{"not_picked":["Calculated Gamble+1","Eviscerate+1"],"picked":"Dagger Throw+1","floor":36}],"player_experience":73344,"relics_obtained":[{"floor":7,"key":"Centennial Puzzle"},{"floor":9,"key":"Whetstone"}],"event_choices":[{"event_name":"Golden Idol","player_choice":"Take Damage","floor":2,"damage_taken":0},{"event_name":"World of Goop","player_choice":"Left","floor":5,"damage_taken":0},{"event_name":"Scrap Ooze","player_choice":"success","floor":11,"damage_taken":3},{"event_name":"Shining Light","player_choice":"Entered Light","floor":13,"damage_taken":0},{"event_name":"The Mausoleum","player_choice":"No","floor":20,"damage_taken":0},{"event_name":"The Library","player_choice":"Heal","floor":30,"damage_taken":0},{"event_name":"Tomb of Lord Red Mask","player_choice":"Ignored","floor":37,"damage_taken":0},{"event_name":"The Lab","player_choice":"Got Potions","floor":39,"damage_taken":0}],"is_beta":false,"boss_relics":[{"not_picked":["Black Star","Fusion Hammer"],"picked":"Cursed Key"},{"not_picked":["Astrolabe","Runic Dome","Philosopher\u0027s Stone"]}],"items_purged_floors":[4,25],"is_endless":false,"potions_floor_spawned":[10,14,16,18,22,29,33,35],"killed_by":"Giant Head","ascension_level":2}