{"gold_per_floor":[117,117,130,4,20,50,50,50,50,50,79,79,79,94,94,166,166,180,199,114,128,128,128,128],"floor_reached":24,"playtime":1096,"items_purged":[],"score":377,"play_id":"f8c51fa7-93bd-4043-92f9-0431710c10b8","local_time":"20190726133704","is_ascension_mode":true,"campfire_choices":[{"data":"Crippling Poison","floor":8,"key":"SMITH"},{"floor":10,"key":"REST"},{"data":"Caltrops","floor":12,"key":"SMITH"},{"data":"Deadly Poison","floor":15,"key":"SMITH"},{"floor":23,"key":"REST"}],"neow_cost":"NONE","seed_source_timestamp":1184856316253815,"circlet_count":0,"master_deck":["AscendersBane","Strike_G","Strike_G","Strike_G","Strike_G","Strike_G","Defend_G","Defend_G","Defend_G","Defend_G","Survivor","Neutralize+1","Deadly Poison+1","Dash","Crippling Poison+1","All Out Attack","Caltrops+1","Well Laid Plans","Poisoned Stab","Doppelganger","Escape Plan","PiercingWail+1","Decay"],"relics":["Ring of the Snake","NeowsBlessing","Dead Branch","Bottled Tornado","Blood Vial","Black Star","Gremlin Horn"],"potions_floor_usage":[18,21],"damage_taken":[{"damage":0,"enemies":"2 Louse","floor":1,"turns":1},{"damage":0,"enemies":"Small Slimes","floor":3,"turns":1},{"damage":0,"enemies":"Jaw Worm","floor":5,"turns":1},{"damage":31,"enemies":"3 Sentries","floor":6,"turns":8},{"damage":4,"enemies":"Lagavulin","floor":11,"turns":5},{"damage":0,"enemies":"Exordium Thugs","floor":14,"turns":4},{"damage":30,"enemies":"Hexaghost","floor":16,"turns":9},{"damage":6,"enemies":"Shell Parasite","floor":18,"turns":4},{"damage":37,"enemies":"2 Thieves","floor":19,"turns":4},{"damage":5,"enemies":"Centurion and Healer","floor":21,"turns":7},{"damage":38,"enemies":"Gremlin Leader","floor":24,"turns":6}],"seed_played":"-2419543236684343165","potions_obtained":[{"floor":3,"key":"GhostInAJar"},{"floor":6,"key":"GhostInAJar"},{"floor":18,"key":"SteroidPotion"}],"is_trial":false,"path_per_floor":["M","?","M","$","M","E","?","R","T","R","E","R","?","M","R","B",null,"M","M","?","M","?","R","E"],"character_chosen":"THE_SILENT","items_purchased":["Crippling Poison","All Out Attack"],"campfire_rested":2,"item_purchase_floors":[4,4],"current_hp_per_floor":[59,52,52,52,52,21,21,21,21,40,36,36,36,38,38,10,52,48,13,13,10,10,29,0],"gold":128,"neow_bonus":"THREE_ENEMY_KILL","is_prod":false,"is_daily":false,"chose_seed":false,"campfire_upgraded":3,"win_rate":0,"timestamp":1564162624,"path_taken":["M","?","M","$","M","E","?","R","T","R","E","R","?","M","R","BOSS","M","M","?","M","?","R","E"],"build_version":"2019-07-17","purchased_purges":0,"victory":false,"max_hp_per_floor":[66,66,66,66,66,66,66,66,66,66,66,66,66,66,66,66,66,66,66,66,66,66,66,66],"card_choices":[{"not_picked":["Cloak And Dagger","Deflect"],"picked":"Deadly Poison","floor":1},{"not_picked":["Blade Dance","Backflip"],"picked":"Dash","floor":3},{"not_picked":["Underhanded Strike","Crippling Poison"],"picked":"Caltrops","floor":5},{"not_picked":["Catalyst","Flechettes"],"picked":"Well Laid Plans","floor":6},{"not_picked":["Underhanded Strike","Flechettes"],"picked":"Poisoned Stab","floor":11},{"not_picked":["Acrobatics","Deflect","Sucker Punch"],"picked":"SKIP","floor":14},{"not_picked":["Phantasmal Killer","Grand Finale"],"picked":"Doppelganger","floor":16},{"not_picked":["Flechettes","Setup+1","Quick Slash"],"picked":"SKIP","floor":18},{"not_picked":["Bane","Riddle With Holes"],"picked":"Escape Plan","floor":19},{"not_picked":["Caltrops","Flying Knee"],"picked":"PiercingWail+1","floor":21}],"player_experience":944971,"relics_obtained":[{"floor":6,"key":"Dead Branch"},{"floor":9,"key":"Bottled Tornado"},{"floor":11,"key":"Blood Vial"}],"event_choices":[{"cards_removed":["Defend_G"],"damage_healed":0,"gold_gain":0,"player_choice":"Card Removal","damage_taken":7,"max_hp_gain":0,"max_hp_loss":0,"event_name":"Golden Wing","floor":2,"gold_loss":0},{"damage_healed":0,"gold_gain":0,"player_choice":"Fled","damage_taken":0,"max_hp_gain":0,"max_hp_loss":0,"event_name":"Scrap Ooze","floor":7,"gold_loss":0},{"damage_healed":0,"gold_gain":0,"player_choice":"Grow","damage_taken":0,"max_hp_gain":0,"max_hp_loss":0,"event_name":"Living Wall","floor":13,"gold_loss":0,"cards_upgraded":["Neutralize"]},{"damage_healed":0,"gold_gain":0,"player_choice":"Obtained Relic","damage_taken":0,"relics_obtained":["Gremlin Horn"],"max_hp_gain":0,"max_hp_loss":0,"event_name":"Addict","floor":20,"gold_loss":85},{"damage_healed":0,"gold_gain":0,"player_choice":"Smashed Altar","damage_taken":0,"max_hp_gain":0,"max_hp_loss":0,"event_name":"Forgotten Altar","floor":22,"gold_loss":0,"cards_obtained":["Decay"]}],"is_beta":false,"boss_relics":[{"not_picked":["Eternal Feather","Cursed Key"],"picked":"Black Star"}],"items_purged_floors":[],"is_endless":false,"potions_floor_spawned":[3,6,11,18],"killed_by":"Gremlin Leader","ascension_level":17}