{"gold_per_floor":[110,60,60,60,60,60,11,39,39,49,66,101,101,119,119,216,216,232,242,259,276,291,617,617,633,633,732,39,65,65,83,83,186,186,202,68,68,79,27,52,63,63,118,137,0,0,0,13,13,13],"floor_reached":51,"playtime":2793,"items_purged":["Strike_B","Defend_B"],"score":802,"play_id":"afdf136d-4bd5-43de-8600-c021aa229dc3","local_time":"20190104204307","is_ascension_mode":false,"campfire_choices":[{"data":"Zap","floor":6,"key":"SMITH"},{"data":"Genetic Algorithm","floor":13,"key":"SMITH"},{"data":"Conserve Battery","floor":15,"key":"SMITH"},{"data":"Electrodynamics","floor":24,"key":"SMITH"},{"data":"Storm","floor":30,"key":"SMITH"},{"data":"Static Discharge","floor":32,"key":"SMITH"},{"floor":42,"key":"REST"},{"data":"Static Discharge","floor":46,"key":"SMITH"},{"floor":49,"key":"REST"}],"neow_cost":"NONE","seed_source_timestamp":2592882671118062,"circlet_count":0,"master_deck":["Defend_B","Defend_B","Defend_B","Zap+1","Dualcast","Ball Lightning","Conserve Battery+1","Genetic Algorithm+1","Coolheaded","Tempest","Electrodynamics+1","Skim","Beam Cell","Storm+1","Capacitor+1","BootSequence+1","BootSequence+1","Storm+1","Static Discharge+1","Leap","Static Discharge+1","Ball Lightning","Chill","Parasite","Hello World+1","Machine Learning"],"relics":["Cracked Core","NeowsBlessing","Letter Opener","Thread and Needle","Ancient Tea Set","Empty Cage","Old Coin","Bottled Tornado","Mummified Hand","FossilizedHelix","Mercury Hourglass","Lizard Tail","Unceasing Top","Vajra","Red Mask","Bottled Flame"],"potions_floor_usage":[16,22,22,23,40,40,50],"damage_taken":[{"damage":0,"enemies":"Small Slimes","floor":1,"turns":1},{"damage":0,"enemies":"3 Sentries","floor":8,"turns":1},{"damage":0,"enemies":"2 Louse","floor":10,"turns":1},{"damage":0,"enemies":"Jaw Worm","floor":11,"turns":3},{"damage":10,"enemies":"Lagavulin","floor":12,"turns":6},{"damage":0,"enemies":"Blue Slaver","floor":14,"turns":3},{"damage":25,"enemies":"Hexaghost","floor":16,"turns":10},{"damage":10,"enemies":"Spheric Guardian","floor":18,"turns":4},{"damage":0,"enemies":"3 Byrds","floor":19,"turns":3},{"damage":0,"enemies":"3 Cultists","floor":20,"turns":3},{"damage":0,"enemies":"Sentry and Sphere","floor":21,"turns":3},{"damage":0,"enemies":"Centurion and Healer","floor":22,"turns":5},{"damage":10,"enemies":"Gremlin Leader","floor":23,"turns":6},{"damage":5,"enemies":"Snake Plant","floor":25,"turns":4},{"damage":15,"enemies":"Book of Stabbing","floor":29,"turns":5},{"damage":0,"enemies":"Shelled Parasite and Fungi","floor":31,"turns":3},{"damage":1,"enemies":"Collector","floor":33,"turns":8},{"damage":0,"enemies":"3 Darklings","floor":35,"turns":2},{"damage":0,"enemies":"Orb Walker","floor":38,"turns":3},{"damage":64,"enemies":"Giant Head","floor":40,"turns":9},{"damage":0,"enemies":"Sphere and 2 Shapes","floor":41,"turns":2},{"damage":0,"enemies":"Writhing Mass","floor":44,"turns":5},{"damage":0,"enemies":"3 Darklings","floor":48,"turns":1},{"damage":0,"enemies":"Donu and Deca","floor":50,"turns":4}],"seed_played":"-166578538781223042","potions_obtained":[{"floor":1,"key":"Energy Potion"},{"floor":12,"key":"EssenceOfSteel"},{"floor":14,"key":"SkillPotion"},{"floor":18,"key":"SpeedPotion"},{"floor":21,"key":"Fruit Juice"},{"floor":29,"key":"FocusPotion"},{"floor":31,"key":"Swift Potion"},{"floor":41,"key":"PowerPotion"},{"floor":48,"key":"Explosive Potion"}],"is_trial":false,"path_per_floor":["M","?","?","$","?","R","$","E","T","M","M","E","R","M","R","B",null,"M","M","M","M","M","E","R","M","T","?","$","E","R","M","R","B",null,"M","$","?","M","$","E","M","R","T","M","?","R","T","M","R","B",null],"character_chosen":"DEFECT","items_purchased":["Ball Lightning","Storm","Mummified Hand","FossilizedHelix","Static Discharge","Ball Lightning"],"campfire_rested":2,"item_purchase_floors":[7,28,28,28,36,39],"current_hp_per_floor":[75,75,75,75,75,75,75,75,75,75,75,65,65,65,65,40,75,65,65,65,65,70,60,60,55,55,55,55,40,40,40,40,39,80,80,80,80,80,80,16,16,40,40,40,40,40,40,40,64,64],"gold":13,"neow_bonus":"THREE_ENEMY_KILL","is_prod":false,"is_daily":false,"chose_seed":false,"campfire_upgraded":7,"win_rate":0.0,"timestamp":1546652587,"path_taken":["M","?","?","$","?","R","?","E","T","?","M","E","R","M","R","BOSS","M","M","M","M","M","E","R","M","T","?","$","E","R","M","R","BOSS","M","$","?","M","$","E","M","R","T","M","?","R","?","M","R","BOSS"],"build_version":"2019-01-03v3","purchased_purges":2,"victory":true,"max_hp_per_floor":[75,75,75,75,75,75,75,75,75,75,75,75,75,75,75,75,75,75,75,75,75,80,80,80,80,80,80,80,80,80,80,80,80,80,80,80,80,80,80,80,80,80,80,80,80,80,80,80,80,80],"card_choices":[{"not_picked":["Leap","Steam","Aggregate"],"picked":"SKIP","floor":1},{"not_picked":["Force Field","Melter"],"picked":"Conserve Battery","floor":8},{"not_picked":["Force Field","White Noise"],"picked":"Genetic Algorithm","floor":10},{"not_picked":["Cold Snap","Go for the Eyes"],"picked":"Coolheaded","floor":11},{"not_picked":["Leap","Compile Driver"],"picked":"Tempest","floor":12},{"not_picked":["Barrage","Reinforced Body","Coolheaded"],"picked":"SKIP","floor":14},{"not_picked":["All For One","Seek"],"picked":"Electrodynamics","floor":16},{"not_picked":["Streamline","Aggregate+1","Go for the Eyes"],"picked":"SKIP","floor":18},{"not_picked":["Hologram","Glacier"],"picked":"Skim","floor":19},{"not_picked":["Hologram","Cold Snap+1","Hello World"],"picked":"SKIP","floor":20},{"not_picked":["Reinforced Body","Blizzard"],"picked":"Beam Cell","floor":21},{"not_picked":["Machine Learning","Double Energy"],"picked":"Storm+1","floor":22},{"not_picked":["Coolheaded","Leap"],"picked":"Capacitor+1","floor":23},{"not_picked":["Hologram","Sweeping Beam"],"picked":"BootSequence+1","floor":25},{"not_picked":["Hologram","Sweeping Beam"],"picked":"BootSequence+1","floor":25},{"not_picked":["Sweeping Beam+1","Hologram"],"picked":"Static Discharge","floor":29},{"not_picked":["Steam+1","Blizzard","Beam Cell"],"picked":"SKIP","floor":31},{"not_picked":["Gash","Streamline+1"],"picked":"Leap","floor":35},{"not_picked":["Steam","Hologram","Glacier+1"],"picked":"SKIP","floor":38},{"not_picked":["Streamline+1","Rainbow"],"picked":"Chill","floor":40},{"not_picked":["Glacier","Conserve Battery","Aggregate"],"picked":"SKIP","floor":41},{"not_picked":["Steam+1","Ball Lightning+1"],"picked":"Hello World+1","floor":44},{"not_picked":["Conserve Battery","Compile Driver"],"picked":"Machine Learning","floor":48}],"player_experience":24719,"relics_obtained":[{"floor":8,"key":"Letter Opener"},{"floor":9,"key":"Thread and Needle"},{"floor":12,"key":"Ancient Tea Set"},{"floor":23,"key":"Old Coin"},{"floor":26,"key":"Bottled Tornado"},{"floor":29,"key":"Mercury Hourglass"},{"floor":40,"key":"Unceasing Top"},{"floor":43,"key":"Vajra"},{"floor":47,"key":"Bottled Flame"}],"event_choices":[{"cards_removed":["Strike_B"],"damage_healed":0,"gold_gain":0,"player_choice":"Card Removal","damage_taken":0,"max_hp_gain":0,"max_hp_loss":0,"event_name":"The Cleric","floor":2,"gold_loss":50},{"damage_healed":0,"gold_gain":0,"player_choice":"Ignored","damage_taken":0,"max_hp_gain":0,"max_hp_loss":0,"event_name":"Shining Light","floor":3,"gold_loss":0},{"damage_healed":0,"gold_gain":0,"player_choice":"Ignored","damage_taken":0,"max_hp_gain":0,"max_hp_loss":0,"event_name":"Liars Game","floor":5,"gold_loss":0},{"damage_healed":0,"gold_gain":99,"player_choice":"Stole From Cult","damage_taken":0,"max_hp_gain":0,"max_hp_loss":0,"event_name":"Nest","floor":27,"gold_loss":0},{"damage_healed":0,"gold_gain":0,"player_choice":"Memory 1","damage_taken":0,"max_hp_gain":0,"max_hp_loss":0,"event_name":"SensoryStone","floor":37,"gold_loss":0},{"damage_healed":0,"gold_gain":0,"player_choice":"Paid","damage_taken":0,"relics_obtained":["Red Mask"],"max_hp_gain":0,"max_hp_loss":0,"event_name":"Tomb of Lord Red Mask","floor":45,"gold_loss":137}],"is_beta":false,"boss_relics":[{"not_picked":["Nuclear Battery","Busted Crown"],"picked":"Empty Cage"},{"not_picked":["White Beast Statue","Snecko Eye"],"picked":"Lizard Tail"}],"items_purged_floors":[28,36],"is_endless":false,"potions_floor_spawned":[1,12,14,18,21,29,31,41,48],"ascension_level":0}