{"gold_per_floor":[112,13,28,45,57,90,90,115,196,229,258,258,258,278,278,355,355,375,22,0,20,20,55,55,74,74,74,90,90],"floor_reached":29,"playtime":1760,"items_purged":[],"score":562,"play_id":"85f693e3-837b-44cf-a2d4-fa8c02b6e9a2","local_time":"20190731165506","is_ascension_mode":true,"campfire_choices":[{"floor":7.0,"key":"REST"},{"floor":13.0,"key":"REST"},{"data":"Cloak And Dagger","floor":15.0,"key":"SMITH"},{"floor":24.0,"key":"REST"},{"floor":27.0,"key":"REST"}],"neow_cost":"NONE","seed_source_timestamp":1627661633740126,"circlet_count":0,"master_deck":["AscendersBane","Survivor","Neutralize","Dagger Spray","Noxious Fumes","Cloak And Dagger+1","Sucker Punch","Cloak And Dagger+1","Bane","A Thousand Cuts+1","All Out Attack","Sucker Punch","Crippling Poison","Crippling Poison","Poisoned Stab","Tools of the Trade","Tactician","All Out Attack","Wraith Form v2","Flechettes","Phantasmal Killer","Underhanded Strike","Masterful Stab","Corpse Explosion","Dodge and Roll","Underhanded Strike","Dodge and Roll","Leg Sweep","Cloak And Dagger","Cloak And Dagger","Bite","Bite","Bite","Bite","Bite","Cloak And Dagger"],"special_seed":0,"relics":["Ring of the Snake","NeowsBlessing","Dream Catcher","Dead Branch","Gremlin Horn","War Paint","Odd Mushroom","Pandora\u0027s Box","Lee\u0027s Waffle","Ninja Scroll","Happy Flower"],"potions_floor_usage":[],"damage_taken":[{"damage":0.0,"enemies":"Cultist","floor":1.0,"turns":1.0},{"damage":0.0,"enemies":"2 Louse","floor":3.0,"turns":1.0},{"damage":0.0,"enemies":"Small Slimes","floor":4.0,"turns":2.0},{"damage":1.0,"enemies":"3 Louse","floor":5.0,"turns":4.0},{"damage":25.0,"enemies":"Lagavulin","floor":6.0,"turns":9.0},{"damage":22.0,"enemies":"3 Sentries","floor":8.0,"turns":6.0},{"damage":28.0,"enemies":"Gremlin Nob","floor":10.0,"turns":4.0},{"damage":0.0,"enemies":"The Mushroom Lair","floor":11.0,"turns":2.0},{"damage":9.0,"enemies":"Exordium Wildlife","floor":14.0,"turns":3.0},{"damage":25.0,"enemies":"Slime Boss","floor":16.0,"turns":8.0},{"damage":21.0,"enemies":"Spheric Guardian","floor":18.0,"turns":4.0},{"damage":20.0,"enemies":"3 Byrds","floor":21.0,"turns":5.0},{"damage":44.0,"enemies":"Book of Stabbing","floor":23.0,"turns":6.0},{"damage":21.0,"enemies":"Snake Plant","floor":25.0,"turns":6.0},{"damage":6,"enemies":"Centurion and Healer","floor":28,"turns":4},{"damage":24,"enemies":"Chosen and Byrds","floor":29,"turns":3}],"seed_played":"2791720192948236608","potions_obtained":[{"floor":3.0,"key":"Regen Potion"},{"floor":5.0,"key":"SkillPotion"},{"floor":8.0,"key":"SpeedPotion"},{"floor":16.0,"key":"LiquidBronze"},{"floor":21.0,"key":"LiquidBronze"}],"is_trial":false,"path_per_floor":["M","$","M","M","M","E","R","E","T","E","?","?","R","M","R","B",null,"M","$","?","M","?","E","R","M","T","R","M","M"],"character_chosen":"THE_SILENT","items_purchased":["Noxious Fumes","Cloak And Dagger","Leg Sweep","Cloak And Dagger","Lee\u0027s Waffle"],"campfire_rested":4,"item_purchase_floors":[2,2,19,19,19],"current_hp_per_floor":[59,59,59,59,58,33,52,30,30,16,16,16,35,26,26,1,50,29,73,73,53,51,9,24,11,11,26,20,0],"gold":90,"neow_bonus":"THREE_ENEMY_KILL","is_prod":false,"is_daily":false,"chose_seed":false,"campfire_upgraded":1,"win_rate":0,"timestamp":1564606506,"path_taken":["M","$","?","M","?","E","R","E","T","E","?","?","R","M","R","BOSS","M","$","?","M","?","E","R","M","T","R","M","M"],"build_version":"2019-07-17","purchased_purges":0,"victory":false,"max_hp_per_floor":[66,66,66,66,66,66,66,66,66,66,66,66,66,66,66,66,66,66,73,73,73,51,51,51,51,51,51,51,51],"card_choices":[{"not_picked":["Escape Plan","Prepared"],"picked":"Dagger Spray","floor":1.0},{"not_picked":["Slice","Heel Hook"],"picked":"Sucker Punch","floor":3.0},{"not_picked":["Underhanded Strike","Slice"],"picked":"Cloak And Dagger","floor":4.0},{"not_picked":["Outmaneuver","Footwork","PiercingWail"],"picked":"SKIP","floor":5.0},{"not_picked":["Underhanded Strike","Escape Plan"],"picked":"Bane","floor":6.0},{"not_picked":["Choke","Flying Knee"],"picked":"A Thousand Cuts","floor":7.0},{"not_picked":["Calculated Gamble","Leg Sweep"],"picked":"All Out Attack","floor":8.0},{"not_picked":["PiercingWail","Caltrops"],"picked":"Sucker Punch","floor":10.0},{"not_picked":["Underhanded Strike","Quick Slash"],"picked":"Crippling Poison","floor":11.0},{"not_picked":["Predator","Bane"],"picked":"Crippling Poison","floor":13.0},{"not_picked":["Crippling Poison","Dodge and Roll"],"picked":"Poisoned Stab","floor":14.0},{"not_picked":["Unload","Glass Knife"],"picked":"Tools of the Trade","floor":16.0},{"not_picked":["All Out Attack","Quick Slash"],"picked":"Dodge and Roll","floor":18.0},{"not_picked":["Expertise","Skewer"],"picked":"Cloak And Dagger","floor":21.0},{"not_picked":["Dagger Spray","Crippling Poison","All Out Attack"],"picked":"SKIP","floor":23.0},{"not_picked":["Terror","Endless Agony"],"picked":"Cloak And Dagger","floor":24.0},{"not_picked":["Terror","Dodge and Roll","Predator"],"picked":"SKIP","floor":25.0},{"not_picked":["Endless Agony","Bane","Wraith Form v2"],"picked":"SKIP","floor":28}],"player_experience":965375,"relics_obtained":[{"floor":6.0,"key":"Dream Catcher"},{"floor":8.0,"key":"Dead Branch"},{"floor":9.0,"key":"Gremlin Horn"},{"floor":10.0,"key":"War Paint"},{"floor":11.0,"key":"Odd Mushroom"},{"floor":23.0,"key":"Ninja Scroll"},{"floor":26.0,"key":"Happy Flower"}],"event_choices":[{"damage_healed":0.0,"max_hp_gain":0.0,"max_hp_loss":0.0,"gold_gain":0.0,"event_name":"Mushrooms","player_choice":"Fought Mushrooms","floor":11.0,"gold_loss":0.0,"damage_taken":0.0},{"damage_healed":0.0,"max_hp_gain":0.0,"max_hp_loss":0.0,"gold_gain":0.0,"event_name":"Living Wall","player_choice":"Grow","floor":12.0,"gold_loss":0.0,"damage_taken":0.0,"cards_upgraded":["A Thousand Cuts"]},{"damage_healed":0.0,"max_hp_gain":0.0,"max_hp_loss":0.0,"gold_gain":0.0,"event_name":"Masked Bandits","player_choice":"Paid Fearfully","floor":20.0,"gold_loss":22.0,"damage_taken":0.0},{"damage_healed":0.0,"max_hp_gain":0.0,"max_hp_loss":22.0,"gold_gain":0.0,"event_name":"Vampires","player_choice":"Became a vampire","floor":22.0,"gold_loss":0.0,"damage_taken":0.0,"cards_obtained":["Bite","Bite","Bite","Bite","Bite"]}],"is_beta":false,"boss_relics":[{"not_picked":["Astrolabe","Runic Pyramid"],"picked":"Pandora\u0027s Box"}],"items_purged_floors":[],"is_endless":false,"potions_floor_spawned":[3,5,8,16,21],"killed_by":"Chosen and Byrds","ascension_level":17}