{"gold_per_floor":[99,0,0,0,0,0,0,15,15,35,35,35,47,59,59,154,154,171,15,34,34,47,47,58,24,47,47],"floor_reached":27,"playtime":2465,"items_purged":[],"score":205,"play_id":"1224130e-8a8c-4a68-8c56-2c896df8fb0c","local_time":"20190710075505","is_ascension_mode":false,"campfire_choices":[{"floor":6,"key":"REST"},{"floor":12,"key":"REST"},{"data":"1","floor":15,"key":"LIFT"},{"floor":23,"key":"REST"}],"neow_cost":"NONE","seed_source_timestamp":3453710579166,"circlet_count":0,"master_deck":["Strike_G","Strike_G","Strike_G","Strike_G","Strike_G+1","Defend_G","Defend_G","Defend_G","Defend_G","Defend_G","Survivor","Neutralize+1","Deflect","Terror","Flying Knee","Blade Dance","Bouncing Flask","Caltrops","Backflip","Backflip","Malaise","Quick Slash","Caltrops","Heel Hook","Noxious Fumes","Infinite Blades+1","Deflect","Infinite Blades"],"relics":["Ring of the Snake","Lantern","Girya","Philosopher\u0027s Stone","Anchor"],"potions_floor_usage":[],"damage_taken":[{"damage":6,"enemies":"2 Louse","floor":1,"turns":3},{"damage":0,"enemies":"Small Slimes","floor":4,"turns":3},{"damage":2,"enemies":"Jaw Worm","floor":8,"turns":3},{"damage":5,"enemies":"Red Slaver","floor":10,"turns":5},{"damage":10,"enemies":"Exordium Thugs","floor":13,"turns":4},{"damage":0,"enemies":"Looter","floor":14,"turns":3},{"damage":29,"enemies":"Hexaghost","floor":16,"turns":9},{"damage":26,"enemies":"Spheric Guardian","floor":18,"turns":5},{"damage":14,"enemies":"Shell Parasite","floor":20,"turns":4},{"damage":7,"enemies":"Centurion and Healer","floor":22,"turns":8},{"damage":35,"enemies":"Cultist and Chosen","floor":24,"turns":6},{"damage":19,"enemies":"Shelled Parasite and Fungi","floor":27,"turns":3}],"seed_played":"-5388487042587312812","potions_obtained":[{"floor":10,"key":"GamblersBrew"},{"floor":14,"key":"Dexterity Potion"},{"floor":18,"key":"PowerPotion"},{"floor":22,"key":"Fruit Juice"}],"is_trial":false,"path_per_floor":["M","$","?","M","?","R","$","M","T","M","$","R","M","M","R","B",null,"M","$","M","?","M","R","M","$","T","M"],"character_chosen":"THE_SILENT","items_purchased":["Terror","Flying Knee","Caltrops","Heel Hook","Infinite Blades"],"campfire_rested":3,"item_purchase_floors":[2,2,19,19,25],"current_hp_per_floor":[71,71,38,38,23,46,46,44,44,39,39,62,52,52,52,23,77,51,51,37,37,30,53,18,18,18,0],"gold":47,"neow_bonus":"TEN_PERCENT_HP_BONUS","is_prod":false,"is_daily":false,"chose_seed":false,"campfire_upgraded":0,"win_rate":0.0,"timestamp":1562738105,"path_taken":["M","$","?","M","?","R","?","M","T","M","$","R","M","M","R","BOSS","M","$","M","?","M","R","M","?","T","M"],"build_version":"2019-07-05","purchased_purges":0,"victory":false,"max_hp_per_floor":[77,77,77,77,77,77,77,77,77,77,77,77,77,77,77,77,77,77,77,77,77,77,77,77,77,77,77],"card_choices":[{"not_picked":["Sucker Punch","Outmaneuver"],"picked":"Deflect","floor":1},{"not_picked":["Outmaneuver","Finisher"],"picked":"Blade Dance","floor":4},{"not_picked":["Choke","Deadly Poison"],"picked":"Bouncing Flask","floor":8},{"not_picked":["Dagger Throw","Deadly Poison"],"picked":"Caltrops","floor":10},{"not_picked":["Underhanded Strike","Flying Knee"],"picked":"Backflip","floor":13},{"not_picked":["Prepared","Dodge and Roll"],"picked":"Backflip","floor":14},{"not_picked":["A Thousand Cuts","Tools of the Trade"],"picked":"Malaise","floor":16},{"not_picked":["Eviscerate","PiercingWail"],"picked":"Quick Slash","floor":18},{"not_picked":["Leg Sweep","Escape Plan+1"],"picked":"Noxious Fumes","floor":20},{"not_picked":["Underhanded Strike","Poisoned Stab"],"picked":"Infinite Blades+1","floor":22},{"not_picked":["Slice","Prepared"],"picked":"Deflect","floor":24}],"player_experience":33993,"relics_obtained":[{"floor":9,"key":"Girya"},{"floor":26,"key":"Anchor"}],"event_choices":[{"damage_healed":0,"gold_gain":0,"player_choice":"Success","damage_taken":33,"relics_obtained":["Lantern"],"max_hp_gain":0,"max_hp_loss":0,"event_name":"Scrap Ooze","floor":3,"gold_loss":0},{"damage_healed":0,"gold_gain":0,"player_choice":"Entered Light","damage_taken":15,"max_hp_gain":0,"max_hp_loss":0,"event_name":"Shining Light","floor":5,"gold_loss":0,"cards_upgraded":["Neutralize","Strike_G"]},{"damage_healed":0,"gold_gain":0,"player_choice":"Ignored","damage_taken":0,"max_hp_gain":0,"max_hp_loss":0,"event_name":"Vampires","floor":21,"gold_loss":0}],"is_beta":false,"boss_relics":[{"not_picked":["Coffee Dripper","Calling Bell"],"picked":"Philosopher\u0027s Stone"}],"items_purged_floors":[],"is_endless":false,"potions_floor_spawned":[10,14,18,22],"killed_by":"Shelled Parasite and Fungi","ascension_level":0}