{"gold_per_floor":[115,115,126,126,126,159,159,184,260,260],"floor_reached":10,"playtime":440,"items_purged":[],"score":78,"play_id":"336ffd2a-cbc8-49a7-9954-a0c9c90fc644","local_time":"20190107153744","is_ascension_mode":true,"campfire_choices":[{"data":"Dualcast","floor":7,"key":"SMITH"}],"neow_cost":"NONE","seed_source_timestamp":2836136865702033,"circlet_count":0,"master_deck":["Strike_B","Strike_B","Strike_B","Strike_B","Defend_B","Defend_B","Defend_B","Zap+1","Dualcast+1","Coolheaded","Scrape","Heatsinks"],"relics":["Cracked Core","Dream Catcher","Shuriken","Pantograph","Calipers","Mercury Hourglass"],"potions_floor_usage":[10],"damage_taken":[{"damage":0,"enemies":"Cultist","floor":1,"turns":4},{"damage":1,"enemies":"Jaw Worm","floor":3,"turns":3},{"damage":27,"enemies":"Lagavulin","floor":6,"turns":7},{"damage":22,"enemies":"3 Sentries","floor":8,"turns":8},{"damage":32,"enemies":"Gremlin Nob","floor":10,"turns":4}],"seed_played":"-7209078341836998758","potions_obtained":[{"floor":6,"key":"Block Potion"}],"is_trial":false,"path_per_floor":["M","?","M","T","?","E","R","E","T","E"],"character_chosen":"DEFECT","items_purchased":[],"campfire_rested":0,"item_purchase_floors":[],"current_hp_per_floor":[75,75,74,74,67,40,40,18,18,0],"gold":260,"neow_bonus":"RANDOM_COMMON_RELIC","is_prod":false,"is_daily":false,"chose_seed":false,"campfire_upgraded":1,"win_rate":0,"timestamp":1546893464,"path_taken":["M","?","M","?","?","E","R","E","T","E"],"build_version":"2019-01-03v4","purchased_purges":0,"victory":false,"max_hp_per_floor":[75,75,75,75,75,75,75,75,75,75],"card_choices":[{"not_picked":["Turbo","Sweeping Beam"],"picked":"Coolheaded","floor":1},{"not_picked":["Coolheaded","Go for the Eyes"],"picked":"Scrape","floor":3},{"not_picked":["Undo","Lockon","Steam"],"picked":"SKIP","floor":6},{"not_picked":["Leap","Rip and Tear"],"picked":"Heatsinks","floor":8}],"player_experience":78036,"relics_obtained":[{"floor":4,"key":"Shuriken"},{"floor":6,"key":"Pantograph"},{"floor":8,"key":"Calipers"},{"floor":9,"key":"Mercury Hourglass"}],"event_choices":[{"damage_healed":0,"gold_gain":0,"player_choice":"Grow","damage_taken":0,"max_hp_gain":0,"max_hp_loss":0,"event_name":"Living Wall","floor":2,"gold_loss":0,"cards_upgraded":["Zap"]},{"cards_removed":["Defend_B"],"damage_healed":0,"gold_gain":0,"player_choice":"Card Removal","damage_taken":7,"max_hp_gain":0,"max_hp_loss":0,"event_name":"Golden Wing","floor":5,"gold_loss":0}],"is_beta":false,"boss_relics":[],"items_purged_floors":[],"is_endless":false,"potions_floor_spawned":[6],"killed_by":"Gremlin Nob","ascension_level":1}