{"gold_per_floor":[114,124,124,137,137,137,147,210,234,234,244,304,319,337,337,415,415,429,444,456,371,391,391,406,406,406,87,87,87,98,98,98,98],"floor_reached":33,"playtime":1532,"items_purged":[],"score":458,"play_id":"6a594327-696d-4cac-8569-93789b4fc077","local_time":"20190803200014","is_ascension_mode":true,"campfire_choices":[{"data":"Defragment","floor":6.0,"key":"SMITH"},{"data":"Force Field","floor":10.0,"key":"SMITH"},{"floor":15,"key":"REST"},{"data":"Defend_B","floor":23,"key":"SMITH"},{"floor":29,"key":"REST"},{"data":"Streamline","floor":32,"key":"SMITH"}],"neow_cost":"NONE","seed_source_timestamp":1898499773104890,"circlet_count":0,"master_deck":["AscendersBane","Strike_B+1","Strike_B+1","Defend_B+1","Defend_B+1","Defend_B+1","Zap","Dualcast","Defragment+1","Sunder+1","Ball Lightning","Force Field+1","Sweeping Beam","Core Surge","All For One+1","Heatsinks+1","Go for the Eyes+1","Rebound","Streamline+1","Undo+1"],"special_seed":0,"relics":["Snecko Eye","Bag of Marbles","Potion Belt","Astrolabe","Regal Pillow","Symbiotic Virus","Blood Vial","Lantern"],"potions_floor_usage":[14,14,16,20,33],"damage_taken":[{"damage":7.0,"enemies":"2 Louse","floor":1.0,"turns":3.0},{"damage":24.0,"enemies":"Jaw Worm","floor":2.0,"turns":4.0},{"damage":0.0,"enemies":"Small Slimes","floor":4.0,"turns":2.0},{"damage":11.0,"enemies":"Looter","floor":7.0,"turns":2.0},{"damage":5.0,"enemies":"3 Sentries","floor":8.0,"turns":6.0},{"damage":7.0,"enemies":"Exordium Wildlife","floor":11.0,"turns":4.0},{"damage":0.0,"enemies":"Blue Slaver","floor":13.0,"turns":1.0},{"damage":7,"enemies":"Lots of Slimes","floor":14,"turns":4},{"damage":20,"enemies":"Hexaghost","floor":16,"turns":9},{"damage":11,"enemies":"Chosen","floor":18,"turns":5},{"damage":0,"enemies":"Shell Parasite","floor":19,"turns":2},{"damage":0,"enemies":"Centurion and Healer","floor":20,"turns":4},{"damage":22,"enemies":"Shelled Parasite and Fungi","floor":22,"turns":4},{"damage":10,"enemies":"Snecko","floor":24,"turns":5},{"damage":0,"enemies":"3 Cultists","floor":30,"turns":4},{"damage":82,"enemies":"Automaton","floor":33,"turns":6}],"seed_played":"9165132254198681749","potions_obtained":[{"floor":7.0,"key":"Dexterity Potion"},{"floor":8.0,"key":"Energy Potion"},{"floor":11.0,"key":"Regen Potion"},{"floor":14,"key":"Dexterity Potion"},{"floor":19,"key":"EntropicBrew"}],"is_trial":false,"path_per_floor":["M","M","?","M","?","R","M","?","T","R","M","?","M","M","R","B",null,"M","M","M","?","M","R","M","?","T","$","?","R","M","$","R","B"],"character_chosen":"DEFECT","items_purchased":["Blood Vial","Lantern"],"campfire_rested":2,"item_purchase_floors":[27,27],"current_hp_per_floor":[57,33,33,33,38,38,27,22,22,22,15,15,15,20,42,22,63,52,52,52,52,30,30,20,20,20,20,20,57,59,59,59,0],"gold":98,"neow_bonus":"BOSS_RELIC","is_prod":false,"is_daily":false,"chose_seed":false,"campfire_upgraded":4,"win_rate":0,"timestamp":1564876814,"path_taken":["M","M","?","M","?","R","M","?","T","R","M","?","M","M","R","BOSS","M","M","M","?","M","R","M","?","T","$","?","R","?","$","R","BOSS"],"build_version":"2019-07-17","purchased_purges":0,"victory":false,"max_hp_per_floor":[71,71,71,71,76,76,76,76,76,76,76,76,76,76,76,76,76,76,76,76,76,76,76,76,76,76,76,76,76,76,76,76,76],"card_choices":[{"not_picked":["Go for the Eyes","Cold Snap"],"picked":"Defragment","floor":1.0},{"not_picked":["Self Repair","Streamline"],"picked":"Sunder","floor":2.0},{"not_picked":["Barrage","Cold Snap"],"picked":"Ball Lightning","floor":4.0},{"not_picked":["Recycle","Defragment","Seek"],"picked":"SKIP","floor":7.0},{"not_picked":["Storm","Rebound"],"picked":"Force Field","floor":8.0},{"not_picked":["Ball Lightning","Steam","Coolheaded"],"picked":"SKIP","floor":11.0},{"not_picked":["Cold Snap","Go for the Eyes"],"picked":"Sweeping Beam","floor":13.0},{"not_picked":["Leap","Sweeping Beam","Compile Driver"],"picked":"SKIP","floor":14},{"not_picked":["Amplify","Reboot"],"picked":"Core Surge","floor":16},{"not_picked":["Scrape+1","Chill","Gash"],"picked":"SKIP","floor":18},{"not_picked":["Hello World","Barrage"],"picked":"Rebound","floor":19},{"not_picked":["Blizzard","Sweeping Beam","FTL"],"picked":"SKIP","floor":20},{"not_picked":["Coolheaded","Redo"],"picked":"Streamline","floor":22},{"not_picked":["Hello World","White Noise+1"],"picked":"Undo","floor":24},{"not_picked":["Melter+1","Chill","Steam+1"],"picked":"SKIP","floor":30}],"player_experience":972592,"relics_obtained":[{"floor":8.0,"key":"Bag of Marbles"},{"floor":9.0,"key":"Potion Belt"},{"floor":26,"key":"Symbiotic Virus"}],"event_choices":[{"damage_healed":0.0,"max_hp_gain":0.0,"max_hp_loss":0.0,"gold_gain":0.0,"event_name":"Living Wall","player_choice":"Grow","floor":3.0,"gold_loss":0.0,"damage_taken":0.0,"cards_upgraded":["Sunder"]},{"damage_healed":0.0,"max_hp_gain":5.0,"max_hp_loss":0.0,"gold_gain":0.0,"event_name":"Big Fish","player_choice":"Donut","floor":5.0,"gold_loss":0.0,"damage_taken":0.0},{"damage_healed":0.0,"max_hp_gain":0.0,"max_hp_loss":0.0,"gold_gain":30.0,"event_name":"Dead Adventurer","player_choice":"Searched \u00272\u0027 times","floor":8.0,"gold_loss":0.0,"damage_taken":0.0},{"damage_healed":0.0,"max_hp_gain":0.0,"max_hp_loss":0.0,"gold_gain":60.0,"event_name":"Golden Wing","player_choice":"Gained Gold","floor":12.0,"gold_loss":0.0,"damage_taken":0.0},{"damage_healed":0,"gold_gain":0,"player_choice":"Obtained Relic","damage_taken":0,"relics_obtained":["Regal Pillow"],"max_hp_gain":0,"max_hp_loss":0,"event_name":"Addict","floor":21,"gold_loss":85},{"damage_healed":0,"gold_gain":0,"player_choice":"Simplicity","damage_taken":0,"max_hp_gain":0,"max_hp_loss":0,"event_name":"Back to Basics","floor":25,"gold_loss":0,"cards_upgraded":["Strike_B","Strike_B","Defend_B","Defend_B"]},{"damage_healed":0,"gold_gain":0,"player_choice":"Upgraded","damage_taken":0,"max_hp_gain":0,"max_hp_loss":0,"event_name":"Upgrade Shrine","floor":28,"gold_loss":0,"cards_upgraded":["Undo"]}],"is_beta":false,"boss_relics":[{"not_picked":["Nuclear Battery","Eternal Feather"],"picked":"Astrolabe"}],"items_purged_floors":[],"is_endless":false,"potions_floor_spawned":[7,8,11,14,19,24,30],"killed_by":"Automaton","ascension_level":18}