{"gold_per_floor":[119,134,144,163,163,163,173,173,173,173,190,208,221,146,146,243,243,260,280,291,206,206,206],"floor_reached":23,"playtime":1986,"items_purged":["Strike_G"],"score":215,"play_id":"d96216fa-e5bb-459d-9c4e-1ff4428bbf30","local_time":"20190114153009","is_ascension_mode":true,"campfire_choices":[{"data":"Noxious Fumes","floor":6,"key":"SMITH"},{"data":"Survivor","floor":8,"key":"SMITH"},{"data":"Deflect","floor":10,"key":"SMITH"},{"data":"Crippling Poison","floor":15,"key":"SMITH"}],"neow_cost":"PERCENT_DAMAGE","seed_source_timestamp":3438973972920992,"circlet_count":0,"master_deck":["Defend_G","Defend_G","Defend_G","Defend_G","Strike_G","Strike_G","Survivor+1","Neutralize","Acrobatics","Deflect+1","Dagger Throw","Noxious Fumes+1","Escape Plan","Dagger Throw","Crippling Poison+1","Bouncing Flask+1"],"relics":["Ring of the Snake","Meat on the Bone","Lizard Tail","Oddly Smooth Stone"],"potions_floor_usage":[23,23],"damage_taken":[{"damage":2,"enemies":"Jaw Worm","floor":1,"turns":8},{"damage":1,"enemies":"Cultist","floor":2,"turns":4},{"damage":7,"enemies":"2 Louse","floor":3,"turns":2},{"damage":4,"enemies":"2 Fungi Beasts","floor":4,"turns":4},{"damage":26,"enemies":"Exordium Thugs","floor":7,"turns":5},{"damage":8,"enemies":"Lots of Slimes","floor":11,"turns":3},{"damage":0,"enemies":"3 Louse","floor":12,"turns":4},{"damage":0,"enemies":"Red Slaver","floor":13,"turns":3},{"damage":26,"enemies":"The Guardian","floor":16,"turns":11},{"damage":0,"enemies":"3 Byrds","floor":18,"turns":4},{"damage":2,"enemies":"Chosen","floor":19,"turns":4},{"damage":20,"enemies":"Snake Plant","floor":20,"turns":4},{"damage":6,"enemies":"Colosseum Slavers","floor":22,"turns":4},{"damage":91,"enemies":"Gremlin Leader","floor":23,"turns":7}],"seed_played":"-5302372853139840011","potions_obtained":[{"floor":4,"key":"SpeedPotion"},{"floor":7,"key":"SteroidPotion"},{"floor":12,"key":"Ancient Potion"},{"floor":13,"key":"Swift Potion"}],"is_trial":false,"path_per_floor":["M","M","M","M","?","R","M","R","T","R","M","M","M","$","R","B",null,"M","M","M","?","?","E"],"character_chosen":"THE_SILENT","items_purchased":[],"campfire_rested":0,"item_purchase_floors":[],"current_hp_per_floor":[47,46,39,35,35,35,9,9,9,9,13,25,37,37,37,23,70,70,68,48,48,42,0],"gold":206,"neow_bonus":"TRANSFORM_TWO_CARDS","is_prod":false,"is_daily":false,"chose_seed":false,"campfire_upgraded":4,"win_rate":0,"timestamp":1547497809,"path_taken":["M","M","M","M","?","R","M","R","T","R","M","M","M","$","R","BOSS","M","?","M","?","?","E"],"build_version":"2019-01-10","purchased_purges":1,"victory":false,"max_hp_per_floor":[70,70,70,70,70,70,70,70,70,70,70,70,70,70,70,70,70,70,70,70,70,70,70],"card_choices":[{"not_picked":["Underhanded Strike","Cloak And Dagger"],"picked":"Dagger Throw","floor":1},{"not_picked":["Sucker Punch","Prepared"],"picked":"Noxious Fumes","floor":2},{"not_picked":["Caltrops","Dagger Spray","Sucker Punch"],"picked":"SKIP","floor":3},{"not_picked":["Quick Slash","Malaise","Dodge and Roll"],"picked":"SKIP","floor":4},{"not_picked":["Flying Knee","Outmaneuver"],"picked":"Escape Plan","floor":7},{"not_picked":["Underhanded Strike","Flying Knee"],"picked":"Dagger Throw","floor":11},{"not_picked":["Bullet Time","Accuracy"],"picked":"Crippling Poison","floor":12},{"not_picked":["Sucker Punch","Flying Knee","Blade Dance"],"picked":"SKIP","floor":13},{"not_picked":["Flying Knee","Dagger Throw"],"picked":"Bouncing Flask+1","floor":18},{"not_picked":["Backstab","Bane","PiercingWail+1"],"picked":"SKIP","floor":19},{"not_picked":["Quick Slash+1","Heel Hook+1","Prepared"],"picked":"SKIP","floor":20}],"player_experience":221116,"relics_obtained":[{"floor":9,"key":"Meat on the Bone"}],"event_choices":[{"cards_removed":["Defend_G"],"damage_healed":0,"gold_gain":0,"player_choice":"Offered Basic","damage_taken":0,"max_hp_gain":0,"max_hp_loss":0,"event_name":"Bonfire Elementals","floor":5,"gold_loss":0},{"damage_healed":0,"gold_gain":0,"player_choice":"Obtained Relic","damage_taken":0,"relics_obtained":["Oddly Smooth Stone"],"max_hp_gain":0,"max_hp_loss":0,"event_name":"Addict","floor":21,"gold_loss":85},{"damage_healed":0,"gold_gain":0,"player_choice":"Fight","damage_taken":0,"max_hp_gain":0,"max_hp_loss":0,"event_name":"Colosseum","floor":22,"gold_loss":0},{"damage_healed":0,"gold_gain":0,"player_choice":"Fled From Nobs","damage_taken":0,"max_hp_gain":0,"max_hp_loss":0,"event_name":"Colosseum","floor":22,"gold_loss":0}],"is_beta":false,"boss_relics":[{"not_picked":["Ectoplasm","Snecko Eye"],"picked":"Lizard Tail"}],"items_purged_floors":[14],"is_endless":false,"potions_floor_spawned":[4,7,12,13,16,19],"killed_by":"Gremlin Leader","ascension_level":3}