{"gold_per_floor":[18,18,38,113,130,161,161,193,242,242,242,242],"floor_reached":12,"playtime":680,"items_purged":[],"score":103,"play_id":"4b94710c-4654-4463-839f-b8054288a124","local_time":"20181025001826","is_ascension_mode":true,"campfire_choices":[{"floor":7,"key":"REST"},{"floor":10,"key":"REST"}],"neow_cost":"NO_GOLD","seed_source_timestamp":1225493458606700,"circlet_count":0,"master_deck":["Defend_G","Defend_G","Defend_G","Defend_G","Defend_G","Strike_G","Strike_G","Strike_G","Strike_G","Strike_G","Neutralize","Deflect","Footwork","Flying Knee","Bouncing Flask"],"relics":["Ring of the Snake","WingedGreaves","The Courier","Pen Nib","Potion Belt"],"potions_floor_usage":[6],"damage_taken":[{"damage":12,"enemies":"Jaw Worm","floor":1,"turns":4},{"damage":0,"enemies":"Cultist","floor":3,"turns":4},{"damage":0,"enemies":"2 Louse","floor":5,"turns":4},{"damage":35,"enemies":"3 Sentries","floor":6,"turns":15},{"damage":27,"enemies":"Lagavulin","floor":8,"turns":7},{"damage":35,"enemies":"Gremlin Nob","floor":12,"turns":4}],"seed_played":"4270028086318493922","potions_obtained":[{"floor":1,"key":"Block Potion"},{"floor":8,"key":"Ancient Potion"}],"is_trial":false,"path_per_floor":["M","?","M","?","M","E","R","E","T","R","?"],"character_chosen":"THE_SILENT","items_purchased":[],"campfire_rested":2,"item_purchase_floors":[],"current_hp_per_floor":[58,58,58,47,47,12,33,6,6,27,27,0],"gold":242,"neow_bonus":"ONE_RARE_RELIC","is_prod":false,"is_daily":false,"chose_seed":false,"campfire_upgraded":0,"win_rate":0,"timestamp":1540397906,"path_taken":["M","?","?","?","M","E","R","E","T","R","?","E"],"build_version":"2018-10-18","purchased_purges":0,"victory":false,"max_hp_per_floor":[70,70,70,70,70,70,70,70,70,70,70,70],"card_choices":[{"not_picked":["Predator","Accuracy"],"picked":"Deflect","floor":1},{"not_picked":["Deflect","Sucker Punch"],"picked":"Footwork","floor":3},{"not_picked":["Dodge and Roll","Choke"],"picked":"Flying Knee","floor":5},{"not_picked":["Cloak And Dagger","Deflect"],"picked":"Bouncing Flask","floor":6},{"not_picked":["Sucker Punch","Backstab","Reflex"],"picked":"SKIP","floor":8}],"player_experience":447317,"relics_obtained":[{"floor":6,"key":"The Courier"},{"floor":8,"key":"Pen Nib"},{"floor":9,"key":"Potion Belt"}],"event_choices":[{"cards_removed":["Survivor"],"damage_healed":0,"gold_gain":0,"player_choice":"Offered Basic","damage_taken":0,"max_hp_gain":0,"max_hp_loss":0,"event_name":"Bonfire Elementals","floor":2,"gold_loss":0},{"damage_healed":0,"gold_gain":75,"player_choice":"Gather Gold","damage_taken":11,"max_hp_gain":0,"max_hp_loss":0,"event_name":"World of Goop","floor":4,"gold_loss":0},{"damage_healed":0,"gold_gain":0,"player_choice":"Ignored","damage_taken":0,"max_hp_gain":0,"max_hp_loss":0,"event_name":"Shining Light","floor":11,"gold_loss":0}],"is_beta":false,"boss_relics":[],"items_purged_floors":[],"is_endless":false,"potions_floor_spawned":[1,8],"killed_by":"Gremlin Nob","ascension_level":4}