{"gold_per_floor":[117,133,149,6,22,22,51,51,74,74,74,88,105,6,6,103,103,116,116,116,44,9,9,55,73,156,188,63,63,86,104,104,104],"floor_reached":33,"playtime":2121,"items_purged":["Defend_G","Strike_G","Strike_G"],"score":329,"play_id":"4de67704-6de4-4b56-86ac-625bae39c6e3","local_time":"20181027140717","is_ascension_mode":true,"campfire_choices":[{"data":"Dodge and Roll","floor":6,"key":"SMITH"},{"floor":8,"key":"REST"},{"data":"Neutralize","floor":10,"key":"SMITH"},{"floor":15,"key":"REST"},{"data":"Infinite Blades","floor":23,"key":"SMITH"},{"floor":29,"key":"REST"},{"floor":32,"key":"REST"}],"neow_cost":"NONE","seed_source_timestamp":0,"circlet_count":0,"master_deck":["Defend_G","Defend_G","Defend_G","Strike_G","Strike_G","Strike_G","Survivor","Neutralize+1","Dodge and Roll+1","Finisher","Infinite Blades+1","Accuracy","Blade Dance","Phantasmal Killer","Slice","Infinite Blades","Finisher","PiercingWail","Unload","Cloak And Dagger"],"special_seed":0,"relics":["Ring of the Snake","Anchor","WristBlade","Nloth\u0027s Gift","Oddly Smooth Stone","Tiny Chest","Blood Vial","PreservedInsect"],"potions_floor_usage":[5,16,16,33],"damage_taken":[{"damage":1.0,"enemies":"Cultist","floor":1.0,"turns":5.0},{"damage":7.0,"enemies":"Small Slimes","floor":2.0,"turns":4.0},{"damage":0.0,"enemies":"Jaw Worm","floor":3.0,"turns":4.0},{"damage":7,"enemies":"Looter","floor":5,"turns":3},{"damage":27,"enemies":"3 Sentries","floor":7,"turns":7},{"damage":14,"enemies":"Lots of Slimes","floor":12,"turns":4},{"damage":5,"enemies":"Large Slime","floor":13,"turns":5},{"damage":25,"enemies":"Hexaghost","floor":16,"turns":8},{"damage":4,"enemies":"Chosen","floor":18,"turns":4},{"damage":2,"enemies":"3 Byrds","floor":25,"turns":5},{"damage":28,"enemies":"Slavers","floor":27,"turns":6},{"damage":18,"enemies":"Snake Plant","floor":31,"turns":4},{"damage":56,"enemies":"Collector","floor":33,"turns":6}],"seed_played":"5911746954908000434","potions_obtained":[{"floor":2.0,"key":"GamblersBrew"},{"floor":7,"key":"PowerPotion"},{"floor":12,"key":"EssenceOfSteel"},{"floor":27,"key":"EssenceOfSteel"}],"is_trial":false,"path_per_floor":["M","M","M","$","M","R","E","R","T","R","?","M","M","$","R","B",null,"M","?","?","$","$","R","T","M","T","E","$","R","T","M","R"],"character_chosen":"THE_SILENT","items_purchased":["Accuracy","Blade Dance","Infinite Blades","Finisher"],"campfire_rested":4,"item_purchase_floors":[4,14,21,22],"current_hp_per_floor":[69,62,62,62,55,55,28,49,49,49,49,35,30,30,51,26,59,55,55,55,55,55,55,55,53,53,25,25,46,46,30,51,0],"gold":104,"neow_bonus":"REMOVE_CARD","is_prod":false,"is_daily":false,"chose_seed":false,"campfire_upgraded":3,"win_rate":0,"timestamp":1540620437,"path_taken":["M","?","M","$","M","R","E","R","T","R","?","M","?","$","R","BOSS","M","?","?","?","$","R","?","?","T","E","$","R","?","M","R","BOSS"],"build_version":"2018-10-25v2","purchased_purges":3,"victory":false,"max_hp_per_floor":[70,70,70,70,70,70,70,70,70,70,70,70,70,70,70,70,70,70,70,70,70,70,70,70,70,70,70,70,70,70,70,70,70],"card_choices":[{"not_picked":["Underhanded Strike","Cloak And Dagger"],"picked":"Dodge and Roll","floor":1.0},{"not_picked":["Blade Dance","Slice"],"picked":"Finisher","floor":2.0},{"not_picked":["Backstab","Cloak And Dagger"],"picked":"Infinite Blades","floor":3.0},{"not_picked":["Expertise","Dagger Throw","Quick Slash"],"picked":"SKIP","floor":5},{"not_picked":["Corpse Explosion","After Image","Acrobatics"],"picked":"SKIP","floor":7},{"not_picked":["Calculated Gamble","Poisoned Stab","Quick Slash"],"picked":"SKIP","floor":12},{"not_picked":["Flying Knee","Crippling Poison","Tactician"],"picked":"SKIP","floor":13},{"not_picked":["Corpse Explosion","Grand Finale"],"picked":"Phantasmal Killer","floor":16},{"not_picked":["Footwork","Eviscerate"],"picked":"Slice","floor":18},{"not_picked":["Wraith Form v2","Riddle With Holes"],"picked":"PiercingWail","floor":25},{"not_picked":["Outmaneuver","Quick Slash"],"picked":"Unload","floor":27},{"not_picked":["Sucker Punch","Quick Slash"],"picked":"Cloak And Dagger","floor":31}],"player_experience":520602,"relics_obtained":[{"floor":7,"key":"Smiling Mask"},{"floor":9,"key":"Anchor"},{"floor":24,"key":"Oddly Smooth Stone"},{"floor":26,"key":"Tiny Chest"},{"floor":27,"key":"Blood Vial"},{"floor":30,"key":"PreservedInsect"}],"event_choices":[{"damage_healed":0,"gold_gain":0,"player_choice":"Ignored","damage_taken":0,"max_hp_gain":0,"max_hp_loss":0,"event_name":"Liars Game","floor":11,"gold_loss":0},{"damage_healed":0,"gold_gain":0,"player_choice":"Traded Relic","damage_taken":0,"relics_obtained":["Nloth\u0027s Gift"],"max_hp_gain":0,"max_hp_loss":0,"event_name":"N\u0027loth","floor":19,"relics_lost":["Smiling Mask"],"gold_loss":0}],"is_beta":false,"boss_relics":[{"not_picked":["Empty Cage","Ectoplasm"],"picked":"WristBlade"}],"items_purged_floors":[4,14,28],"is_endless":false,"potions_floor_spawned":[2,7,12,27],"killed_by":"Collector","ascension_level":5}