{"gold_per_floor":[109,109,184,184,40,40,50,50,50,81,81,101,1,17,17,112,112,122,122,122,122,134,134,148,174,226,226,226,226,226,237,237,340,340,352,352,9,60,74,74,90,90,90,90,101,101,4,36,36,36,36,36,11,39,39],"floor_reached":55,"playtime":2619,"items_purged":["Pain","Strike_R","Writhe"],"score":816,"play_id":"337a1cbe-9500-468e-95c0-55ad6dd49661","local_time":"20190115223254","is_ascension_mode":true,"campfire_choices":[{"data":"Fire Breathing","floor":6,"key":"SMITH"},{"data":"Metallicize","floor":8,"key":"SMITH"},{"data":"Inflame","floor":11,"key":"SMITH"},{"data":"Shrug It Off","floor":15,"key":"SMITH"},{"data":"RitualDagger","floor":23,"key":"SMITH"},{"floor":28,"key":"REST"},{"floor":30,"key":"REST"},{"data":"Flame Barrier","floor":32,"key":"SMITH"},{"floor":40,"key":"REST"},{"floor":46,"key":"RECALL"},{"floor":49,"key":"REST"},{"data":"Limit Break","floor":52,"key":"SMITH"}],"neow_cost":"NONE","seed_source_timestamp":3550109213828369,"circlet_count":0,"master_deck":["Bash","Fire Breathing+1","Metallicize+1","Inflame+1","Pommel Strike","Shrug It Off+1","Twin Strike","Limit Break+1","Anger+1","Flame Barrier+1","Headbutt+1","Shrug It Off","RitualDagger+1","Flame Barrier+1","Inflame","Pummel","Searing Blow","Flame Barrier+1","Carnage","Warcry","Sword Boomerang","Feed","Metallicize+1"],"relics":["Philosopher\u0027s Stone","Blood Vial","WarpedTongs","Shuriken","Paper Frog","Astrolabe","Sundial","FossilizedHelix","Juzu Bracelet","Pandora\u0027s Box","Membership Card","Lantern","Shovel","Sling","Bronze Scales","Dodecahedron"],"potions_floor_usage":[10,22,24,24,38,41,45,50,50,54],"damage_taken":[{"damage":8,"enemies":"Small Slimes","floor":1,"turns":3},{"damage":0,"enemies":"Cultist","floor":7,"turns":3},{"damage":19,"enemies":"Lagavulin","floor":10,"turns":5},{"damage":0,"enemies":"Jaw Worm","floor":12,"turns":2},{"damage":0,"enemies":"Looter","floor":14,"turns":3},{"damage":10,"enemies":"Hexaghost","floor":16,"turns":7},{"damage":9,"enemies":"Chosen","floor":18,"turns":3},{"damage":9,"enemies":"3 Byrds","floor":22,"turns":4},{"damage":23,"enemies":"Snake Plant","floor":24,"turns":6},{"damage":29,"enemies":"Gremlin Leader","floor":25,"turns":7},{"damage":1,"enemies":"Chosen and Byrds","floor":31,"turns":6},{"damage":21,"enemies":"Champ","floor":33,"turns":8},{"damage":6,"enemies":"Orb Walker","floor":35,"turns":3},{"damage":50,"enemies":"2 Orb Walkers","floor":38,"turns":4},{"damage":10,"enemies":"3 Darklings","floor":39,"turns":4},{"damage":12,"enemies":"Jaw Worm Horde","floor":41,"turns":4},{"damage":6,"enemies":"4 Shapes","floor":45,"turns":4},{"damage":31,"enemies":"Nemesis","floor":48,"turns":5},{"damage":61,"enemies":"Donu and Deca","floor":50,"turns":8},{"damage":79,"enemies":"Shield and Spear","floor":54,"turns":5},{"damage":4,"enemies":"The Heart","floor":55,"turns":2}],"seed_played":"2642661261562095557","potions_obtained":[{"floor":1,"key":"EntropicBrew"},{"floor":22,"key":"SkillPotion"},{"floor":33,"key":"Strength Potion"},{"floor":35,"key":"Ancient Potion"},{"floor":39,"key":"Swift Potion"},{"floor":45,"key":"Poison Potion"}],"is_trial":false,"path_per_floor":["M","?","?","?","$","R","M","R","T","E","R","M","$","M","R","B",null,"M","?","?","?","M","R","M","E","T","?","R","?","R","M","R","B",null,"M","?","$","?","M","R","M","?","T","?","M","R","$","E","R","B",null,"R","$","E","B"],"character_chosen":"IRONCLAD","items_purchased":["Metallicize","Membership Card","Lantern","Sling","SkillPotion"],"campfire_rested":4,"item_purchase_floors":[5,37,37,47,53],"current_hp_per_floor":[72,54,43,43,43,43,45,45,45,28,28,30,30,32,32,24,80,71,65,65,65,58,58,37,10,10,10,34,19,44,45,45,26,85,79,79,79,31,23,48,41,41,41,77,75,75,75,46,70,11,81,81,81,2,0],"gold":39,"neow_bonus":"BOSS_RELIC","is_prod":false,"is_daily":false,"chose_seed":false,"campfire_upgraded":7,"win_rate":0,"timestamp":1547609574,"path_taken":["M","?","?","?","$","R","M","R","T","E","R","?","?","?","R","BOSS","M","?","?","?","M","R","M","E","T","?","R","?","R","M","R","BOSS","M","?","$","?","M","R","M","?","T","?","M","R","$","E","R","BOSS","R","$","E","BOSS"],"build_version":"2019-01-10","purchased_purges":3,"victory":false,"max_hp_per_floor":[80,80,80,80,80,80,80,80,80,80,80,80,80,80,80,80,80,80,80,80,80,80,80,80,80,80,80,80,85,85,85,85,85,85,85,85,85,85,85,85,88,88,88,77,81,81,81,81,81,81,81,81,81,81,81],"card_choices":[{"not_picked":["Iron Wave","Heavy Blade"],"picked":"Fire Breathing","floor":1},{"not_picked":["Clothesline","Burning Pact"],"picked":"Inflame","floor":7},{"not_picked":["Combust","Heavy Blade"],"picked":"Pommel Strike","floor":10},{"not_picked":["Dual Wield","Anger"],"picked":"Shrug It Off","floor":12},{"not_picked":["Flex","Headbutt"],"picked":"Twin Strike","floor":14},{"not_picked":["Feed","Offering"],"picked":"Limit Break","floor":16},{"not_picked":["Anger","Sword Boomerang"],"picked":"Shrug It Off","floor":18},{"not_picked":["Dual Wield","Sword Boomerang"],"picked":"Inflame","floor":22},{"not_picked":["Clothesline","Clash+1"],"picked":"Pummel","floor":24},{"not_picked":["Dark Embrace","Reckless Charge+1","Power Through"],"picked":"SKIP","floor":25},{"not_picked":["Carnage","Bloodletting+1"],"picked":"Searing Blow","floor":31},{"not_picked":["Body Slam+1","Havoc","Warcry+1"],"picked":"SKIP","floor":35},{"not_picked":["Body Slam+1","Havoc","Warcry+1"],"picked":"SKIP","floor":35},{"not_picked":["Iron Wave+1","Clothesline+1"],"picked":"Metallicize+1","floor":38},{"not_picked":["Twin Strike+1","Dropkick+1","Hemokinesis"],"picked":"SKIP","floor":39},{"not_picked":["Seeing Red","Armaments","Uppercut"],"picked":"SKIP","floor":41},{"not_picked":["Anger+1","Rage+1","Bludgeon"],"picked":"SKIP","floor":45},{"not_picked":["Uppercut","Heavy Blade","Disarm"],"picked":"SKIP","floor":48},{"not_picked":["Reckless Charge+1","Seeing Red","Thunderclap"],"picked":"SKIP","floor":54}],"player_experience":230872,"relics_obtained":[{"floor":9,"key":"Shuriken"},{"floor":10,"key":"Paper Frog"},{"floor":25,"key":"FossilizedHelix"},{"floor":26,"key":"Juzu Bracelet"},{"floor":38,"key":"Shovel"},{"floor":48,"key":"Bronze Scales"},{"floor":54,"key":"Dodecahedron"}],"event_choices":[{"damage_healed":0,"gold_gain":0,"player_choice":"Success","damage_taken":18,"relics_obtained":["Blood Vial"],"max_hp_gain":0,"max_hp_loss":0,"event_name":"Scrap Ooze","floor":2,"gold_loss":0},{"damage_healed":0,"gold_gain":75,"player_choice":"Gather Gold","damage_taken":11,"max_hp_gain":0,"max_hp_loss":0,"event_name":"World of Goop","floor":3,"gold_loss":0},{"damage_healed":0,"gold_gain":0,"player_choice":"Rummage","damage_taken":0,"relics_obtained":["WarpedTongs"],"max_hp_gain":0,"max_hp_loss":0,"event_name":"Accursed Blacksmith","floor":4,"gold_loss":0,"cards_obtained":["Pain"]},{"damage_healed":0,"gold_gain":0,"player_choice":"Joined the Cult","damage_taken":6,"max_hp_gain":0,"max_hp_loss":0,"event_name":"Nest","floor":19,"gold_loss":0,"cards_obtained":["RitualDagger"]},{"damage_healed":0,"gold_gain":0,"player_choice":"Opened","damage_taken":0,"relics_obtained":["Sundial"],"max_hp_gain":0,"max_hp_loss":0,"event_name":"The Mausoleum","floor":20,"gold_loss":0,"cards_obtained":["Writhe"]},{"damage_healed":0,"gold_gain":0,"player_choice":"1 cards matched","damage_taken":0,"max_hp_gain":0,"max_hp_loss":0,"event_name":"Match and Keep!","floor":21,"gold_loss":0,"cards_obtained":["Flame Barrier"]},{"damage_healed":0,"gold_gain":0,"player_choice":"Ignored","damage_taken":0,"max_hp_gain":0,"max_hp_loss":0,"event_name":"Vampires","floor":27,"gold_loss":0},{"damage_healed":0,"gold_gain":0,"player_choice":"Shed Blood","damage_taken":20,"max_hp_gain":5,"max_hp_loss":0,"event_name":"Forgotten Altar","floor":29,"gold_loss":0},{"damage_healed":0,"gold_gain":0,"player_choice":"Upgraded","damage_taken":0,"max_hp_gain":0,"max_hp_loss":0,"event_name":"Upgrade Shrine","floor":36,"gold_loss":0,"cards_upgraded":["Flame Barrier"]},{"damage_healed":0,"gold_gain":0,"player_choice":"Fight","damage_taken":0,"max_hp_gain":0,"max_hp_loss":0,"event_name":"Mysterious Sphere","floor":38,"gold_loss":0},{"damage_healed":0,"gold_gain":0,"player_choice":"0 cards matched","damage_taken":0,"max_hp_gain":0,"max_hp_loss":0,"event_name":"Match and Keep!","floor":42,"gold_loss":0,"cards_obtained":[]},{"damage_healed":77,"gold_gain":0,"player_choice":"Heal","damage_taken":0,"max_hp_gain":0,"max_hp_loss":11,"event_name":"The Moai Head","floor":44,"gold_loss":0}],"is_beta":false,"boss_relics":[{"not_picked":["Ectoplasm","Fusion Hammer"],"picked":"Astrolabe"},{"not_picked":["Eternal Feather","Coffee Dripper"],"picked":"Pandora\u0027s Box"}],"items_purged_floors":[5,13,37],"is_endless":false,"potions_floor_spawned":[1,10,14,22,33,35,39,45],"killed_by":"The Heart","ascension_level":4}