{"gold_per_floor":[362,362,81,101,1,1,31,47,73,73,73,73,89,89,89,89],"floor_reached":16,"playtime":848,"items_purged":["Pain","Strike_G"],"score":118,"play_id":"e65f7624-36df-4a3e-9195-8e7f02e62768","local_time":"20181025200858","is_ascension_mode":true,"campfire_choices":[{"data":"Reflex","floor":6,"key":"SMITH"},{"data":"Prepared","floor":10,"key":"SMITH"},{"floor":12,"key":"REST"},{"floor":15,"key":"REST"}],"neow_cost":"CURSE","seed_source_timestamp":1296757175175600,"circlet_count":0,"master_deck":["Defend_G","Defend_G","Defend_G","Defend_G","Defend_G","Strike_G","Strike_G","Strike_G","Strike_G","Survivor","Neutralize","All Out Attack","Reflex+1","Prepared+1","Prepared","Dagger Throw"],"relics":["Ring of the Snake","Art of War","Vajra","Golden Idol"],"potions_floor_usage":[7,13],"damage_taken":[{"damage":5,"enemies":"Small Slimes","floor":1,"turns":5},{"damage":1,"enemies":"Jaw Worm","floor":4,"turns":5},{"damage":18,"enemies":"Gremlin Nob","floor":7,"turns":4},{"damage":2,"enemies":"Cultist","floor":8,"turns":4},{"damage":8,"enemies":"Exordium Wildlife","floor":13,"turns":4},{"damage":77,"enemies":"Slime Boss","floor":16,"turns":11}],"seed_played":"8923766733633251410","potions_obtained":[{"floor":1,"key":"SkillPotion"},{"floor":4,"key":"Poison Potion"}],"is_trial":false,"path_per_floor":["M","?","$","M","$","R","E","M","T","R","?","R","M","?","R"],"character_chosen":"THE_SILENT","items_purchased":["All Out Attack","Reflex","FairyPotion"],"campfire_rested":2,"item_purchase_floors":[3,3,3],"current_hp_per_floor":[65,70,70,69,69,69,51,49,49,49,31,53,45,33,55,0],"gold":89,"neow_bonus":"TWO_FIFTY_GOLD","is_prod":false,"is_daily":false,"chose_seed":false,"campfire_upgraded":2,"win_rate":0,"timestamp":1540469338,"path_taken":["M","?","$","M","$","R","E","M","T","R","?","R","M","?","R","BOSS"],"build_version":"2018-10-18","purchased_purges":2,"victory":false,"max_hp_per_floor":[70,75,75,75,75,75,75,75,75,75,75,75,75,75,75,75],"card_choices":[{"not_picked":["Caltrops","Distraction","Bane"],"picked":"SKIP","floor":1},{"not_picked":["Slice","Poisoned Stab","Bane"],"picked":"SKIP","floor":4},{"not_picked":["Grand Finale","Dodge and Roll"],"picked":"Prepared","floor":7},{"not_picked":["Poisoned Stab","Quick Slash"],"picked":"Prepared","floor":8},{"not_picked":["Dodge and Roll","Well Laid Plans"],"picked":"Dagger Throw","floor":13}],"player_experience":449758,"relics_obtained":[{"floor":7,"key":"Art of War"},{"floor":9,"key":"Vajra"}],"event_choices":[{"damage_healed":0,"gold_gain":0,"player_choice":"Donut","damage_taken":0,"max_hp_gain":5,"max_hp_loss":0,"event_name":"Big Fish","floor":2,"gold_loss":0},{"damage_healed":0,"gold_gain":0,"player_choice":"Take Damage","damage_taken":18,"relics_obtained":["Golden Idol"],"max_hp_gain":0,"max_hp_loss":0,"event_name":"Golden Idol","floor":11,"gold_loss":0},{"damage_healed":0,"gold_gain":0,"player_choice":"Fled","damage_taken":12,"max_hp_gain":0,"max_hp_loss":0,"event_name":"Scrap Ooze","floor":14,"gold_loss":0}],"is_beta":false,"boss_relics":[],"items_purged_floors":[3,5],"is_endless":false,"potions_floor_spawned":[1,4],"killed_by":"Slime Boss","ascension_level":4}