{"gold_per_floor":[119,119,119,134,151,151,181,198,198,233,233,253,122,122,122,196,196,213,213,227,239,82,116,116,116,116,116,116,133,133,109,109,109],"floor_reached":33,"playtime":1875,"items_purged":[],"score":532,"play_id":"174377db-87be-4146-ad0f-0ea91f287108","local_time":"20190809095953","is_ascension_mode":true,"campfire_choices":[{"data":"Conserve Battery","floor":6.0,"key":"SMITH"},{"data":"Sunder","floor":11.0,"key":"SMITH"},{"data":"Creative AI","floor":15.0,"key":"SMITH"},{"floor":24.0,"key":"REST"},{"data":"Coolheaded","floor":27,"key":"SMITH"},{"data":"Fusion","floor":30,"key":"SMITH"},{"data":"Defend_B","floor":32,"key":"SMITH"}],"neow_cost":"TEN_PERCENT_HP_LOSS","seed_source_timestamp":2380371703529136,"circlet_count":0,"master_deck":["AscendersBane","Strike_B","Strike_B","Defend_B+1","Defend_B","Defend_B","Defend_B","Zap+1","Dualcast","Cold Snap","Conserve Battery+1","Chill","Creative AI+1","Sunder+1","Storm","Steam+1","Machine Learning","Coolheaded+1","Conserve Battery+1","Rebound","Fusion+1","Hello World","Tempest","Streamline"],"special_seed":0,"relics":["Cracked Core","Ice Cream","Orichalcum","Bronze Scales","Shuriken","Sozu","Ancient Tea Set","Juzu Bracelet","Question Card"],"potions_floor_usage":[],"damage_taken":[{"damage":4.0,"enemies":"Small Slimes","floor":1.0,"turns":3.0},{"damage":0.0,"enemies":"Cultist","floor":4.0,"turns":3.0},{"damage":2.0,"enemies":"Jaw Worm","floor":5.0,"turns":4.0},{"damage":18.0,"enemies":"Gremlin Nob","floor":7.0,"turns":4.0},{"damage":6.0,"enemies":"Exordium Wildlife","floor":8.0,"turns":5.0},{"damage":11.0,"enemies":"Lagavulin","floor":10.0,"turns":6.0},{"damage":0.0,"enemies":"Looter","floor":12.0,"turns":2.0},{"damage":3.0,"enemies":"The Guardian","floor":16.0,"turns":7.0},{"damage":8.0,"enemies":"2 Thieves","floor":18.0,"turns":4.0},{"damage":1.0,"enemies":"3 Byrds","floor":20.0,"turns":3.0},{"damage":14.0,"enemies":"Shelled Parasite and Fungi","floor":21.0,"turns":6.0},{"damage":25.0,"enemies":"Gremlin Leader","floor":23.0,"turns":8.0},{"damage":6,"enemies":"Chosen and Byrds","floor":29,"turns":5},{"damage":42,"enemies":"Automaton","floor":33,"turns":6}],"seed_played":"4615559462761964175","potions_obtained":[{"floor":5.0,"key":"Swift Potion"},{"floor":7.0,"key":"Weak Potion"},{"floor":8.0,"key":"FearPotion"},{"floor":12.0,"key":"AttackPotion"}],"is_trial":false,"path_per_floor":["M","$","?","M","M","R","E","M","T","E","R","M","$","?","R","B",null,"M","?","M","M","$","E","R","?","T","R","?","M","R","$","R","B"],"character_chosen":"DEFECT","items_purchased":["Storm","Steam","Ancient Tea Set","Streamline"],"campfire_rested":1,"item_purchase_floors":[13,13,22,31],"current_hp_per_floor":[60,60,60,60,58,58,40,34,34,23,23,23,23,23,23,20,53,45,45,44,30,30,5,24,37,37,37,37,31,31,31,31,0],"gold":109,"neow_bonus":"ONE_RARE_RELIC","is_prod":false,"is_daily":false,"chose_seed":false,"campfire_upgraded":6,"win_rate":0,"timestamp":1565359193,"path_taken":["M","$","?","M","M","R","E","M","T","E","R","M","?","?","R","BOSS","M","?","M","M","$","E","R","?","T","R","?","M","R","?","R","BOSS"],"build_version":"2019-07-17","purchased_purges":0,"victory":false,"max_hp_per_floor":[64,64,64,64,64,64,64,64,64,64,64,64,64,64,64,64,64,64,64,64,64,64,64,64,64,64,64,64,64,64,64,64,64],"card_choices":[{"not_picked":["Rebound","Redo"],"picked":"Cold Snap","floor":1.0},{"not_picked":["Hologram","Darkness"],"picked":"Conserve Battery","floor":4.0},{"not_picked":["Ball Lightning","Go for the Eyes"],"picked":"Chill","floor":5.0},{"not_picked":["Ball Lightning","Auto Shields"],"picked":"Creative AI","floor":7.0},{"not_picked":["Lockon","Rebound"],"picked":"Sunder","floor":8.0},{"not_picked":["Beam Cell","Capacitor","Creative AI"],"picked":"SKIP","floor":10.0},{"not_picked":["Melter","Go for the Eyes","Turbo"],"picked":"SKIP","floor":12.0},{"not_picked":["Hyperbeam","Biased Cognition"],"picked":"Machine Learning","floor":16.0},{"not_picked":["Loop","FTL"],"picked":"Coolheaded","floor":18.0},{"not_picked":["Cold Snap","Static Discharge"],"picked":"Rebound","floor":20.0},{"not_picked":["Streamline","Steam","Barrage"],"picked":"SKIP","floor":21.0},{"not_picked":["Biased Cognition","Hello World+1","Hologram"],"picked":"SKIP","floor":23.0},{"not_picked":["Steam","Redo","Hologram"],"picked":"Tempest","floor":29}],"player_experience":999186,"relics_obtained":[{"floor":7.0,"key":"Orichalcum"},{"floor":9.0,"key":"Bronze Scales"},{"floor":10.0,"key":"Shuriken"},{"floor":23.0,"key":"Juzu Bracelet"},{"floor":26,"key":"Question Card"}],"event_choices":[{"damage_healed":0.0,"max_hp_gain":0.0,"max_hp_loss":0.0,"gold_gain":0.0,"event_name":"Upgrade Shrine","player_choice":"Upgraded","floor":3.0,"gold_loss":0.0,"damage_taken":0.0,"cards_upgraded":["Zap"]},{"damage_healed":0.0,"max_hp_gain":0.0,"max_hp_loss":0.0,"gold_gain":0.0,"event_name":"Living Wall","player_choice":"Grow","floor":14.0,"gold_loss":0.0,"damage_taken":0.0,"cards_upgraded":["Steam"]},{"damage_healed":0.0,"max_hp_gain":0.0,"max_hp_loss":0.0,"gold_gain":0.0,"event_name":"Duplicator","player_choice":"Copied","floor":19.0,"gold_loss":0.0,"damage_taken":0.0,"cards_obtained":["Conserve Battery"]},{"damage_healed":13,"gold_gain":0,"player_choice":"Heal","damage_taken":0,"max_hp_gain":0,"max_hp_loss":0,"event_name":"The Library","floor":25,"gold_loss":0},{"damage_healed":0,"gold_gain":0,"cards_transformed":["Strike_B","Strike_B"],"player_choice":"Became Test Subject","damage_taken":0,"max_hp_gain":0,"max_hp_loss":0,"event_name":"Drug Dealer","floor":28,"gold_loss":0,"cards_obtained":["Fusion","Hello World"]}],"is_beta":false,"boss_relics":[{"not_picked":["Snecko Eye","Astrolabe"],"picked":"Sozu"}],"items_purged_floors":[],"is_endless":false,"potions_floor_spawned":[5,7,8,12,18,29],"killed_by":"Automaton","ascension_level":19}