{"gold_per_floor":[369,136,86,48,48,48,83,93,93,113,113,140,159,219,219,219],"floor_reached":16,"playtime":655,"items_purged":["Strike_R"],"score":140,"play_id":"25dd48e3-2e11-425f-895a-cde4cfd1810f","local_time":"20190122093533","is_ascension_mode":true,"campfire_choices":[{"data":"Rupture","floor":6,"key":"SMITH"},{"data":"Iron Wave","floor":11,"key":"SMITH"},{"data":"Shrug It Off","floor":15,"key":"SMITH"}],"neow_cost":"CURSE","seed_source_timestamp":4110253219648161,"circlet_count":0,"master_deck":["Strike_R","Strike_R","Strike_R","Strike_R","Defend_R","Defend_R","Defend_R","Bash","Regret","True Grit+1","Rupture+1","Reckless Charge","Reckless Charge","Iron Wave+1","Pommel Strike","Shrug It Off+1","Flame Barrier"],"relics":["Burning Blood","Shuriken","Gremlin Horn","Matryoshka","Mango"],"potions_floor_usage":[12,14,16],"damage_taken":[{"damage":7,"enemies":"Small Slimes","floor":1,"turns":3},{"damage":34,"enemies":"Gremlin Nob","floor":7,"turns":4},{"damage":15,"enemies":"Jaw Worm","floor":8,"turns":4},{"damage":0,"enemies":"2 Louse","floor":10,"turns":2},{"damage":13,"enemies":"Lagavulin","floor":12,"turns":5},{"damage":6,"enemies":"Large Slime","floor":13,"turns":7},{"damage":17,"enemies":"Gremlin Nob","floor":14,"turns":4},{"damage":45,"enemies":"The Guardian","floor":16,"turns":9}],"seed_played":"-3443563963158795277","potions_obtained":[{"floor":1,"key":"SpeedPotion"},{"floor":10,"key":"Swift Potion"},{"floor":13,"key":"BloodPotion"}],"is_trial":false,"path_per_floor":["M","$","?","$","?","R","E","M","T","M","R","E","M","?","R","B"],"character_chosen":"IRONCLAD","items_purchased":["Rupture","Reckless Charge","Reckless Charge"],"campfire_rested":0,"item_purchase_floors":[2,2,4],"current_hp_per_floor":[71,71,71,71,71,71,43,34,34,40,40,33,33,36,36,0],"gold":219,"neow_bonus":"TWO_FIFTY_GOLD","is_prod":false,"is_daily":false,"chose_seed":false,"campfire_upgraded":3,"win_rate":0,"timestamp":1548167733,"path_taken":["M","$","?","$","?","R","E","M","T","M","R","E","?","?","R","BOSS"],"build_version":"2019-01-17v2","purchased_purges":1,"victory":false,"max_hp_per_floor":[80,80,80,80,80,80,80,80,80,80,80,80,80,94,94,94],"card_choices":[{"not_picked":["Headbutt","Sword Boomerang"],"picked":"True Grit","floor":1},{"not_picked":["Armaments","Blood for Blood"],"picked":"Iron Wave","floor":7},{"not_picked":["Clothesline","Twin Strike","Juggernaut"],"picked":"SKIP","floor":8},{"not_picked":["Intimidate","Anger"],"picked":"Pommel Strike","floor":10},{"not_picked":["Seeing Red","Warcry"],"picked":"Shrug It Off","floor":12},{"not_picked":["Havoc","Anger","Body Slam"],"picked":"SKIP","floor":13},{"not_picked":["Clash","Rage"],"picked":"Flame Barrier","floor":14}],"player_experience":290108,"relics_obtained":[{"floor":7,"key":"Shuriken"},{"floor":9,"key":"Gremlin Horn"},{"floor":12,"key":"Matryoshka"},{"floor":14,"key":"Mango"}],"event_choices":[{"cards_removed":["Defend_R"],"damage_healed":0,"gold_gain":0,"player_choice":"Card Removal","damage_taken":0,"max_hp_gain":0,"max_hp_loss":0,"event_name":"The Cleric","floor":3,"gold_loss":50},{"damage_healed":0,"gold_gain":0,"player_choice":"Grow","damage_taken":0,"max_hp_gain":0,"max_hp_loss":0,"event_name":"Living Wall","floor":5,"gold_loss":0,"cards_upgraded":["True Grit"]},{"damage_healed":0,"gold_gain":30,"player_choice":"Searched \u00272\u0027 times","damage_taken":0,"max_hp_gain":0,"max_hp_loss":0,"event_name":"Dead Adventurer","floor":14,"gold_loss":0}],"is_beta":false,"boss_relics":[],"items_purged_floors":[2],"is_endless":false,"potions_floor_spawned":[1,10,13],"killed_by":"The Guardian","ascension_level":6}