{"gold_per_floor":[110,110,126,4,23,51,51,66,66,79,109,9,9,20,20,116,116,106,59,73,89,89,120,120,137,137,12,42,62,62,62,62,62],"floor_reached":33,"playtime":25727,"items_purged":["Bash","Strike_R","Defend_R"],"score":312,"play_id":"264731e6-6f98-4c9b-b7e1-3e648069f06f","local_time":"20190726224716","is_ascension_mode":true,"campfire_choices":[{"data":"Rampage","floor":7,"key":"SMITH"},{"data":"True Grit","floor":15,"key":"SMITH"},{"floor":24,"key":"REST"},{"floor":30,"key":"REST"},{"data":"Warcry","floor":32,"key":"SMITH"}],"neow_cost":"NONE","seed_source_timestamp":238337539954400,"circlet_count":0,"master_deck":["Strike_R","Strike_R","Strike_R","Strike_R","Defend_R","Defend_R","Defend_R","Rampage+1","Headbutt","Battle Trance","Ghostly Armor","Warcry+1","True Grit+1","Headbutt+1","Pommel Strike+1","Headbutt+1","Perfected Strike+1","Perfected Strike+1","Armaments+1","Sword Boomerang+1"],"relics":["Burning Blood","GremlinMask","Orichalcum","Oddly Smooth Stone","Molten Egg 2","Mark of Pain","Regal Pillow","Du-Vu Doll","Dodecahedron"],"potions_floor_usage":[16,16,23,23,33,33],"damage_taken":[{"damage":6,"enemies":"Small Slimes","floor":1,"turns":4},{"damage":10,"enemies":"Cultist","floor":3,"turns":4},{"damage":13,"enemies":"Jaw Worm","floor":5,"turns":3},{"damage":33,"enemies":"Gremlin Nob","floor":6,"turns":5},{"damage":9,"enemies":"Exordium Thugs","floor":8,"turns":4},{"damage":0,"enemies":"3 Louse","floor":10,"turns":4},{"damage":29,"enemies":"Lagavulin","floor":11,"turns":7},{"damage":7,"enemies":"Blue Slaver","floor":14,"turns":3},{"damage":12,"enemies":"Slime Boss","floor":16,"turns":9},{"damage":12,"enemies":"2 Thieves","floor":18,"turns":4},{"damage":14,"enemies":"Spheric Guardian","floor":20,"turns":4},{"damage":19,"enemies":"Snake Plant","floor":21,"turns":6},{"damage":29,"enemies":"Book of Stabbing","floor":23,"turns":5},{"damage":12,"enemies":"3 Cultists","floor":25,"turns":5},{"damage":28,"enemies":"Gremlin Leader","floor":28,"turns":4},{"damage":19,"enemies":"Snecko","floor":29,"turns":5},{"damage":91,"enemies":"Collector","floor":33,"turns":9}],"seed_played":"764032492531351290","potions_obtained":[{"floor":1,"key":"Strength Potion"},{"floor":10,"key":"Block Potion"},{"floor":14,"key":"PowerPotion"},{"floor":20,"key":"SteroidPotion"},{"floor":21,"key":"SteroidPotion"},{"floor":29,"key":"Block Potion"}],"is_trial":false,"path_per_floor":["M","?","M","$","M","E","R","M","T","M","E","$","$","M","R","B",null,"M","$","M","M","?","E","R","M","T","$","E","M","R","?","R","B"],"character_chosen":"IRONCLAD","items_purchased":["Headbutt","Pommel Strike+1"],"campfire_rested":2,"item_purchase_floors":[4,19],"current_hp_per_floor":[88,88,84,84,77,50,50,47,47,53,30,30,30,29,29,23,88,82,82,74,61,61,38,79,73,73,73,51,38,79,79,79,0],"gold":62,"neow_bonus":"TEN_PERCENT_HP_BONUS","is_prod":false,"is_daily":false,"chose_seed":false,"campfire_upgraded":3,"win_rate":0,"timestamp":1564152436,"path_taken":["M","?","M","$","M","E","R","M","T","M","E","?","$","M","R","BOSS","M","$","M","M","?","E","R","M","T","$","E","M","R","?","R","BOSS"],"build_version":"2019-07-17","purchased_purges":3,"victory":false,"max_hp_per_floor":[88,88,88,88,88,88,88,88,88,88,88,88,88,88,88,88,88,88,88,88,88,88,88,88,88,88,88,88,88,88,88,88,88],"card_choices":[{"not_picked":["Sword Boomerang","Shockwave"],"picked":"Reckless Charge","floor":1},{"not_picked":["Twin Strike","Anger"],"picked":"Rampage","floor":3},{"not_picked":["Body Slam","Wild Strike"],"picked":"Battle Trance","floor":5},{"not_picked":["Pummel","Twin Strike"],"picked":"Ghostly Armor","floor":6},{"not_picked":["Hemokinesis","Armaments","Disarm"],"picked":"SKIP","floor":8},{"not_picked":["Inflame","Combust","Blood for Blood"],"picked":"SKIP","floor":10},{"not_picked":["Armaments","Whirlwind"],"picked":"Warcry","floor":11},{"not_picked":["Dark Embrace","Heavy Blade+1"],"picked":"True Grit","floor":14},{"not_picked":["Cleave+1","Dropkick+1"],"picked":"Headbutt+1","floor":18},{"not_picked":["Heavy Blade+1","Ghostly Armor"],"picked":"Headbutt+1","floor":20},{"not_picked":["Shockwave+1","Shrug It Off"],"picked":"Perfected Strike+1","floor":21},{"not_picked":["Heavy Blade+1","Inflame"],"picked":"Armaments+1","floor":23},{"not_picked":["Shockwave+1","Shrug It Off","Clothesline+1"],"picked":"SKIP","floor":25},{"not_picked":["Brutality","Body Slam+1","Iron Wave+1"],"picked":"SKIP","floor":28},{"not_picked":["Iron Wave+1","Warcry","Flex"],"picked":"SKIP","floor":29}],"player_experience":668538,"relics_obtained":[{"floor":6,"key":"Orichalcum"},{"floor":9,"key":"Oddly Smooth Stone"},{"floor":11,"key":"Molten Egg 2"},{"floor":23,"key":"Regal Pillow"},{"floor":26,"key":"Du-Vu Doll"},{"floor":28,"key":"Dodecahedron"}],"event_choices":[{"damage_healed":0,"gold_gain":0,"player_choice":"Trade","damage_taken":0,"relics_obtained":["GremlinMask"],"max_hp_gain":0,"max_hp_loss":0,"event_name":"FaceTrader","floor":2,"gold_loss":0},{"damage_healed":0,"gold_gain":0,"player_choice":"Read","damage_taken":0,"max_hp_gain":0,"max_hp_loss":0,"event_name":"The Library","floor":22,"gold_loss":0,"cards_obtained":["Perfected Strike"]},{"damage_healed":0,"gold_gain":0,"cards_transformed":["Reckless Charge"],"player_choice":"Transformed","damage_taken":0,"max_hp_gain":0,"max_hp_loss":0,"event_name":"Transmorgrifier","floor":31,"gold_loss":0,"cards_obtained":["Sword Boomerang"]}],"is_beta":false,"boss_relics":[{"not_picked":["Astrolabe","Cursed Key"],"picked":"Mark of Pain"}],"items_purged_floors":[4,12,27],"is_endless":false,"potions_floor_spawned":[1,10,14,20,21,29],"killed_by":"Collector","ascension_level":1}