{"gold_per_floor":[116,116,136,149,149,177,177,177,177,177,190,190,203,203,203,280,280,295,305,305,305,48,48,74,94,139,159,159,159,33,53,53,53],"floor_reached":33,"playtime":1278,"items_purged":[],"score":490,"play_id":"2c21165f-44df-4668-b5c6-84ee321bbbae","local_time":"20190820224212","is_ascension_mode":true,"campfire_choices":[{"floor":7.0,"key":"REST"},{"floor":10.0,"key":"RECALL"},{"floor":15.0,"key":"REST"},{"data":"Double Tap","floor":23.0,"key":"SMITH"},{"floor":32.0,"key":"REST"}],"neow_cost":"NONE","seed_source_timestamp":0,"circlet_count":0,"master_deck":["AscendersBane","Strike_R+1","Strike_R+1","Strike_R+1","Strike_R+1","Strike_R+1","Defend_R+1","Defend_R+1","Defend_R+1","Defend_R+1","Bash","Inflame","Perfected Strike+1","Cleave","Perfected Strike+1","Pommel Strike+1","Uppercut+1","Demon Form","Perfected Strike+1","Pummel+1","Double Tap+1","Pummel+1","Feed+1","Headbutt+1","Heavy Blade+1","Pommel Strike+1","Finesse","Hemokinesis+1"],"special_seed":0,"relics":["Burning Blood","Bag of Preparation","Molten Egg 2","Mark of Pain","Paper Frog","Ancient Tea Set"],"potions_floor_usage":[33],"damage_taken":[{"damage":7.0,"enemies":"Cultist","floor":1.0,"turns":4.0},{"damage":10.0,"enemies":"Small Slimes","floor":3.0,"turns":3.0},{"damage":4.0,"enemies":"2 Louse","floor":4.0,"turns":3.0},{"damage":40.0,"enemies":"Lagavulin","floor":6.0,"turns":7.0},{"damage":1.0,"enemies":"2 Fungi Beasts","floor":11.0,"turns":3.0},{"damage":8.0,"enemies":"Blue Slaver","floor":13.0,"turns":2.0},{"damage":34.0,"enemies":"Hexaghost","floor":16.0,"turns":9.0},{"damage":17.0,"enemies":"3 Byrds","floor":18.0,"turns":4.0},{"damage":11.0,"enemies":"Spheric Guardian","floor":19.0,"turns":3.0},{"damage":20.0,"enemies":"Book of Stabbing","floor":24.0,"turns":3.0},{"damage":0.0,"enemies":"Snecko","floor":25.0,"turns":2.0},{"damage":9.0,"enemies":"3 Cultists","floor":27.0,"turns":4.0},{"damage":44.0,"enemies":"Shelled Parasite and Fungi","floor":31.0,"turns":4.0},{"damage":94,"enemies":"Automaton","floor":33,"turns":6}],"seed_played":"6527312878151543199","potions_obtained":[{"floor":3.0,"key":"SpeedPotion"},{"floor":13.0,"key":"Swift Potion"},{"floor":16.0,"key":"Block Potion"},{"floor":18.0,"key":"LiquidBronze"},{"floor":24.0,"key":"GamblersBrew"},{"floor":25.0,"key":"Poison Potion"}],"is_trial":false,"path_per_floor":["M","?","M","M","?","E","R","?","T","R","M","?","M","?","R","B",null,"M","M","?","?","$","R","E","M","T","M","?","?","$","M","R","B"],"character_chosen":"IRONCLAD","items_purchased":["Double Tap","Pummel+1","Pommel Strike+1","Finesse"],"campfire_rested":3,"item_purchase_floors":[22,22,30,30],"current_hp_per_floor":[67,56,52,54,54,20,42,42,42,42,47,24,22,27,51,23,66,55,50,50,50,50,50,36,42,42,39,39,55,55,17,41,0],"gold":53,"neow_bonus":"RANDOM_COMMON_RELIC","is_prod":false,"is_daily":false,"chose_seed":false,"campfire_upgraded":1,"win_rate":0,"timestamp":1566366132,"path_taken":["M","?","M","M","?","E","R","?","T","R","M","?","M","?","R","BOSS","M","M","?","?","?","R","E","M","T","?","?","?","$","M","R","BOSS"],"build_version":"2019-07-17","purchased_purges":0,"victory":false,"max_hp_per_floor":[75,75,75,75,75,75,75,75,75,75,75,75,75,80,80,80,80,80,80,80,80,80,80,80,80,80,80,80,80,80,80,80,80],"card_choices":[{"not_picked":["Cleave","Twin Strike"],"picked":"Inflame","floor":1.0},{"not_picked":["Flex","Metallicize"],"picked":"Perfected Strike","floor":3.0},{"not_picked":["Clothesline","Body Slam"],"picked":"Cleave","floor":4.0},{"not_picked":["Evolve","Cleave"],"picked":"Perfected Strike","floor":6.0},{"not_picked":["Rage","Clash+1"],"picked":"Pommel Strike+1","floor":11.0},{"not_picked":["Pummel+1","Heavy Blade+1"],"picked":"Uppercut+1","floor":13.0},{"not_picked":["Brutality","Limit Break"],"picked":"Demon Form","floor":16.0},{"not_picked":["Wild Strike+1","Corruption"],"picked":"Perfected Strike+1","floor":18.0},{"not_picked":["Havoc","Warcry+1"],"picked":"Pummel+1","floor":19.0},{"not_picked":["Anger+1","Shrug It Off"],"picked":"Feed+1","floor":24.0},{"not_picked":["Evolve+1","Combust+1"],"picked":"Headbutt+1","floor":25.0},{"not_picked":["Anger+1","Clash+1"],"picked":"Heavy Blade+1","floor":27.0},{"not_picked":["Clash+1","Warcry"],"picked":"Hemokinesis+1","floor":31.0}],"player_experience":710938,"relics_obtained":[{"floor":6.0,"key":"Molten Egg 2"},{"floor":24.0,"key":"Paper Frog"},{"floor":26.0,"key":"Ancient Tea Set"}],"event_choices":[{"damage_healed":0.0,"max_hp_gain":0.0,"max_hp_loss":0.0,"gold_gain":0.0,"event_name":"Scrap Ooze","player_choice":"Fled","floor":2.0,"gold_loss":0.0,"damage_taken":11.0},{"damage_healed":0.0,"max_hp_gain":0.0,"max_hp_loss":0.0,"gold_gain":0.0,"event_name":"Liars Game","player_choice":"Ignored","floor":5.0,"gold_loss":0.0,"damage_taken":0.0},{"damage_healed":0.0,"max_hp_gain":0.0,"max_hp_loss":0.0,"gold_gain":0.0,"event_name":"Living Wall","player_choice":"Grow","floor":8.0,"gold_loss":0.0,"damage_taken":0.0,"cards_upgraded":["Perfected Strike"]},{"damage_healed":0.0,"max_hp_gain":0.0,"max_hp_loss":0.0,"gold_gain":0.0,"event_name":"Shining Light","player_choice":"Entered Light","floor":12.0,"gold_loss":0.0,"damage_taken":23.0,"cards_upgraded":["Defend_R","Strike_R"]},{"damage_healed":0.0,"max_hp_gain":5.0,"max_hp_loss":0.0,"gold_gain":0.0,"event_name":"Big Fish","player_choice":"Donut","floor":14.0,"gold_loss":0.0,"damage_taken":0.0},{"damage_healed":0.0,"max_hp_gain":0.0,"max_hp_loss":0.0,"gold_gain":0.0,"event_name":"Back to Basics","player_choice":"Simplicity","floor":20.0,"gold_loss":0.0,"damage_taken":0.0,"cards_upgraded":["Strike_R","Strike_R","Strike_R","Strike_R","Defend_R","Defend_R","Defend_R"]},{"damage_healed":0.0,"max_hp_gain":0.0,"max_hp_loss":0.0,"gold_gain":0.0,"event_name":"Ghosts","player_choice":"Ignored","floor":21.0,"gold_loss":0.0,"damage_taken":0.0},{"damage_healed":0.0,"max_hp_gain":0.0,"max_hp_loss":0.0,"gold_gain":0.0,"event_name":"Vampires","player_choice":"Ignored","floor":28.0,"gold_loss":0.0,"damage_taken":0.0},{"damage_healed":16.0,"max_hp_gain":0.0,"max_hp_loss":0.0,"gold_gain":0.0,"event_name":"The Library","player_choice":"Heal","floor":29.0,"gold_loss":0.0,"damage_taken":0.0}],"is_beta":false,"boss_relics":[{"not_picked":["Runic Cube","Philosopher\u0027s Stone"],"picked":"Mark of Pain"}],"items_purged_floors":[],"is_endless":false,"potions_floor_spawned":[3,13,16,18,24,25],"killed_by":"Automaton","ascension_level":17}