{"gold_per_floor":[115,10,10,10,29,29,43,43,43,54,54,84,35,61,61,158,158,175,175,175,6,21,21,53,71,71,90,15,15,15,15,15,110,110,120,21,21,21,38,38,51,51],"floor_reached":42,"playtime":3064,"items_purged":[],"score":464,"play_id":"dd64adb0-3ba0-449d-bc37-d28f48e975a4","local_time":"20190728092711","is_ascension_mode":true,"campfire_choices":[{"data":"Flex","floor":6.0,"key":"SMITH"},{"data":"Finesse","floor":8.0,"key":"SMITH"},{"data":"Armaments","floor":15.0,"key":"SMITH"},{"floor":23.0,"key":"REST"},{"floor":32.0,"key":"REST"},{"data":"Demon Form","floor":40.0,"key":"SMITH"}],"neow_cost":"NONE","seed_source_timestamp":1544418832980,"circlet_count":0,"master_deck":["Strike_R+1","Strike_R+1","Strike_R+1","Strike_R+1","Defend_R+1","Defend_R+1","Defend_R+1","Defend_R+1","Bash","Armaments+1","Finesse+1","Flex+1","Thunderclap","Thunderclap","Warcry","Armaments+1","Anger","Demon Form+1","Inflame","Infernal Blade","Heavy Blade","Thunderclap","Berserk+1","Evolve+1","Flex","Pommel Strike","Barricade","Battle Trance+1","Shrug It Off","Fire Breathing","Shrug It Off+1","Clash+1"],"special_seed":0,"relics":["Burning Blood","Boot","Orichalcum","Juzu Bracelet","Pantograph","Runic Cube","Question Card","Mercury Hourglass","Peace Pipe","Mark of Pain"],"potions_floor_usage":[],"damage_taken":[{"damage":8.0,"enemies":"Jaw Worm","floor":1.0,"turns":5.0},{"damage":1.0,"enemies":"Cultist","floor":5.0,"turns":4.0},{"damage":0.0,"enemies":"2 Louse","floor":7.0,"turns":2.0},{"damage":9.0,"enemies":"Exordium Wildlife","floor":10.0,"turns":3.0},{"damage":22.0,"enemies":"Lagavulin","floor":12.0,"turns":5.0},{"damage":10.0,"enemies":"3 Sentries","floor":14.0,"turns":5.0},{"damage":33.0,"enemies":"Slime Boss","floor":16.0,"turns":8.0},{"damage":29.0,"enemies":"Spheric Guardian","floor":18.0,"turns":5.0},{"damage":21.0,"enemies":"3 Byrds","floor":22.0,"turns":4.0},{"damage":41.0,"enemies":"Book of Stabbing","floor":24.0,"turns":5.0},{"damage":13.0,"enemies":"Snecko","floor":25.0,"turns":3.0},{"damage":7.0,"enemies":"Cultist and Chosen","floor":27.0,"turns":3.0},{"damage":52.0,"enemies":"Champ","floor":33.0,"turns":9.0},{"damage":34.0,"enemies":"3 Darklings","floor":35.0,"turns":5.0},{"damage":10.0,"enemies":"Orb Walker","floor":39.0,"turns":3.0},{"damage":70,"enemies":"Transient","floor":41,"turns":5},{"damage":18,"enemies":"Writhing Mass","floor":42,"turns":1}],"seed_played":"-6641013787574377091","potions_obtained":[{"floor":1.0,"key":"SkillPotion"},{"floor":10.0,"key":"Swift Potion"},{"floor":12.0,"key":"Swift Potion"},{"floor":18.0,"key":"Ancient Potion"},{"floor":22.0,"key":"AttackPotion"},{"floor":33.0,"key":"SteroidPotion"},{"floor":39.0,"key":"Weak Potion"}],"is_trial":false,"path_per_floor":["M","$","?","$","M","R","M","R","T","M","$","E","$","E","R","B",null,"M","?","?","$","M","R","E","M","T","M","$","?","?","$","R","B",null,"M","$","?","?","M","R","M","M"],"character_chosen":"IRONCLAD","items_purchased":["Finesse","Flex","Armaments","Inflame","Infernal Blade","Heavy Blade","Flex","Pommel Strike","Shrug It Off","Fire Breathing"],"campfire_rested":2,"item_purchase_floors":[2,2,13,21,21,21,28,28,36,36],"current_hp_per_floor":[78,78,78,78,80,80,80,80,80,77,77,61,61,57,57,53,80,57,42,42,42,27,52,17,10,10,9,9,9,9,9,34,13,85,57,57,85,85,81,81,17,0],"gold":51,"neow_bonus":"RANDOM_COMMON_RELIC","is_prod":false,"is_daily":false,"chose_seed":false,"campfire_upgraded":4,"win_rate":0,"timestamp":1564298831,"path_taken":["M","$","?","?","M","R","M","R","T","M","$","E","$","E","R","BOSS","M","?","?","$","M","R","E","M","T","M","$","?","?","$","R","BOSS","M","$","?","?","M","R","M","M"],"build_version":"2019-07-17","purchased_purges":0,"victory":false,"max_hp_per_floor":[80,80,80,80,80,80,80,80,80,80,80,80,80,80,80,80,80,80,85,85,85,85,85,85,85,85,85,85,85,85,85,85,85,85,85,85,85,85,85,85,85,85],"card_choices":[{"not_picked":["Wild Strike","Pommel Strike"],"picked":"Armaments","floor":1.0},{"not_picked":["Clothesline","Power Through"],"picked":"Thunderclap","floor":5.0},{"not_picked":["True Grit","Clothesline"],"picked":"Thunderclap","floor":7.0},{"not_picked":["Heavy Blade","Perfected Strike"],"picked":"Sword Boomerang","floor":10.0},{"not_picked":["Body Slam","Second Wind"],"picked":"Warcry","floor":12.0},{"not_picked":["Dual Wield","Warcry"],"picked":"Anger","floor":14.0},{"not_picked":["Fiend Fire","Juggernaut"],"picked":"Demon Form","floor":16.0},{"not_picked":["True Grit","Wild Strike","Shockwave"],"picked":"SKIP","floor":18.0},{"not_picked":["Sever Soul","Uppercut"],"picked":"Thunderclap","floor":22.0},{"not_picked":["Perfected Strike+1","Havoc"],"picked":"Bloodletting+1","floor":24.0},{"not_picked":["Headbutt","Shrug It Off","Intimidate+1"],"picked":"Berserk","floor":25.0},{"not_picked":["Clothesline","Sword Boomerang","Headbutt+1"],"picked":"Evolve+1","floor":27.0},{"not_picked":["Dark Embrace","Limit Break","Fiend Fire"],"picked":"Barricade","floor":33.0},{"not_picked":["Clothesline+1","Heavy Blade","Sentinel+1"],"picked":"Battle Trance+1","floor":35.0},{"not_picked":["Iron Wave+1","Wild Strike+1","Blood for Blood+1"],"picked":"Shrug It Off+1","floor":39.0},{"not_picked":["Shrug It Off","True Grit+1","Perfected Strike"],"picked":"Clash+1","floor":41}],"player_experience":247670,"relics_obtained":[{"floor":9.0,"key":"Orichalcum"},{"floor":12.0,"key":"Juzu Bracelet"},{"floor":14.0,"key":"Pantograph"},{"floor":24.0,"key":"Question Card"},{"floor":26.0,"key":"Mercury Hourglass"}],"event_choices":[{"damage_healed":0.0,"max_hp_gain":0.0,"max_hp_loss":0.0,"gold_gain":0.0,"event_name":"Upgrade Shrine","player_choice":"Upgraded","floor":3.0,"gold_loss":0.0,"damage_taken":0.0,"cards_upgraded":["Armaments"]},{"damage_healed":0.0,"max_hp_gain":5.0,"max_hp_loss":0.0,"gold_gain":0.0,"event_name":"Forgotten Altar","player_choice":"Shed Blood","floor":19.0,"gold_loss":0.0,"damage_taken":20.0},{"damage_healed":0.0,"max_hp_gain":0.0,"max_hp_loss":0.0,"gold_gain":0.0,"event_name":"Back to Basics","player_choice":"Simplicity","floor":20.0,"gold_loss":0.0,"damage_taken":0.0,"cards_upgraded":["Strike_R","Strike_R","Strike_R","Strike_R","Strike_R","Defend_R","Defend_R","Defend_R","Defend_R"]},{"damage_healed":0.0,"max_hp_gain":0.0,"max_hp_loss":0.0,"gold_gain":0.0,"event_name":"Upgrade Shrine","player_choice":"Upgraded","floor":29.0,"gold_loss":0.0,"damage_taken":0.0,"cards_upgraded":["Berserk"]},{"cards_removed":["Sword Boomerang"],"damage_healed":0.0,"max_hp_gain":0.0,"max_hp_loss":0.0,"gold_gain":0.0,"event_name":"WeMeetAgain","player_choice":"Gave Card","floor":30.0,"gold_loss":0.0,"damage_taken":0.0,"relics_obtained":["Peace Pipe"]},{"cards_removed":["Bloodletting"],"damage_healed":28.0,"max_hp_gain":0.0,"max_hp_loss":0.0,"gold_gain":0.0,"event_name":"Bonfire Elementals","player_choice":"Offered Uncommon","floor":37.0,"gold_loss":0.0,"damage_taken":0.0},{"cards_removed":["Strike_R"],"damage_healed":0.0,"max_hp_gain":0.0,"max_hp_loss":0.0,"gold_gain":0.0,"event_name":"Falling","player_choice":"Removed Attack","floor":38.0,"gold_loss":0.0,"damage_taken":0.0}],"is_beta":false,"boss_relics":[{"not_picked":["White Beast Statue","Eternal Feather"],"picked":"Runic Cube"},{"not_picked":["Astrolabe","Empty Cage"],"picked":"Mark of Pain"}],"items_purged_floors":[],"is_endless":false,"potions_floor_spawned":[1,10,12,18,22,33,39],"killed_by":"Writhing Mass","ascension_level":2}