{"gold_per_floor":[159,159,159,179,198,198,231,241,267,267,267],"floor_reached":11,"playtime":610,"items_purged":[],"score":135,"play_id":"8af22ef7-6c67-4e2a-8207-296a86a3cd53","local_time":"20190820225313","is_ascension_mode":true,"campfire_choices":[{"data":"Infinite Blades","floor":6,"key":"SMITH"}],"neow_cost":"NONE","seed_source_timestamp":6975410629084,"circlet_count":0,"master_deck":["AscendersBane","Strike_G","Strike_G+1","Strike_G","Strike_G","Strike_G","Defend_G","Defend_G+1","Defend_G","Defend_G","Defend_G+1","Survivor","Neutralize","Infinite Blades+1","Dash","Dagger Throw","Blade Dance","Accuracy","Backflip"],"relics":["Tiny House","Pocketwatch","Centennial Puzzle","Omamori"],"potions_floor_usage":[7,11],"damage_taken":[{"damage":5,"enemies":"Jaw Worm","floor":1,"turns":5},{"damage":3,"enemies":"Cultist","floor":4,"turns":4},{"damage":2,"enemies":"Small Slimes","floor":5,"turns":3},{"damage":23,"enemies":"3 Sentries","floor":7,"turns":8},{"damage":0,"enemies":"Blue Slaver","floor":8,"turns":4},{"damage":16,"enemies":"Exordium Wildlife","floor":11,"turns":3}],"seed_played":"2876955591472058902","potions_obtained":[{"floor":0,"key":"Regen Potion"},{"floor":8,"key":"Swift Potion"}],"is_trial":false,"path_per_floor":["M","?","T","M","M","R","E","M","T","?","M"],"character_chosen":"THE_SILENT","items_purchased":[],"campfire_rested":0,"item_purchase_floors":[],"current_hp_per_floor":[59,38,38,35,33,33,25,25,25,15,0],"gold":267,"neow_bonus":"BOSS_RELIC","is_prod":false,"is_daily":false,"chose_seed":false,"campfire_upgraded":1,"win_rate":0,"timestamp":1566366793,"path_taken":["M","?","?","?","?","R","E","M","T","?","?"],"build_version":"2019-07-17","purchased_purges":0,"victory":false,"max_hp_per_floor":[71,71,71,71,71,71,71,71,71,71,71],"card_choices":[{"not_picked":["PiercingWail","Cloak And Dagger"],"picked":"Infinite Blades","floor":0},{"not_picked":["Concentrate","Sucker Punch"],"picked":"Dash","floor":1},{"not_picked":["Prepared","Concentrate"],"picked":"Dagger Throw","floor":4},{"not_picked":["Dodge and Roll","Heel Hook"],"picked":"Blade Dance","floor":5},{"not_picked":["Masterful Stab","Outmaneuver"],"picked":"Accuracy","floor":7},{"not_picked":["PiercingWail","Deflect"],"picked":"Backflip","floor":8}],"player_experience":712216,"relics_obtained":[{"floor":3,"key":"Pocketwatch"},{"floor":7,"key":"Centennial Puzzle"},{"floor":9,"key":"Omamori"}],"event_choices":[{"damage_healed":0,"gold_gain":0,"player_choice":"Entered Light","damage_taken":21,"max_hp_gain":0,"max_hp_loss":0,"event_name":"Shining Light","floor":2,"gold_loss":0,"cards_upgraded":["Defend_G","Defend_G"]},{"damage_healed":0,"gold_gain":0,"player_choice":"Damaged","damage_taken":10,"max_hp_gain":0,"max_hp_loss":0,"event_name":"Wheel of Change","floor":10,"gold_loss":0}],"is_beta":false,"boss_relics":[],"items_purged_floors":[],"is_endless":false,"potions_floor_spawned":[8],"killed_by":"Exordium Wildlife","ascension_level":17}