{"gold_per_floor":[119,119,138,157,180,180,180,180,180,196,26,46,1,14,14,14],"floor_reached":16,"playtime":1534,"items_purged":["Sever Soul"],"score":108,"play_id":"131a75f6-28aa-4aef-8223-95298e3a3337","local_time":"20190802010757","is_ascension_mode":true,"campfire_choices":[{"data":"Rampage","floor":6,"key":"SMITH"},{"data":"Shrug It Off","floor":8,"key":"SMITH"},{"data":"Warcry","floor":15,"key":"SMITH"}],"neow_cost":"NONE","seed_source_timestamp":789491752911000,"circlet_count":0,"master_deck":["Strike_R","Strike_R","Strike_R","Defend_R","Defend_R","Defend_R","Defend_R","Bash","Rampage+1","Intimidate","Power Through","Shrug It Off+1","Thunderclap","Flash of Steel","Warcry+1"],"relics":["Burning Blood","Golden Idol","Mummified Hand"],"potions_floor_usage":[16],"damage_taken":[{"damage":2,"enemies":"Jaw Worm","floor":1,"turns":3},{"damage":1,"enemies":"Cultist","floor":3,"turns":3},{"damage":5,"enemies":"Small Slimes","floor":4,"turns":3},{"damage":0,"enemies":"2 Fungi Beasts","floor":5,"turns":5},{"damage":11,"enemies":"Exordium Thugs","floor":10,"turns":5},{"damage":2,"enemies":"Exordium Wildlife","floor":12,"turns":4},{"damage":2,"enemies":"Large Slime","floor":14,"turns":7},{"damage":90,"enemies":"Hexaghost","floor":16,"turns":16}],"seed_played":"-282503980767397879","potions_obtained":[{"floor":1,"key":"FairyPotion"},{"floor":5,"key":"Explosive Potion"},{"floor":10,"key":"EssenceOfSteel"}],"is_trial":false,"path_per_floor":["M","?","M","M","M","R","?","R","T","M","$","M","$","M","R","B"],"character_chosen":"IRONCLAD","items_purchased":["Flash of Steel","Warcry"],"campfire_rested":0,"item_purchase_floors":[11,13],"current_hp_per_floor":[80,60,65,66,72,72,72,72,72,67,67,71,71,75,75,0],"gold":14,"neow_bonus":"TRANSFORM_CARD","is_prod":false,"is_daily":false,"chose_seed":false,"campfire_upgraded":3,"win_rate":0,"timestamp":1564679277,"path_taken":["M","?","M","M","M","R","?","R","T","M","$","M","$","M","R","BOSS"],"build_version":"2019-07-17","purchased_purges":1,"victory":false,"max_hp_per_floor":[80,80,80,80,80,80,80,80,80,80,80,80,80,80,80,80],"card_choices":[{"not_picked":["True Grit","Heavy Blade"],"picked":"Intimidate","floor":1},{"not_picked":["Cleave","Rupture"],"picked":"Power Through","floor":3},{"not_picked":["Dropkick","Heavy Blade"],"picked":"Shrug It Off","floor":4},{"not_picked":["Barricade","Body Slam","Havoc"],"picked":"SKIP","floor":5},{"not_picked":["Barricade","Body Slam","Havoc"],"picked":"SKIP","floor":5},{"not_picked":["Anger","Clothesline"],"picked":"Thunderclap","floor":10},{"not_picked":["Fire Breathing","Thunderclap","Hemokinesis"],"picked":"SKIP","floor":12},{"not_picked":["Intimidate","Metallicize","Body Slam"],"picked":"SKIP","floor":14}],"player_experience":714433,"relics_obtained":[{"floor":9,"key":"Mummified Hand"}],"event_choices":[{"damage_healed":0,"gold_gain":0,"player_choice":"Take Damage","damage_taken":20,"relics_obtained":["Golden Idol"],"max_hp_gain":0,"max_hp_loss":0,"event_name":"Golden Idol","floor":2,"gold_loss":0},{"damage_healed":0,"gold_gain":0,"cards_transformed":["Strike_R"],"player_choice":"Transformed","damage_taken":0,"max_hp_gain":0,"max_hp_loss":0,"event_name":"Transmorgrifier","floor":7,"gold_loss":0,"cards_obtained":["Sever Soul"]}],"is_beta":false,"boss_relics":[],"items_purged_floors":[11],"is_endless":false,"potions_floor_spawned":[1,5,10,14],"killed_by":"Hexaghost","ascension_level":3}