{"gold_per_floor":[112,129,129,147,159,159,187,212,237,250,39,56,71,71,71,71],"floor_reached":16,"playtime":3829,"items_purged":["Defend_R"],"score":109,"play_id":"6feb80f1-f7a8-4e91-a249-01182f0d2972","local_time":"20190106221811","is_ascension_mode":true,"campfire_choices":[{"data":"Armaments","floor":6,"key":"SMITH"},{"floor":15,"key":"REST"}],"neow_cost":"NONE","seed_source_timestamp":2770349086592669,"circlet_count":0,"master_deck":["Strike_R","Strike_R","Strike_R","Strike_R","Defend_R","Bash","Flame Barrier","Armaments+1","Demon Form","Shrug It Off","Shrug It Off","Limit Break","Berserk"],"relics":["Empty Cage","Odd Mushroom","Bag of Preparation","Dream Catcher"],"potions_floor_usage":[7,7,8,16],"damage_taken":[{"damage":15,"enemies":"Small Slimes","floor":1,"turns":4},{"damage":4,"enemies":"Jaw Worm","floor":2,"turns":5},{"damage":1,"enemies":"Cultist","floor":4,"turns":3},{"damage":17,"enemies":"Gremlin Gang","floor":5,"turns":5},{"damage":4,"enemies":"The Mushroom Lair","floor":7,"turns":7},{"damage":16,"enemies":"3 Sentries","floor":8,"turns":13},{"damage":0,"enemies":"Looter","floor":10,"turns":5},{"damage":7,"enemies":"3 Louse","floor":12,"turns":4},{"damage":0,"enemies":"Blue Slaver","floor":13,"turns":5},{"damage":35,"enemies":"The Guardian","floor":16,"turns":5}],"seed_played":"-1327483769563593098","potions_obtained":[{"floor":2,"key":"SkillPotion"},{"floor":4,"key":"Fire Potion"},{"floor":5,"key":"Swift Potion"},{"floor":12,"key":"Fire Potion"}],"is_trial":false,"path_per_floor":["M","M","?","M","M","R","?","E","T","M","$","M","M","$","R","B"],"character_chosen":"IRONCLAD","items_purchased":["Limit Break"],"campfire_rested":1,"item_purchase_floors":[11],"current_hp_per_floor":[65,61,54,53,36,36,32,16,16,16,16,9,9,9,33,0],"gold":71,"neow_bonus":"BOSS_RELIC","is_prod":false,"is_daily":false,"chose_seed":false,"campfire_upgraded":1,"win_rate":0,"timestamp":1546831091,"path_taken":["M","M","?","M","M","R","?","E","T","M","$","M","M","?","R","BOSS"],"build_version":"2019-01-03v4","purchased_purges":1,"victory":false,"max_hp_per_floor":[80,80,80,80,80,80,80,80,80,80,80,80,80,80,80,80],"card_choices":[{"not_picked":["Clash","Intimidate"],"picked":"Flame Barrier","floor":1},{"not_picked":["Body Slam","Heavy Blade"],"picked":"Armaments","floor":2},{"not_picked":["Body Slam","Clothesline"],"picked":"Demon Form","floor":4},{"not_picked":["Flex","True Grit","Anger"],"picked":"SKIP","floor":5},{"not_picked":["Clash","Heavy Blade"],"picked":"Shrug It Off","floor":7},{"not_picked":["Body Slam","Sever Soul","Thunderclap"],"picked":"SKIP","floor":8},{"not_picked":["Clash","True Grit"],"picked":"Shrug It Off","floor":10},{"not_picked":["Entrench","Intimidate","Fire Breathing"],"picked":"SKIP","floor":12},{"not_picked":["Intimidate","Heavy Blade","Twin Strike"],"picked":"SKIP","floor":13},{"not_picked":["Pommel Strike","Iron Wave"],"picked":"Berserk","floor":15}],"player_experience":64974,"relics_obtained":[{"floor":7,"key":"Odd Mushroom"},{"floor":8,"key":"Bag of Preparation"},{"floor":9,"key":"Dream Catcher"}],"event_choices":[{"cards_removed":["Defend_R"],"damage_healed":0,"gold_gain":0,"player_choice":"Card Removal","damage_taken":7,"max_hp_gain":0,"max_hp_loss":0,"event_name":"Golden Wing","floor":3,"gold_loss":0},{"damage_healed":0,"gold_gain":0,"player_choice":"Fought Mushrooms","damage_taken":0,"max_hp_gain":0,"max_hp_loss":0,"event_name":"Mushrooms","floor":7,"gold_loss":0}],"is_beta":false,"boss_relics":[],"items_purged_floors":[11],"is_endless":false,"potions_floor_spawned":[2,4,5,12],"killed_by":"The Guardian","ascension_level":1}