{"gold_per_floor":[118,129,304,28,28,28,38,95,95,127,57,87,11,15,15,113,113,132,151,16,16,36,66,78,78,78,78,78,113,125,73,73,73],"floor_reached":33,"playtime":4321,"items_purged":["Doubt"],"score":488,"play_id":"ab36441f-09d8-45f5-8063-05478414da63","local_time":"20190725174649","is_ascension_mode":true,"campfire_choices":[{"data":"Armaments","floor":6.0,"key":"SMITH"},{"floor":15.0,"key":"REST"},{"floor":27.0,"key":"REST"},{"floor":32.0,"key":"REST"}],"neow_cost":"NONE","seed_source_timestamp":0,"circlet_count":0,"master_deck":["Strike_R","Strike_R","Strike_R","Strike_R","Strike_R","Defend_R","Defend_R","Defend_R","Defend_R","Bash","Finesse","Armaments","Armaments+1","Purity","Metallicize+1","Pommel Strike","Metallicize","Headbutt","Anger","Dual Wield","Headbutt","Shrug It Off","Headbutt","Dual Wield","Demon Form","Spot Weakness+1","Headbutt","Armaments","Discovery","Infernal Blade","Flame Barrier","Rage+1","Decay","Armaments+1","Blood for Blood","Shrug It Off+1"],"special_seed":0,"relics":["Burning Blood","Bottled Flame","Gremlin Horn","Meat on the Bone","Centennial Puzzle","Runic Cube","Du-Vu Doll","Toxic Egg 2","Juzu Bracelet","Bag of Marbles"],"potions_floor_usage":[],"damage_taken":[{"damage":0.0,"enemies":"Small Slimes","floor":1.0,"turns":3.0},{"damage":7.0,"enemies":"Jaw Worm","floor":2.0,"turns":4.0},{"damage":0.0,"enemies":"Cultist","floor":7.0,"turns":4.0},{"damage":10.0,"enemies":"Gremlin Nob","floor":8.0,"turns":5.0},{"damage":25.0,"enemies":"Gremlin Nob","floor":10.0,"turns":6.0},{"damage":32.0,"enemies":"Lagavulin","floor":12.0,"turns":8.0},{"damage":1.0,"enemies":"Exordium Thugs","floor":14.0,"turns":4.0},{"damage":49.0,"enemies":"Hexaghost","floor":16.0,"turns":17.0},{"damage":2.0,"enemies":"3 Byrds","floor":18.0,"turns":7.0},{"damage":23.0,"enemies":"Spheric Guardian","floor":19.0,"turns":11.0},{"damage":27.0,"enemies":"Centurion and Healer","floor":22.0,"turns":8.0},{"damage":20.0,"enemies":"Slavers","floor":23.0,"turns":6.0},{"damage":22.0,"enemies":"Snake Plant","floor":24.0,"turns":8.0},{"damage":26.0,"enemies":"Book of Stabbing","floor":29.0,"turns":6.0},{"damage":31.0,"enemies":"Sentry and Sphere","floor":30.0,"turns":7.0},{"damage":67,"enemies":"Champ","floor":33,"turns":13}],"seed_played":"-5271940888896628371","potions_obtained":[{"floor":1.0,"key":"Swift Potion"},{"floor":2.0,"key":"LiquidBronze"},{"floor":8.0,"key":"SpeedPotion"},{"floor":12.0,"key":"EntropicBrew"},{"floor":19.0,"key":"AttackPotion"},{"floor":29.0,"key":"Ancient Potion"}],"is_trial":false,"path_per_floor":["M","M","?","$","?","R","M","?","T","E","$","E","$","M","R","B",null,"M","M","$","?","M","E","M","T","T","R","?","E","M","$","R","B"],"character_chosen":"IRONCLAD","items_purchased":["Purity","Metallicize","Pommel Strike","Dual Wield","Shrug It Off","Headbutt","Armaments","Discovery","Shrug It Off+1"],"campfire_rested":3,"item_purchase_floors":[4,4,4,11,13,13,20,20,31],"current_hp_per_floor":[80,79,79,79,79,79,80,76,76,57,57,43,43,48,72,41,80,80,63,63,55,46,44,40,40,40,64,64,56,43,43,67,0],"gold":73,"neow_bonus":"RANDOM_COLORLESS","is_prod":false,"is_daily":false,"chose_seed":false,"campfire_upgraded":1,"win_rate":0,"timestamp":1564069609,"path_taken":["M","M","?","$","?","R","M","?","T","E","$","E","$","M","R","BOSS","M","M","$","?","?","E","M","?","T","R","?","E","M","$","R","BOSS"],"build_version":"2019-07-17","purchased_purges":1,"victory":false,"max_hp_per_floor":[80,80,80,80,80,80,80,80,80,80,80,80,80,80,80,80,80,80,80,80,80,80,80,80,80,80,80,80,80,80,80,80,80],"card_choices":[{"not_picked":["Sword Boomerang","Feel No Pain"],"picked":"Armaments","floor":1.0},{"not_picked":["Wild Strike","Clash"],"picked":"Armaments","floor":2.0},{"not_picked":["Pommel Strike","Limit Break"],"picked":"Metallicize","floor":7.0},{"not_picked":["Warcry","Seeing Red"],"picked":"Headbutt","floor":8.0},{"not_picked":["Wild Strike","Berserk"],"picked":"Anger","floor":10.0},{"not_picked":["Clothesline","Corruption"],"picked":"Headbutt","floor":12.0},{"not_picked":["Flame Barrier","Power Through"],"picked":"Dual Wield","floor":14.0},{"not_picked":["Offering","Immolate"],"picked":"Demon Form","floor":16.0},{"not_picked":["Bloodletting","Armaments"],"picked":"Spot Weakness+1","floor":18.0},{"not_picked":["Bloodletting+1","Heavy Blade"],"picked":"Headbutt","floor":19.0},{"not_picked":["Sword Boomerang","Shrug It Off"],"picked":"Infernal Blade","floor":22.0},{"not_picked":["Twin Strike","Sentinel"],"picked":"Flame Barrier","floor":23.0},{"not_picked":["Twin Strike","Anger"],"picked":"Rage+1","floor":24.0},{"not_picked":["Cleave","Dark Embrace"],"picked":"Armaments+1","floor":29.0},{"not_picked":["Thunderclap+1","Perfected Strike"],"picked":"Blood for Blood","floor":30.0}],"player_experience":213644,"relics_obtained":[{"floor":8.0,"key":"Bottled Flame"},{"floor":9.0,"key":"Gremlin Horn"},{"floor":10.0,"key":"Meat on the Bone"},{"floor":12.0,"key":"Centennial Puzzle"},{"floor":23.0,"key":"Du-Vu Doll"},{"floor":25.0,"key":"Toxic Egg 2"},{"floor":26.0,"key":"Juzu Bracelet"},{"floor":29.0,"key":"Bag of Marbles"}],"event_choices":[{"damage_healed":0.0,"max_hp_gain":0.0,"max_hp_loss":0.0,"gold_gain":175.0,"event_name":"Liars Game","player_choice":"AGREE","floor":3.0,"gold_loss":0.0,"damage_taken":0.0,"cards_obtained":["Doubt"]},{"damage_healed":0.0,"max_hp_gain":0.0,"max_hp_loss":0.0,"gold_gain":0.0,"event_name":"Living Wall","player_choice":"Grow","floor":5.0,"gold_loss":0.0,"damage_taken":0.0,"cards_upgraded":["Metallicize"]},{"damage_healed":0.0,"max_hp_gain":0.0,"max_hp_loss":0.0,"gold_gain":0.0,"event_name":"Dead Adventurer","player_choice":"Searched \u00271\u0027 times","floor":8.0,"gold_loss":0.0,"damage_taken":0.0},{"damage_healed":0.0,"max_hp_gain":0.0,"max_hp_loss":0.0,"gold_gain":0.0,"event_name":"Wheel of Change","player_choice":"Damaged","floor":21.0,"gold_loss":0.0,"damage_taken":8.0},{"damage_healed":0.0,"max_hp_gain":0.0,"max_hp_loss":0.0,"gold_gain":0.0,"event_name":"Forgotten Altar","player_choice":"Smashed Altar","floor":28.0,"gold_loss":0.0,"damage_taken":0.0,"cards_obtained":["Decay"]}],"is_beta":false,"boss_relics":[{"not_picked":["Tiny House","Eternal Feather"],"picked":"Runic Cube"}],"items_purged_floors":[4],"is_endless":false,"potions_floor_spawned":[1,2,8,12,18,19,29],"killed_by":"Champ","ascension_level":1}