{"gold_per_floor":[113,131,62,75,86,86,106,106,106,117,117,135,161,185,185,309,309,325,50,75,100,0,0,0,0,0,0,41,41,61,94,94,94],"floor_reached":33,"playtime":1846,"items_purged":["Strike_B","Strike_B"],"score":391,"play_id":"3f898727-215a-4297-84ba-a200fc3c7762","local_time":"20190821154312","is_ascension_mode":true,"campfire_choices":[{"data":"White Noise","floor":6,"key":"SMITH"},{"floor":8,"key":"REST"},{"floor":15,"key":"REST"},{"data":"Biased Cognition","floor":23,"key":"SMITH"},{"data":"Zap","floor":25,"key":"SMITH"},{"floor":27,"key":"REST"},{"floor":29,"key":"REST"},{"floor":32,"key":"REST"}],"neow_cost":"NONE","seed_source_timestamp":19812430812194,"circlet_count":0,"master_deck":["Defend_B","Defend_B","Defend_B","Defend_B","Zap+1","Dualcast","Glacier","Ball Lightning","White Noise+1","Ball Lightning","Conserve Battery","Echo Form","Chill","Biased Cognition+1","Cold Snap","Decay","FTL+1","Go for the Eyes"],"relics":["Cracked Core","Art of War","Dream Catcher","Golden Idol","Blood Vial","Empty Cage","DataDisk","Singing Bowl","Pen Nib","Gremlin Horn"],"potions_floor_usage":[4,7,14,16,28,30,30,33,33],"damage_taken":[{"damage":0,"enemies":"Jaw Worm","floor":1,"turns":4},{"damage":0,"enemies":"Cultist","floor":2,"turns":5},{"damage":0,"enemies":"Small Slimes","floor":4,"turns":3},{"damage":14,"enemies":"Gremlin Gang","floor":5,"turns":3},{"damage":8,"enemies":"Exordium Wildlife","floor":7,"turns":4},{"damage":3,"enemies":"Blue Slaver","floor":10,"turns":3},{"damage":0,"enemies":"2 Fungi Beasts","floor":12,"turns":3},{"damage":5,"enemies":"Large Slime","floor":14,"turns":4},{"damage":6,"enemies":"Slime Boss","floor":16,"turns":8},{"damage":3,"enemies":"3 Byrds","floor":18,"turns":5},{"damage":7,"enemies":"Chosen","floor":20,"turns":3},{"damage":3,"enemies":"Snake Plant","floor":21,"turns":5},{"damage":22,"enemies":"Book of Stabbing","floor":28,"turns":6},{"damage":0,"enemies":"Sentry and Sphere","floor":30,"turns":4},{"damage":72,"enemies":"Slavers","floor":31,"turns":12},{"damage":51,"enemies":"Automaton","floor":33,"turns":8}],"seed_played":"-4980700784525417396","potions_obtained":[{"floor":2,"key":"Block Potion"},{"floor":5,"key":"Fire Potion"},{"floor":10,"key":"GamblersBrew"},{"floor":12,"key":"Explosive Potion"},{"floor":16,"key":"Fruit Juice"},{"floor":18,"key":"SkillPotion"},{"floor":21,"key":"GamblersBrew"},{"floor":28,"key":"SteroidPotion"},{"floor":31,"key":"PowerPotion"}],"is_trial":false,"path_per_floor":["M","M","$","M","M","R","M","R","T","M","?","M","T","M","R","B",null,"M","$","M","M","$","R","?","R","T","R","E","R","M","E","R","B"],"character_chosen":"DEFECT","items_purchased":["White Noise","DataDisk","Cold Snap"],"campfire_rested":5,"item_purchase_floors":[3,19,19],"current_hp_per_floor":[68,68,68,68,54,54,46,68,68,65,47,47,47,44,66,62,72,71,71,66,65,65,65,65,65,65,75,55,77,79,9,35,0],"gold":94,"neow_bonus":"RANDOM_COMMON_RELIC","is_prod":false,"is_daily":false,"chose_seed":false,"campfire_upgraded":3,"win_rate":0,"timestamp":1566398592,"path_taken":["M","M","$","M","M","R","M","R","T","M","?","M","?","M","R","BOSS","M","$","M","M","?","R","?","R","T","R","E","R","?","E","R","BOSS"],"build_version":"2019-07-17","purchased_purges":2,"victory":false,"max_hp_per_floor":[75,75,75,75,75,75,75,75,75,75,75,75,75,75,75,75,75,75,75,75,75,75,75,75,75,75,75,77,77,79,81,83,88],"card_choices":[{"not_picked":["Stack","Coolheaded"],"picked":"Glacier","floor":1},{"not_picked":["Redo","Blizzard"],"picked":"Ball Lightning","floor":2},{"not_picked":["Scrape","Reprogram"],"picked":"Ball Lightning","floor":4},{"not_picked":["Ball Lightning","Barrage"],"picked":"Conserve Battery","floor":5},{"not_picked":["Ball Lightning","Undo"],"picked":"Echo Form","floor":7},{"not_picked":["Recycle","Heatsinks","Force Field"],"picked":"SKIP","floor":10},{"not_picked":["Barrage","Capacitor","Hologram"],"picked":"SKIP","floor":12},{"not_picked":["Sunder","Stack"],"picked":"Chill","floor":14},{"not_picked":["Creative AI","Buffer"],"picked":"Biased Cognition","floor":16},{"not_picked":["Sweeping Beam","Lockon+1","Hologram+1"],"picked":"SKIP","floor":18},{"not_picked":["Steam","Compile Driver","Coolheaded"],"picked":"SKIP","floor":20},{"not_picked":["Ball Lightning","Steam+1","Turbo"],"picked":"SKIP","floor":21},{"not_picked":["Darkness","Rebound"],"picked":"FTL+1","floor":27},{"not_picked":["Leap","Chaos+1","Gash"],"picked":"Singing Bowl","floor":28},{"not_picked":["Rebound","Hyperbeam"],"picked":"Go for the Eyes","floor":29},{"not_picked":["Hologram","Rebound+1","Compile Driver"],"picked":"Singing Bowl","floor":30},{"not_picked":["Beam Cell","Double Energy","Aggregate"],"picked":"Singing Bowl","floor":31},{"not_picked":["Storm+1","Doom and Gloom+1","Glacier"],"picked":"Singing Bowl","floor":32}],"player_experience":486293,"relics_obtained":[{"floor":9,"key":"Dream Catcher"},{"floor":13,"key":"Blood Vial"},{"floor":26,"key":"Singing Bowl"},{"floor":28,"key":"Pen Nib"},{"floor":31,"key":"Gremlin Horn"}],"event_choices":[{"damage_healed":0,"gold_gain":0,"player_choice":"Take Damage","damage_taken":18,"relics_obtained":["Golden Idol"],"max_hp_gain":0,"max_hp_loss":0,"event_name":"Golden Idol","floor":11,"gold_loss":0},{"damage_healed":0,"gold_gain":0,"player_choice":"Cursed","damage_taken":0,"max_hp_gain":0,"max_hp_loss":0,"event_name":"Wheel of Change","floor":24,"gold_loss":0,"cards_obtained":["Decay"]}],"is_beta":false,"boss_relics":[{"not_picked":["Fusion Hammer","Philosopher\u0027s Stone"],"picked":"Empty Cage"}],"items_purged_floors":[19,22],"is_endless":false,"potions_floor_spawned":[2,5,10,12,16,18,21,28,31],"killed_by":"Automaton","ascension_level":8}