{"gold_per_floor":[112,112,136,10,25,25,25,25,25,38,82,32,32,46,46,166,166,180,130,154,170,170,170,95,95,122,122,162,162,261,286,286,410,410,430,445,350,350,26,26,69,69,69,84,97,97,121,121,121,121],"floor_reached":51,"playtime":4370,"items_purged":["Defend_G","Strike_G","Defend_G","Strike_G","Strike_G"],"score":802,"play_id":"ed969619-7a3c-419e-9321-548814eb0a95","local_time":"20181026021659","is_ascension_mode":true,"campfire_choices":[{"data":"PiercingWail","floor":6,"key":"SMITH"},{"floor":8,"key":"REST"},{"data":"Tools of the Trade","floor":13,"key":"SMITH"},{"data":"Prepared","floor":15,"key":"SMITH"},{"data":"Dagger Throw","floor":23,"key":"SMITH"},{"floor":25,"key":"REST"},{"data":"Neutralize","floor":27,"key":"SMITH"},{"floor":29,"key":"REST"},{"data":"Terror","floor":32,"key":"SMITH"},{"data":"Adrenaline","floor":40,"key":"SMITH"},{"data":"Prepared","floor":42,"key":"SMITH"},{"data":"Blade Dance","floor":46,"key":"SMITH"},{"data":"Blade Dance","floor":49,"key":"SMITH"}],"neow_cost":"CURSE","seed_source_timestamp":1315305840099900,"circlet_count":0,"master_deck":["Defend_G","Defend_G","Defend_G","Strike_G","Survivor","Neutralize+1","Parasite","Blade Dance+1","Dagger Throw+1","PiercingWail+1","Tools of the Trade+1","Prepared+1","Adrenaline+1","Deflect+1","Dagger Throw+1","Terror+1","Prepared+1","PiercingWail","Dagger Spray","Concentrate","Skewer+1","Blade Dance+1","Underhanded Strike+1"],"relics":["Ring of the Snake","Tough Bandages","Golden Idol","PreservedInsect","Smiling Mask","Tingsha","Black Star","MutagenicStrength","Ancient Tea Set","Shuriken","Bottled Lightning","Runic Pyramid","Blood Vial","Bird Faced Urn","FossilizedHelix","Ornamental Fan"],"potions_floor_usage":[16,28,45,50,50,50],"damage_taken":[{"damage":0,"enemies":"2 Louse","floor":1,"turns":6},{"damage":6,"enemies":"Jaw Worm","floor":3,"turns":7},{"damage":0,"enemies":"Small Slimes","floor":5,"turns":3},{"damage":0,"enemies":"Blue Slaver","floor":10,"turns":4},{"damage":13,"enemies":"Gremlin Nob","floor":11,"turns":4},{"damage":0,"enemies":"3 Louse","floor":14,"turns":4},{"damage":12,"enemies":"Slime Boss","floor":16,"turns":15},{"damage":0,"enemies":"3 Byrds","floor":18,"turns":5},{"damage":11,"enemies":"Chosen","floor":20,"turns":5},{"damage":14,"enemies":"Shelled Parasite and Fungi","floor":21,"turns":5},{"damage":26,"enemies":"Gremlin Leader","floor":28,"turns":5},{"damage":0,"enemies":"Chosen and Byrds","floor":31,"turns":4},{"damage":59,"enemies":"Collector","floor":33,"turns":11},{"damage":0,"enemies":"Orb Walker","floor":35,"turns":3},{"damage":0,"enemies":"3 Shapes","floor":36,"turns":5},{"damage":0,"enemies":"Giant Head","floor":41,"turns":5},{"damage":0,"enemies":"Spire Growth","floor":44,"turns":4},{"damage":8,"enemies":"4 Shapes","floor":45,"turns":5},{"damage":0,"enemies":"Transient","floor":47,"turns":5},{"damage":16,"enemies":"Time Eater","floor":50,"turns":8}],"seed_played":"2344483794786295982","potions_obtained":[{"floor":3,"key":"EssenceOfSteel"},{"floor":5,"key":"EssenceOfSteel"},{"floor":14,"key":"SmokeBomb"},{"floor":20,"key":"SkillPotion"},{"floor":33,"key":"Strength Potion"},{"floor":44,"key":"PowerPotion"},{"floor":45,"key":"SteroidPotion"}],"is_trial":false,"path_per_floor":["M","?","M","$","M","R","?","R","T","M","E","$","R","M","R","B",null,"M","$","M","M","?","R","?","R","T","R","E","R","?","M","R","B",null,"M","M","$","?","$","R","E","R","T","M","M","R","M","?","R","B"],"character_chosen":"THE_SILENT","items_purchased":["Dagger Throw","PiercingWail","Dagger Spray","Fruit Juice","Blood Vial"],"campfire_rested":3,"item_purchase_floors":[4,37,39,39,39],"current_hp_per_floor":[70,53,47,47,47,47,47,68,68,68,55,55,55,55,55,43,70,70,70,59,45,45,45,45,66,66,66,40,61,61,61,61,2,70,70,70,70,70,70,70,70,70,70,70,67,67,71,71,71,55],"gold":121,"neow_bonus":"ONE_RARE_RELIC","is_prod":false,"is_daily":false,"chose_seed":false,"campfire_upgraded":10,"win_rate":0,"timestamp":1540491419,"path_taken":["M","?","M","$","M","R","?","R","T","M","E","$","R","M","R","BOSS","M","$","M","M","?","R","?","R","T","R","E","R","?","?","R","BOSS","M","M","$","?","$","R","E","R","T","M","M","R","M","?","R","BOSS"],"build_version":"2018-10-18","purchased_purges":5,"victory":true,"max_hp_per_floor":[70,70,70,70,70,70,70,70,70,70,70,70,70,70,70,70,70,70,70,70,70,70,70,70,70,70,70,70,70,70,70,70,70,70,70,70,70,70,70,70,70,70,70,70,75,75,75,71,71,71],"card_choices":[{"not_picked":["Deadly Poison","Underhanded Strike"],"picked":"Blade Dance","floor":1},{"not_picked":["Eviscerate","Sucker Punch","Dodge and Roll"],"picked":"SKIP","floor":3},{"not_picked":["Bouncing Flask","Infinite Blades"],"picked":"PiercingWail","floor":5},{"not_picked":["Cloak And Dagger","Leg Sweep","Sucker Punch"],"picked":"SKIP","floor":10},{"not_picked":["Infinite Blades","Predator"],"picked":"Tools of the Trade","floor":11},{"not_picked":["Poisoned Stab","Crippling Poison"],"picked":"Prepared","floor":14},{"not_picked":["Doppelganger","Night Terror"],"picked":"Adrenaline","floor":16},{"not_picked":["Infinite Blades+1","Bane+1"],"picked":"Deflect+1","floor":18},{"not_picked":["Deflect+1","Dodge and Roll"],"picked":"Dagger Throw+1","floor":20},{"not_picked":["Catalyst","Sucker Punch","Dodge and Roll+1"],"picked":"SKIP","floor":21},{"not_picked":["After Image","Caltrops+1","Flying Knee"],"picked":"SKIP","floor":28},{"not_picked":["Sucker Punch","Poisoned Stab"],"picked":"Terror","floor":31},{"not_picked":["Bane","Distraction+1"],"picked":"Prepared","floor":35},{"not_picked":["Terror","Acrobatics+1","Poisoned Stab+1"],"picked":"SKIP","floor":36},{"not_picked":["Masterful Stab+1","Noxious Fumes"],"picked":"Concentrate","floor":41},{"not_picked":["Caltrops+1","Slice"],"picked":"Skewer+1","floor":44},{"not_picked":["Dagger Spray","Outmaneuver+1"],"picked":"Blade Dance","floor":45},{"not_picked":["Deadly Poison+1","Predator+1"],"picked":"Underhanded Strike+1","floor":47}],"player_experience":452539,"relics_obtained":[{"floor":9,"key":"Smiling Mask"},{"floor":11,"key":"Tingsha"},{"floor":26,"key":"Ancient Tea Set"},{"floor":28,"key":"Shuriken"},{"floor":28,"key":"Bottled Lightning"},{"floor":41,"key":"Bird Faced Urn"},{"floor":41,"key":"FossilizedHelix"},{"floor":43,"key":"Ornamental Fan"}],"event_choices":[{"damage_healed":0,"gold_gain":0,"player_choice":"Take Damage","damage_taken":17,"relics_obtained":["Golden Idol"],"max_hp_gain":0,"max_hp_loss":0,"event_name":"Golden Idol","floor":2,"gold_loss":0},{"damage_healed":0,"gold_gain":0,"player_choice":"Gave Potion","damage_taken":0,"relics_obtained":["PreservedInsect"],"max_hp_gain":0,"max_hp_loss":0,"event_name":"WeMeetAgain","floor":7,"gold_loss":0},{"damage_healed":0,"gold_gain":0,"player_choice":"Inject Mutagens","damage_taken":0,"relics_obtained":["MutagenicStrength"],"max_hp_gain":0,"max_hp_loss":0,"event_name":"Drug Dealer","floor":22,"gold_loss":0},{"cards_removed":["Strike_G"],"damage_healed":0,"gold_gain":0,"player_choice":"Gave Gold","damage_taken":0,"max_hp_gain":0,"max_hp_loss":0,"event_name":"Beggar","floor":24,"gold_loss":75},{"damage_healed":0,"gold_gain":99,"player_choice":"Stole From Cult","damage_taken":0,"max_hp_gain":0,"max_hp_loss":0,"event_name":"Nest","floor":30,"gold_loss":0},{"damage_healed":0,"gold_gain":0,"player_choice":"Ignored","damage_taken":0,"max_hp_gain":0,"max_hp_loss":0,"event_name":"Tomb of Lord Red Mask","floor":38,"gold_loss":0},{"damage_healed":0,"gold_gain":0,"player_choice":"Max HP","damage_taken":0,"max_hp_gain":0,"max_hp_loss":4,"event_name":"Winding Halls","floor":48,"gold_loss":0}],"is_beta":false,"boss_relics":[{"not_picked":["Runic Dome","Fusion Hammer"],"picked":"Black Star"},{"not_picked":["Cursed Key","Orrery"],"picked":"Runic Pyramid"}],"items_purged_floors":[4,12,19,37,39],"is_endless":false,"potions_floor_spawned":[3,5,14,20,33,44,45],"ascension_level":4}