{"gold_per_floor":[113,38,50,50,69,69,104,104,104,104,122,153,153,176,176,300,300,285,285,185,210,234,234,234,255,255,294,32,45,45,68,68,68],"floor_reached":33,"playtime":2743,"items_purged":["Strike_G","Defend_G","Defend_G"],"score":346,"play_id":"f2f9eed1-018c-47c8-8b86-5e6c3abb0d8a","local_time":"20181029020830","is_ascension_mode":true,"campfire_choices":[{"data":"Neutralize","floor":6,"key":"SMITH"},{"floor":8,"key":"REST"},{"data":"Heel Hook","floor":10,"key":"SMITH"},{"floor":13,"key":"REST"},{"data":"Adrenaline","floor":15,"key":"SMITH"},{"data":"Skewer","floor":23,"key":"SMITH"},{"floor":30,"key":"REST"},{"data":"Backflip","floor":32,"key":"SMITH"}],"neow_cost":"NONE","seed_source_timestamp":1575628112574600,"circlet_count":0,"master_deck":["Defend_G","Defend_G","Defend_G+1","Strike_G","Strike_G","Strike_G+1","Strike_G+1","Survivor","Neutralize+1","Heel Hook+1","Leg Sweep","Adrenaline+1","Skewer+1","Outmaneuver+1","Backflip+1","Heel Hook","Escape Plan","Backflip"],"relics":["Ring of the Snake","Regal Pillow","Golden Idol","Pocketwatch","Ninja Scroll","Dodecahedron","MutagenicStrength","Ornamental Fan","Whetstone"],"potions_floor_usage":[7,16,25,27,27,33],"damage_taken":[{"damage":0,"enemies":"Cultist","floor":1,"turns":3},{"damage":0,"enemies":"Small Slimes","floor":3,"turns":4},{"damage":0,"enemies":"Jaw Worm","floor":5,"turns":5},{"damage":28,"enemies":"Lagavulin","floor":7,"turns":9},{"damage":7,"enemies":"Blue Slaver","floor":11,"turns":4},{"damage":23,"enemies":"Gremlin Nob","floor":12,"turns":5},{"damage":0,"enemies":"Looter","floor":14,"turns":3},{"damage":24,"enemies":"Slime Boss","floor":16,"turns":12},{"damage":3,"enemies":"2 Thieves","floor":18,"turns":4},{"damage":0,"enemies":"Spheric Guardian","floor":21,"turns":2},{"damage":1,"enemies":"Chosen and Byrds","floor":22,"turns":6},{"damage":22,"enemies":"Sentry and Sphere","floor":25,"turns":4},{"damage":7,"enemies":"Slavers","floor":27,"turns":4},{"damage":0,"enemies":"Centurion and Healer","floor":29,"turns":3},{"damage":0,"enemies":"Snecko","floor":31,"turns":2},{"damage":88,"enemies":"Champ","floor":33,"turns":13}],"seed_played":"-8734403459577019121","potions_obtained":[{"floor":1,"key":"AttackPotion"},{"floor":11,"key":"Energy Potion"},{"floor":18,"key":"Energy Potion"},{"floor":22,"key":"AttackPotion"},{"floor":25,"key":"Fire Potion"},{"floor":29,"key":"GamblersBrew"}],"is_trial":false,"path_per_floor":["M","$","M","?","M","R","E","R","T","R","M","E","R","M","R","B",null,"M","?","$","M","M","R","?","M","T","E","$","M","R","M","R"],"character_chosen":"THE_SILENT","items_purchased":["Heel Hook","Escape Plan"],"campfire_rested":3,"item_purchase_floors":[28,28],"current_hp_per_floor":[70,70,70,53,53,53,25,61,61,61,54,31,67,67,67,43,63,60,60,60,60,59,59,59,37,37,30,30,30,66,66,66,0],"gold":68,"neow_bonus":"RANDOM_COMMON_RELIC","is_prod":false,"is_daily":false,"chose_seed":false,"campfire_upgraded":5,"win_rate":0,"timestamp":1540750110,"path_taken":["M","?","M","?","M","R","E","R","T","R","M","E","R","M","R","BOSS","M","?","$","M","M","R","?","M","T","E","$","?","R","M","R","BOSS"],"build_version":"2018-10-25v2","purchased_purges":3,"victory":false,"max_hp_per_floor":[70,70,70,70,70,70,70,70,70,70,70,70,70,70,70,70,70,70,70,70,70,70,70,70,70,70,70,70,70,70,70,70,70],"card_choices":[{"not_picked":["Catalyst","Finisher"],"picked":"Heel Hook","floor":1},{"not_picked":["Underhanded Strike","Poisoned Stab","Dodge and Roll"],"picked":"SKIP","floor":3},{"not_picked":["Dodge and Roll","Dagger Spray","Deadly Poison"],"picked":"SKIP","floor":5},{"not_picked":["Tactician","Footwork","Calculated Gamble"],"picked":"SKIP","floor":7},{"not_picked":["Skewer","Dodge and Roll"],"picked":"Leg Sweep","floor":11},{"not_picked":["Outmaneuver","Poisoned Stab"],"picked":"Adrenaline","floor":12},{"not_picked":["Dagger Spray","Slice"],"picked":"Skewer","floor":14},{"not_picked":["Prepared","Outmaneuver","Catalyst"],"picked":"SKIP","floor":18},{"not_picked":["Dagger Spray","Prepared"],"picked":"Outmaneuver+1","floor":21},{"not_picked":["Cloak And Dagger","Outmaneuver","Footwork"],"picked":"SKIP","floor":22},{"not_picked":["Concentrate","Distraction","Underhanded Strike"],"picked":"SKIP","floor":25},{"not_picked":["Prepared","Flechettes"],"picked":"Backflip","floor":27},{"not_picked":["Endless Agony","Quick Slash"],"picked":"Backflip","floor":29},{"not_picked":["Deflect","Slice","Outmaneuver"],"picked":"SKIP","floor":31}],"player_experience":529043,"relics_obtained":[{"floor":7,"key":"Pocketwatch"},{"floor":9,"key":"Ninja Scroll"},{"floor":12,"key":"Dodecahedron"},{"floor":26,"key":"Ornamental Fan"},{"floor":27,"key":"Whetstone"}],"event_choices":[{"damage_healed":0,"gold_gain":0,"player_choice":"Take Damage","damage_taken":17,"relics_obtained":["Golden Idol"],"max_hp_gain":0,"max_hp_loss":0,"event_name":"Golden Idol","floor":4,"gold_loss":0},{"damage_healed":0,"gold_gain":0,"player_choice":"Inject Mutagens","damage_taken":0,"relics_obtained":["MutagenicStrength"],"max_hp_gain":0,"max_hp_loss":0,"event_name":"Drug Dealer","floor":19,"gold_loss":0},{"damage_healed":0,"gold_gain":0,"player_choice":"Forge","damage_taken":0,"max_hp_gain":0,"max_hp_loss":0,"event_name":"Accursed Blacksmith","floor":24,"gold_loss":0,"cards_upgraded":["Defend_G"]}],"is_beta":false,"boss_relics":[{"not_picked":["Runic Dome","Velvet Choker","Fusion Hammer"]}],"items_purged_floors":[2,20,28],"is_endless":false,"potions_floor_spawned":[1,11,18,22,25,29],"killed_by":"Champ","ascension_level":5}