{"gold_per_floor":[116,18,18,35,47,82,82,82,159,170,170,180,180,6,6,108,108,123,123,137,156,156],"floor_reached":22,"playtime":2234,"items_purged":[],"score":186,"play_id":"604fd65b-dbbe-4b29-a352-fa7b976ccdbf","local_time":"20190715213228","is_ascension_mode":false,"campfire_choices":[{"floor":7,"key":"REST"},{"floor":11,"key":"REST"},{"floor":13,"key":"REST"},{"data":"Noxious Fumes","floor":15,"key":"SMITH"}],"neow_cost":"NONE","seed_source_timestamp":25592024336180,"circlet_count":0,"master_deck":["Strike_G","Strike_G","Strike_G","Strike_G","Strike_G","Defend_G","Defend_G","Defend_G","Defend_G","Defend_G","Survivor","Neutralize","Bane","PiercingWail","Backflip","Cloak And Dagger","Noxious Fumes+1","Storm of Steel","Setup","Endless Agony","Infinite Blades","Deadly Poison","Dodge and Roll","A Thousand Cuts","Dodge and Roll","Cloak And Dagger","Terror","Accuracy","Footwork","Caltrops","RitualDagger","Corpse Explosion","All Out Attack"],"relics":["Ring of the Snake","Boot","Bottled Tornado","Orrery"],"potions_floor_usage":[],"damage_taken":[{"damage":0,"enemies":"2 Louse","floor":1,"turns":4},{"damage":3,"enemies":"Jaw Worm","floor":4,"turns":6},{"damage":2,"enemies":"Cultist","floor":5,"turns":5},{"damage":46,"enemies":"3 Sentries","floor":6,"turns":13},{"damage":0,"enemies":"Exordium Wildlife","floor":10,"turns":5},{"damage":1,"enemies":"Looter","floor":12,"turns":4},{"damage":46,"enemies":"Hexaghost","floor":16,"turns":10},{"damage":2,"enemies":"3 Byrds","floor":18,"turns":5},{"damage":30,"enemies":"2 Thieves","floor":20,"turns":5},{"damage":18,"enemies":"Snecko","floor":21,"turns":6},{"damage":33,"enemies":"Cultist and Chosen","floor":22,"turns":4}],"seed_played":"375572328266829934","potions_obtained":[{"floor":6,"key":"Poison Potion"},{"floor":12,"key":"GamblersBrew"},{"floor":16,"key":"GamblersBrew"}],"is_trial":false,"path_per_floor":["M","$","?","M","M","E","R","?","T","M","R","M","R","$","R","B",null,"M","?","M","M","M"],"character_chosen":"THE_SILENT","items_purchased":["Accuracy","PiercingWail","Infinite Blades","Deadly Poison","Dodge and Roll"],"campfire_rested":3,"item_purchase_floors":[2,2,14,14,14],"current_hp_per_floor":[77,77,77,74,72,26,49,49,49,49,72,71,77,77,77,31,77,75,69,39,21,0],"gold":156,"neow_bonus":"TEN_PERCENT_HP_BONUS","is_prod":false,"is_daily":false,"chose_seed":false,"campfire_upgraded":1,"win_rate":0.0,"timestamp":1563219148,"path_taken":["M","$","?","M","M","E","R","?","T","M","R","?","R","$","R","BOSS","M","?","M","M","M"],"build_version":"2019-07-05","purchased_purges":0,"victory":false,"max_hp_per_floor":[77,77,77,77,77,77,77,77,77,77,77,77,77,77,77,77,77,77,77,77,77,77],"card_choices":[{"not_picked":["Eviscerate","Underhanded Strike"],"picked":"Bane","floor":1},{"not_picked":["Dagger Spray","Quick Slash"],"picked":"Backflip","floor":4},{"not_picked":["Masterful Stab","Dagger Throw"],"picked":"Cloak And Dagger","floor":5},{"not_picked":["Dagger Spray","A Thousand Cuts"],"picked":"Noxious Fumes","floor":6},{"not_picked":["Quick Slash","Backstab"],"picked":"Setup","floor":10},{"not_picked":["Reflex","Distraction"],"picked":"Endless Agony","floor":12},{"not_picked":["Adrenaline","After Image"],"picked":"A Thousand Cuts","floor":16},{"not_picked":["Distraction","PiercingWail"],"picked":"Dodge and Roll","floor":17},{"not_picked":["Flying Knee","Skewer"],"picked":"Cloak And Dagger","floor":17},{"not_picked":["Reflex","All Out Attack"],"picked":"Terror","floor":17},{"not_picked":["Sucker Punch","Bane"],"picked":"Accuracy","floor":17},{"not_picked":["Choke","Poisoned Stab"],"picked":"Footwork","floor":17},{"not_picked":["Deflect+1","Sucker Punch"],"picked":"Caltrops","floor":18},{"not_picked":["Slice+1","Expertise+1"],"picked":"Corpse Explosion","floor":20},{"not_picked":["Expertise","Dash"],"picked":"All Out Attack","floor":21}],"player_experience":130871,"relics_obtained":[{"floor":6,"key":"Boot"},{"floor":9,"key":"Bottled Tornado"}],"event_choices":[{"damage_healed":0,"gold_gain":0,"player_choice":"Ignored","damage_taken":0,"max_hp_gain":0,"max_hp_loss":0,"event_name":"Golden Wing","floor":3,"gold_loss":0},{"damage_healed":0,"gold_gain":0,"cards_transformed":["Accuracy"],"player_choice":"Transformed","damage_taken":0,"max_hp_gain":0,"max_hp_loss":0,"event_name":"Transmorgrifier","floor":8,"gold_loss":0,"cards_obtained":["Storm of Steel"]},{"damage_healed":0,"gold_gain":0,"player_choice":"Joined the Cult","damage_taken":6,"max_hp_gain":0,"max_hp_loss":0,"event_name":"Nest","floor":19,"gold_loss":0,"cards_obtained":["RitualDagger"]}],"is_beta":false,"boss_relics":[{"not_picked":["Calling Bell","HoveringKite"],"picked":"Orrery"}],"items_purged_floors":[],"is_endless":false,"potions_floor_spawned":[6,12,16,18],"killed_by":"Cultist and Chosen","ascension_level":0}