{"gold_per_floor":[110,129,129,9,22,22,35,35,35,35,66,77,88,100,100,200,200,220,8,26,26,26,26,26,26,26,26,26,36,54,67,67,163,163,180,194,212,223,0,0],"floor_reached":40,"playtime":2030,"items_purged":["Strike_B"],"score":529,"play_id":"705e1890-4eee-4992-bfa3-34f07f363f13","local_time":"20190820185124","is_ascension_mode":true,"campfire_choices":[{"data":"Dualcast","floor":6.0,"key":"SMITH"},{"data":"Ball Lightning","floor":8.0,"key":"SMITH"},{"data":"Self Repair","floor":10.0,"key":"SMITH"},{"floor":15.0,"key":"REST"},{"data":"Coolheaded","floor":23.0,"key":"SMITH"},{"data":"Loop","floor":28,"key":"SMITH"},{"data":"Defragment","floor":32,"key":"SMITH"}],"neow_cost":"NONE","seed_source_timestamp":116514113203195,"circlet_count":0,"master_deck":["Strike_B","Strike_B","Strike_B","Defend_B","Defend_B","Defend_B","Defend_B","Zap+1","Dualcast+1","Melter","Gash","Conserve Battery","Self Repair+1","Ball Lightning+1","Hologram","Coolheaded+1","Ball Lightning","Self Repair","Loop+1","White Noise","Shame","Chill","Defragment+1","Biased Cognition","Glacier+1","Gash+1"],"special_seed":0,"relics":["Cracked Core","Dream Catcher","Letter Opener","Sozu","Anchor","Pen Nib","Mercury Hourglass","Red Mask"],"potions_floor_usage":[29],"damage_taken":[{"damage":1.0,"enemies":"2 Louse","floor":1.0,"turns":4.0},{"damage":0.0,"enemies":"Cultist","floor":2.0,"turns":3.0},{"damage":2.0,"enemies":"Jaw Worm","floor":5.0,"turns":2.0},{"damage":13.0,"enemies":"3 Louse","floor":7.0,"turns":4.0},{"damage":7.0,"enemies":"Gremlin Nob","floor":11.0,"turns":3.0},{"damage":15.0,"enemies":"Large Slime","floor":12.0,"turns":4.0},{"damage":30.0,"enemies":"Gremlin Gang","floor":13.0,"turns":4.0},{"damage":0.0,"enemies":"3 Louse","floor":14.0,"turns":2.0},{"damage":38.0,"enemies":"Hexaghost","floor":16.0,"turns":9.0},{"damage":2.0,"enemies":"Chosen","floor":18.0,"turns":4.0},{"damage":0.0,"enemies":"Spheric Guardian","floor":20.0,"turns":1.0},{"damage":16,"enemies":"Snake Plant","floor":29,"turns":4},{"damage":0,"enemies":"Sentry and Sphere","floor":30,"turns":2},{"damage":13,"enemies":"Shelled Parasite and Fungi","floor":31,"turns":5},{"damage":67,"enemies":"Collector","floor":33,"turns":9},{"damage":8,"enemies":"3 Shapes","floor":35,"turns":4},{"damage":8,"enemies":"3 Darklings","floor":36,"turns":5},{"damage":15,"enemies":"Jaw Worm Horde","floor":37,"turns":5},{"damage":57,"enemies":"Spire Growth","floor":38,"turns":6},{"damage":46,"enemies":"Giant Head","floor":40,"turns":5}],"seed_played":"6274010205852664970","potions_obtained":[{"floor":5.0,"key":"Poison Potion"},{"floor":7.0,"key":"FocusPotion"},{"floor":11.0,"key":"PowerPotion"},{"floor":12.0,"key":"Energy Potion"},{"floor":16.0,"key":"GamblersBrew"}],"is_trial":false,"path_per_floor":["M","M","?","$","M","R","M","R","T","R","E","M","M","M","R","B",null,"M","$","M","?","?","R","?","?","T","$","R","M","M","M","R","B",null,"M","M","M","M","?","E"],"character_chosen":"DEFECT","items_purchased":["Conserve Battery","Anchor","White Noise"],"campfire_rested":1,"item_purchase_floors":[4,19,19],"current_hp_per_floor":[74,74,74,74,72,72,66,66,66,66,69,64,44,44,68,47,73,82,82,82,82,82,82,82,82,82,82,82,73,82,82,82,32,70,79,82,82,42,42,0],"gold":0,"neow_bonus":"TEN_PERCENT_HP_BONUS","is_prod":false,"is_daily":false,"chose_seed":false,"campfire_upgraded":6,"win_rate":0,"timestamp":1566323484,"path_taken":["M","M","?","$","M","R","?","R","T","R","E","M","?","M","R","BOSS","M","$","M","?","?","R","?","?","T","$","R","M","M","M","R","BOSS","M","M","?","M","?","E"],"build_version":"2019-07-17","purchased_purges":1,"victory":false,"max_hp_per_floor":[82,82,82,82,82,82,82,82,82,82,82,82,82,82,82,82,82,82,82,82,82,82,82,82,82,82,82,82,82,82,82,82,82,82,82,82,82,82,82,82],"card_choices":[{"not_picked":["Leap","Stack"],"picked":"Melter","floor":1.0},{"not_picked":["Static Discharge","Hologram"],"picked":"Gash","floor":2.0},{"not_picked":["Aggregate","Steam"],"picked":"Self Repair","floor":5.0},{"not_picked":["Hologram","Conserve Battery"],"picked":"Ball Lightning","floor":7.0},{"not_picked":["Steam","Streamline"],"picked":"Hologram","floor":11.0},{"not_picked":["Consume","Beam Cell"],"picked":"Coolheaded","floor":12.0},{"not_picked":["Reprogram","Sweeping Beam","Conserve Battery"],"picked":"SKIP","floor":13.0},{"not_picked":["Leap","Skim"],"picked":"Ball Lightning","floor":14.0},{"not_picked":["Beam Cell","Stack"],"picked":"Self Repair","floor":15.0},{"not_picked":["Ball Lightning","Rip and Tear"],"picked":"Loop","floor":18.0},{"not_picked":["Conserve Battery","Compile Driver","Sweeping Beam"],"picked":"SKIP","floor":20.0},{"not_picked":["Compile Driver","Leap","Steam"],"picked":"SKIP","floor":29},{"not_picked":["Stack","Sweeping Beam+1"],"picked":"Chill","floor":30},{"not_picked":["Rebound","Hologram"],"picked":"Defragment","floor":31},{"not_picked":["Hyperbeam","Rainbow"],"picked":"Biased Cognition","floor":33},{"not_picked":["Stack+1","Coolheaded+1"],"picked":"Glacier+1","floor":35},{"not_picked":["BootSequence+1","Stack+1"],"picked":"Gash+1","floor":36},{"not_picked":["Stack+1","Go for the Eyes","Aggregate+1"],"picked":"SKIP","floor":37},{"not_picked":["Rebound","Go for the Eyes","Multi-Cast"],"picked":"SKIP","floor":38}],"player_experience":460002,"relics_obtained":[{"floor":9.0,"key":"Dream Catcher"},{"floor":11.0,"key":"Letter Opener"},{"floor":26.0,"key":"Mercury Hourglass"}],"event_choices":[{"damage_healed":0.0,"max_hp_gain":0.0,"max_hp_loss":0.0,"gold_gain":0.0,"event_name":"Upgrade Shrine","player_choice":"Upgraded","floor":3.0,"gold_loss":0.0,"damage_taken":0.0,"cards_upgraded":["Zap"]},{"damage_healed":0.0,"max_hp_gain":0.0,"max_hp_loss":0.0,"gold_gain":0.0,"event_name":"Ghosts","player_choice":"Ignored","floor":21.0,"gold_loss":0.0,"damage_taken":0.0},{"damage_healed":0.0,"max_hp_gain":0.0,"max_hp_loss":0.0,"gold_gain":0.0,"event_name":"Addict","player_choice":"Stole Relic","floor":22.0,"gold_loss":0.0,"damage_taken":0.0,"relics_obtained":["Pen Nib"],"cards_obtained":["Shame"]},{"damage_healed":0.0,"max_hp_gain":0.0,"max_hp_loss":0.0,"gold_gain":0.0,"event_name":"Vampires","player_choice":"Ignored","floor":24.0,"gold_loss":0.0,"damage_taken":0.0},{"damage_healed":0.0,"max_hp_gain":0.0,"max_hp_loss":0.0,"gold_gain":0.0,"event_name":"Lab","player_choice":"Got Potions","floor":25.0,"gold_loss":0.0,"damage_taken":0.0},{"damage_healed":0,"gold_gain":0,"player_choice":"Paid","damage_taken":0,"relics_obtained":["Red Mask"],"max_hp_gain":0,"max_hp_loss":0,"event_name":"Tomb of Lord Red Mask","floor":39,"gold_loss":223}],"is_beta":false,"boss_relics":[{"not_picked":["Busted Crown","Eternal Feather"],"picked":"Sozu"},{"not_picked":["White Beast Statue","Calling Bell","Coffee Dripper"]}],"items_purged_floors":[4],"is_endless":false,"potions_floor_spawned":[5,7,11,12,16,20,35],"killed_by":"Giant Head","ascension_level":7}