{"gold_per_floor":[111,111,123,93,105,105,124,124,124,124,135,11,11,11,11,131,131,154,169,22,38,38,38,38,56,111,111,36,49,49,67,67,187,187,200,100,121,145,145,145,145,145,145,20,20,36,36,52,52,52],"floor_reached":51,"playtime":4813,"items_purged":["Steam Power+1","Strike_B","Parasite"],"score":910,"play_id":"2e5d4067-fc4b-44c4-84b4-d5c229ea59ca","local_time":"20190822154904","is_ascension_mode":true,"campfire_choices":[{"floor":6.0,"key":"REST"},{"data":"Zap","floor":8.0,"key":"SMITH"},{"data":"Coolheaded","floor":10.0,"key":"SMITH"},{"data":"Glacier","floor":15.0,"key":"SMITH"},{"floor":23,"key":"REST"},{"floor":27,"key":"REST"},{"data":"Buffer","floor":30,"key":"SMITH"},{"data":"Go for the Eyes","floor":32,"key":"SMITH"},{"data":"Capacitor","floor":40,"key":"SMITH"},{"data":"Cold Snap","floor":41,"key":"SMITH"},{"data":"Gash","floor":47,"key":"SMITH"},{"floor":49,"key":"REST"}],"neow_cost":"PERCENT_DAMAGE","seed_source_timestamp":103454966749209,"circlet_count":0,"master_deck":["AscendersBane","Defend_B","Defend_B","Defend_B","Defend_B","Zap+1","Dualcast","Cold Snap+1","Gash","Coolheaded+1","Glacier+1","Go for the Eyes+1","Core Surge","Cold Snap+1","Genetic Algorithm+1","Buffer+1","Capacitor+1","Gash+1","Gash+1","Machine Learning","Capacitor+1","Blizzard","Compile Driver+1"],"special_seed":0,"relics":["Cracked Core","WingedGreaves","Darkstone Periapt","Bottled Lightning","Golden Idol","Astrolabe","DataDisk","Enchiridion","Boot","Busted Crown","Lantern"],"potions_floor_usage":[16,16,33,35,38],"damage_taken":[{"damage":0.0,"enemies":"Small Slimes","floor":1.0,"turns":3.0},{"damage":0.0,"enemies":"Jaw Worm","floor":3.0,"turns":3.0},{"damage":0.0,"enemies":"Cultist","floor":5.0,"turns":3.0},{"damage":12.0,"enemies":"Red Slaver","floor":7.0,"turns":3.0},{"damage":2.0,"enemies":"Blue Slaver","floor":11.0,"turns":4.0},{"damage":49,"enemies":"Slime Boss","floor":16,"turns":21},{"damage":10,"enemies":"Spheric Guardian","floor":18,"turns":6},{"damage":0,"enemies":"Chosen","floor":19,"turns":5},{"damage":9,"enemies":"3 Cultists","floor":21,"turns":8},{"damage":0,"enemies":"Centurion and Healer","floor":25,"turns":13},{"damage":2,"enemies":"Snecko","floor":29,"turns":6},{"damage":0,"enemies":"Cultist and Chosen","floor":31,"turns":7},{"damage":57,"enemies":"Automaton","floor":33,"turns":15},{"damage":1,"enemies":"3 Shapes","floor":35,"turns":7},{"damage":0,"enemies":"Orb Walker","floor":37,"turns":4},{"damage":0,"enemies":"Writhing Mass","floor":38,"turns":11},{"damage":0,"enemies":"Transient","floor":46,"turns":5},{"damage":13,"enemies":"3 Darklings","floor":48,"turns":6},{"damage":33,"enemies":"Time Eater","floor":50,"turns":13}],"seed_played":"-399886640094286072","potions_obtained":[{"floor":4.0,"key":"PowerPotion"},{"floor":4.0,"key":"Energy Potion"},{"floor":7.0,"key":"Block Potion"},{"floor":29,"key":"FearPotion"},{"floor":33,"key":"EssenceOfSteel"},{"floor":35,"key":"PowerPotion"},{"floor":48,"key":"Ancient Potion"}],"is_trial":false,"path_per_floor":["M","?","M","?","M","R","M","R","T","R","M","$","?","?","R","B",null,"M","M","$","M","?","R","?","M","T","R","$","M","R","M","R","B",null,"M","$","M","M","?","R","R","?","T","$","?","M","R","M","R","B",null],"character_chosen":"DEFECT","items_purchased":["Glacier","Go for the Eyes","DataDisk"],"campfire_rested":4,"item_purchase_floors":[12,12,20],"current_hp_per_floor":[50,47,47,47,47,69,57,57,57,57,55,55,37,62,62,13,60,50,50,50,41,25,47,47,47,47,69,69,67,67,67,67,10,59,58,58,58,64,64,64,64,64,64,64,64,64,64,51,74,41],"gold":52,"neow_bonus":"ONE_RARE_RELIC","is_prod":false,"is_daily":false,"chose_seed":false,"campfire_upgraded":8,"win_rate":0,"timestamp":1566485344,"path_taken":["M","?","M","?","M","R","?","R","T","R","M","?","?","?","R","BOSS","M","M","$","M","?","R","?","?","T","R","$","M","R","M","R","BOSS","M","$","M","M","?","R","R","?","T","$","?","?","R","M","R","BOSS"],"build_version":"2019-07-17","purchased_purges":3,"victory":true,"max_hp_per_floor":[75,75,75,75,75,75,75,75,75,75,75,75,75,75,75,75,75,75,75,75,75,75,75,75,75,75,75,75,75,75,75,75,75,75,75,75,75,81,81,81,81,81,81,78,78,78,78,78,78,78],"card_choices":[{"not_picked":["Stack","Melter","BootSequence"],"picked":"SKIP","floor":1.0},{"not_picked":["Undo","Turbo"],"picked":"Cold Snap","floor":3.0},{"not_picked":["Sweeping Beam","Steam"],"picked":"Gash","floor":5.0},{"not_picked":["Sweeping Beam","Rebound"],"picked":"Coolheaded","floor":7.0},{"not_picked":["Steam","Sweeping Beam","Steam Power"],"picked":"SKIP","floor":11.0},{"not_picked":["Hyperbeam","Echo Form"],"picked":"Core Surge","floor":16},{"not_picked":["Force Field+1","Consume","Redo"],"picked":"SKIP","floor":18},{"not_picked":["Beam Cell+1","Coolheaded+1","Storm"],"picked":"SKIP","floor":19},{"not_picked":["Go for the Eyes","Sweeping Beam","Chaos"],"picked":"SKIP","floor":21},{"not_picked":["Streamline","Barrage"],"picked":"Gash","floor":25},{"not_picked":["Stack","Steam","Redo"],"picked":"SKIP","floor":29},{"not_picked":["Stack","Ball Lightning"],"picked":"Gash","floor":31},{"not_picked":["Hyperbeam","Fission"],"picked":"Machine Learning","floor":33},{"not_picked":[],"picked":"Capacitor+1","floor":35},{"not_picked":[],"picked":"Blizzard","floor":37},{"not_picked":["FTL+1"],"picked":"SKIP","floor":38},{"not_picked":["Redo+1"],"picked":"SKIP","floor":46},{"not_picked":[],"picked":"Compile Driver+1","floor":48}],"player_experience":514653,"relics_obtained":[{"floor":9.0,"key":"Bottled Lightning"},{"floor":22,"key":"Enchiridion"},{"floor":26,"key":"Boot"},{"floor":43,"key":"Lantern"}],"event_choices":[{"damage_healed":0.0,"max_hp_gain":0.0,"max_hp_loss":0.0,"gold_gain":0.0,"event_name":"Scrap Ooze","player_choice":"Success","floor":2.0,"gold_loss":0.0,"damage_taken":3.0,"relics_obtained":["Darkstone Periapt"]},{"damage_healed":0.0,"max_hp_gain":0.0,"max_hp_loss":0.0,"gold_gain":0.0,"event_name":"The Woman in Blue","player_choice":"Bought 2 Potions","floor":4.0,"gold_loss":0.0,"damage_taken":0.0},{"damage_healed":0.0,"max_hp_gain":0.0,"max_hp_loss":0.0,"gold_gain":0.0,"event_name":"Golden Idol","player_choice":"Take Damage","floor":13.0,"gold_loss":0.0,"damage_taken":18.0,"relics_obtained":["Golden Idol"]},{"damage_healed":25.0,"max_hp_gain":0.0,"max_hp_loss":0.0,"gold_gain":0.0,"event_name":"Big Fish","player_choice":"Banana","floor":14.0,"gold_loss":0.0,"damage_taken":0.0},{"damage_healed":0,"gold_gain":0,"player_choice":"Obtained Book","damage_taken":16,"max_hp_gain":0,"max_hp_loss":0,"event_name":"Cursed Tome","floor":22,"gold_loss":0},{"damage_healed":0,"gold_gain":0,"player_choice":"2 cards matched","damage_taken":0,"max_hp_gain":0,"max_hp_loss":0,"event_name":"Match and Keep!","floor":24,"gold_loss":0,"cards_obtained":["Buffer","Capacitor"]},{"damage_healed":0,"gold_gain":0,"player_choice":"Memory 1","damage_taken":0,"max_hp_gain":0,"max_hp_loss":0,"event_name":"SensoryStone","floor":39,"gold_loss":0},{"damage_healed":0,"gold_gain":0,"player_choice":"Ignored","damage_taken":0,"max_hp_gain":0,"max_hp_loss":0,"event_name":"Tomb of Lord Red Mask","floor":42,"gold_loss":0},{"damage_healed":0,"gold_gain":0,"player_choice":"Upgraded","damage_taken":0,"max_hp_gain":0,"max_hp_loss":0,"event_name":"Upgrade Shrine","floor":45,"gold_loss":0,"cards_upgraded":["Gash"]}],"is_beta":false,"boss_relics":[{"not_picked":["White Beast Statue","Lizard Tail"],"picked":"Astrolabe"},{"not_picked":["Inserter","Fusion Hammer"],"picked":"Busted Crown"}],"items_purged_floors":[28,36,44],"is_endless":false,"potions_floor_spawned":[5,7,29,33,35,48],"ascension_level":11}