{"gold_per_floor":[110,124,142,142,21,31,49,62,62,78,78,78,91,101,101,206,206,221,320,23,37,37,37,37,48,48,67,67,67,77,77],"floor_reached":31,"playtime":1414,"items_purged":["Defend_G","Defend_G"],"score":315,"play_id":"d584008f-d6bf-4826-9baf-9977428f6e87","local_time":"20190203231130","is_ascension_mode":true,"campfire_choices":[{"data":"Leg Sweep","floor":12.0,"key":"SMITH"},{"floor":15.0,"key":"REST"},{"floor":23,"key":"REST"}],"neow_cost":"NONE","seed_source_timestamp":5193845516541345,"circlet_count":0,"master_deck":["Defend_G","Defend_G","Strike_G","Strike_G","Strike_G","Strike_G","Strike_G","Survivor","Neutralize","Backflip","Leg Sweep+1","Deadly Poison","Deadly Poison","Deadly Poison","Backflip","A Thousand Cuts","Noxious Fumes","Acrobatics","Catalyst","Venomology","Decay"],"special_seed":0,"relics":["Eternal Feather","Shuriken","Dodecahedron","Fusion Hammer","TheAbacus","Molten Egg 2"],"potions_floor_usage":[25,25,27,30],"damage_taken":[{"damage":2.0,"enemies":"Jaw Worm","floor":1.0,"turns":5.0},{"damage":1.0,"enemies":"Cultist","floor":2.0,"turns":4.0},{"damage":8.0,"enemies":"2 Louse","floor":3.0,"turns":3.0},{"damage":3.0,"enemies":"Blue Slaver","floor":6.0,"turns":4.0},{"damage":0.0,"enemies":"Red Slaver","floor":7.0,"turns":4.0},{"damage":6.0,"enemies":"Large Slime","floor":8.0,"turns":11.0},{"damage":5.0,"enemies":"Exordium Wildlife","floor":10.0,"turns":4.0},{"damage":0.0,"enemies":"3 Louse","floor":13.0,"turns":3.0},{"damage":7.0,"enemies":"Large Slime","floor":14.0,"turns":6.0},{"damage":17.0,"enemies":"The Guardian","floor":16.0,"turns":9.0},{"damage":10.0,"enemies":"3 Byrds","floor":18.0,"turns":4.0},{"damage":14.0,"enemies":"Spheric Guardian","floor":21.0,"turns":4.0},{"damage":26,"enemies":"Snake Plant","floor":25,"turns":4},{"damage":22,"enemies":"Sentry and Sphere","floor":27,"turns":4},{"damage":15,"enemies":"Chosen and Byrds","floor":30,"turns":7},{"damage":6,"enemies":"Shelled Parasite and Fungi","floor":31,"turns":1}],"seed_played":"-1548038857981854394","potions_obtained":[{"floor":2.0,"key":"PowerPotion"},{"floor":8.0,"key":"PowerPotion"},{"floor":13.0,"key":"Block Potion"},{"floor":14.0,"key":"Fire Potion"},{"floor":21,"key":"Fruit Juice"},{"floor":25,"key":"FearPotion"},{"floor":30,"key":"Strength Potion"}],"is_trial":false,"path_per_floor":["M","M","M","?","$","M","M","M","T","M","?","R","M","M","R","B",null,"M","?","$","M","?","R","?","M","T","M","?","$","M","M"],"character_chosen":"THE_SILENT","items_purchased":["Deadly Poison","TheAbacus"],"campfire_rested":2,"item_purchase_floors":[5,20],"current_hp_per_floor":[61,60,52,45,45,42,42,36,36,31,31,40,40,33,63,46,64,54,54,54,40,40,70,63,42,42,20,20,20,5,0],"gold":77,"neow_bonus":"BOSS_RELIC","is_prod":false,"is_daily":false,"chose_seed":false,"campfire_upgraded":1,"win_rate":0,"timestamp":1549253490,"path_taken":["M","M","M","?","$","M","M","M","T","M","?","R","M","M","R","BOSS","M","?","$","M","?","R","?","?","T","M","?","?","M","M"],"build_version":"2019-01-23","purchased_purges":2,"victory":false,"max_hp_per_floor":[70,70,70,70,70,70,70,70,70,70,70,70,70,70,70,70,70,70,70,70,70,70,70,70,75,75,75,75,75,75,75],"card_choices":[{"not_picked":["Dash","Bane"],"picked":"Backflip","floor":1.0},{"not_picked":["Poisoned Stab","Flechettes","Deflect"],"picked":"SKIP","floor":2.0},{"not_picked":["Skewer","Calculated Gamble"],"picked":"Leg Sweep","floor":3.0},{"not_picked":["Bane","Dodge and Roll"],"picked":"Deadly Poison","floor":6.0},{"not_picked":["Quick Slash","Bane","Accuracy"],"picked":"SKIP","floor":7.0},{"not_picked":["Backstab","Predator","Reflex"],"picked":"SKIP","floor":8.0},{"not_picked":["Concentrate","Flying Knee"],"picked":"Deadly Poison","floor":10.0},{"not_picked":["Dodge and Roll","Well Laid Plans"],"picked":"Backflip","floor":13.0},{"not_picked":["Wraith Form v2","PiercingWail","Distraction"],"picked":"SKIP","floor":14.0},{"not_picked":["Glass Knife","Bullet Time"],"picked":"A Thousand Cuts","floor":16.0},{"not_picked":["Poisoned Stab","Dagger Throw+1"],"picked":"Noxious Fumes","floor":18.0},{"not_picked":["Cloak And Dagger","Outmaneuver"],"picked":"Acrobatics","floor":21},{"not_picked":["Accuracy","Flying Knee","Underhanded Strike"],"picked":"SKIP","floor":25},{"not_picked":["Prepared","Tactician+1"],"picked":"Venomology","floor":27},{"not_picked":["Poisoned Stab+1","PiercingWail","Deflect"],"picked":"SKIP","floor":30}],"player_experience":394267,"relics_obtained":[{"floor":9.0,"key":"Shuriken"},{"floor":26,"key":"Molten Egg 2"}],"event_choices":[{"cards_removed":["Defend_G"],"damage_healed":0.0,"max_hp_gain":0.0,"max_hp_loss":0.0,"gold_gain":0.0,"event_name":"Golden Wing","player_choice":"Card Removal","floor":4.0,"gold_loss":0.0,"damage_taken":7.0},{"damage_healed":0.0,"max_hp_gain":0.0,"max_hp_loss":0.0,"gold_gain":0.0,"event_name":"WeMeetAgain","player_choice":"Gave Potion","floor":11.0,"gold_loss":0.0,"damage_taken":0.0,"relics_obtained":["Dodecahedron"]},{"damage_healed":0.0,"max_hp_gain":0.0,"max_hp_loss":0.0,"gold_gain":99.0,"event_name":"Nest","player_choice":"Stole From Cult","floor":19.0,"gold_loss":0.0,"damage_taken":0.0},{"damage_healed":0,"gold_gain":0,"player_choice":"Read","damage_taken":0,"max_hp_gain":0,"max_hp_loss":0,"event_name":"The Library","floor":22,"gold_loss":0,"cards_obtained":["Catalyst"]},{"damage_healed":0,"gold_gain":0,"player_choice":"","damage_taken":7,"max_hp_gain":0,"max_hp_loss":0,"event_name":"Knowing Skull","floor":24,"potions_obtained":[],"gold_loss":0,"cards_obtained":[]},{"damage_healed":0,"gold_gain":0,"player_choice":"Smashed Altar","damage_taken":0,"max_hp_gain":0,"max_hp_loss":0,"event_name":"Forgotten Altar","floor":28,"gold_loss":0,"cards_obtained":["Decay"]}],"is_beta":false,"boss_relics":[{"not_picked":["Orrery","Philosopher\u0027s Stone"],"picked":"Fusion Hammer"}],"items_purged_floors":[5,20],"is_endless":false,"potions_floor_spawned":[2,8,13,14,21,25,30],"killed_by":"Shelled Parasite and Fungi","ascension_level":7}