{"gold_per_floor":[112,129,145,145,164,164,193,163,163,163],"floor_reached":10,"playtime":676,"items_purged":[],"score":71,"play_id":"6d55e2fa-3345-4edc-a77b-0b60debce7a5","local_time":"20190812150352","is_ascension_mode":true,"campfire_choices":[{"floor":6,"key":"RECALL"}],"neow_cost":"NONE","seed_source_timestamp":26725011372203,"circlet_count":0,"master_deck":["Strike_G","Strike_G","Strike_G","Strike_G","Defend_G","Defend_G","Defend_G","Defend_G","Defend_G","Survivor","Neutralize","Poisoned Stab","Deflect","PiercingWail","Escape Plan","Blur","Poisoned Stab"],"relics":["Ring of the Snake","NeowsBlessing","Bottled Flame","Toxic Egg 2"],"potions_floor_usage":[7,8],"damage_taken":[{"damage":0,"enemies":"Cultist","floor":1,"turns":1},{"damage":0,"enemies":"Jaw Worm","floor":2,"turns":1},{"damage":0,"enemies":"2 Louse","floor":3,"turns":1},{"damage":0,"enemies":"Gremlin Gang","floor":5,"turns":7},{"damage":67,"enemies":"Gremlin Nob","floor":7,"turns":8},{"damage":0,"enemies":"Looter","floor":8,"turns":4},{"damage":9,"enemies":"3 Sentries","floor":10,"turns":2}],"seed_played":"5373086664564631078","potions_obtained":[{"floor":2,"key":"Ancient Potion"},{"floor":5,"key":"Swift Potion"}],"is_trial":false,"path_per_floor":["M","M","M","?","M","R","E","M","T","E"],"character_chosen":"THE_SILENT","items_purchased":[],"campfire_rested":0,"item_purchase_floors":[],"current_hp_per_floor":[70,70,70,70,70,70,3,3,3,0],"gold":163,"neow_bonus":"THREE_ENEMY_KILL","is_prod":false,"is_daily":false,"chose_seed":false,"campfire_upgraded":0,"win_rate":0,"timestamp":1565615032,"path_taken":["M","M","M","?","?","R","E","M","T","E"],"build_version":"2019-07-17","purchased_purges":0,"victory":false,"max_hp_per_floor":[70,70,70,70,70,70,70,70,70,70],"card_choices":[{"not_picked":["Backflip","Prepared"],"picked":"Poisoned Stab","floor":1},{"not_picked":["Underhanded Strike","Leg Sweep"],"picked":"Deflect","floor":2},{"not_picked":["Slice","Deflect"],"picked":"PiercingWail","floor":3},{"not_picked":["Sucker Punch","Acrobatics"],"picked":"Escape Plan","floor":5},{"not_picked":["Expertise","Catalyst"],"picked":"Blur","floor":7},{"not_picked":["Cloak And Dagger","Choke"],"picked":"Poisoned Stab","floor":8}],"player_experience":359100,"relics_obtained":[{"floor":7,"key":"Bottled Flame"},{"floor":9,"key":"Toxic Egg 2"}],"event_choices":[{"cards_removed":["Strike_G"],"damage_healed":0,"gold_gain":0,"player_choice":"Offered Basic","damage_taken":0,"max_hp_gain":0,"max_hp_loss":0,"event_name":"Bonfire Elementals","floor":4,"gold_loss":0}],"is_beta":false,"boss_relics":[],"items_purged_floors":[],"is_endless":false,"potions_floor_spawned":[2,5],"killed_by":"3 Sentries","ascension_level":1}