{"gold_per_floor":[110,110,126,25,36,36,36,65,65,65,78,108,108,124,124,217,217,235,235,185,35,59,59,94,94,118,138,138,138,138,138],"floor_reached":31,"playtime":2309,"items_purged":["Normality"],"score":521,"play_id":"e527f025-9295-4d9d-8a90-16b58e78b52e","local_time":"20190816195902","is_ascension_mode":true,"campfire_choices":[{"data":"Crippling Poison","floor":6.0,"key":"SMITH"},{"floor":10.0,"key":"REST"},{"floor":15.0,"key":"REST"},{"floor":23,"key":"REST"},{"data":"Footwork","floor":25,"key":"SMITH"},{"data":"Deflect","floor":28,"key":"SMITH"}],"neow_cost":"NONE","seed_source_timestamp":0,"circlet_count":0,"master_deck":["AscendersBane","Strike_G","Strike_G","Strike_G","Strike_G","Strike_G","Defend_G","Defend_G","Defend_G","Defend_G","Defend_G","Survivor","Neutralize","Bane","Neutralize","Noxious Fumes","Crippling Poison+1","Dagger Spray","Bane","Deadly Poison","Dagger Spray+1","Bane+1","Injury","Poisoned Stab+1","Burst","Doubt","Writhe","Dagger Spray+1","Footwork+1","Deadly Poison","Cloak And Dagger","Deflect+1"],"special_seed":0,"relics":["Ring of the Snake","NeowsBlessing","Molten Egg 2","Smiling Mask","Darkstone Periapt","The Courier","Golden Idol","Calling Bell","Ninja Scroll","Ancient Tea Set","FossilizedHelix","MutagenicStrength","Shuriken","Vajra"],"potions_floor_usage":[24,24,31],"damage_taken":[{"damage":0.0,"enemies":"2 Louse","floor":1.0,"turns":1.0},{"damage":0.0,"enemies":"Cultist","floor":3.0,"turns":1.0},{"damage":0.0,"enemies":"Jaw Worm","floor":5.0,"turns":1.0},{"damage":46.0,"enemies":"Gremlin Nob","floor":8.0,"turns":5.0},{"damage":0.0,"enemies":"Red Slaver","floor":11.0,"turns":4.0},{"damage":29.0,"enemies":"3 Sentries","floor":12.0,"turns":6.0},{"damage":5.0,"enemies":"3 Louse","floor":14.0,"turns":3.0},{"damage":30.0,"enemies":"Slime Boss","floor":16.0,"turns":8.0},{"damage":30,"enemies":"2 Thieves","floor":18,"turns":4},{"damage":12,"enemies":"Chosen","floor":22,"turns":4},{"damage":28,"enemies":"Book of Stabbing","floor":24,"turns":6},{"damage":12,"enemies":"Snake Plant","floor":27,"turns":5},{"damage":0,"enemies":"Colosseum Slavers","floor":29,"turns":3},{"damage":31,"enemies":"Cultist and Chosen","floor":31,"turns":3}],"seed_played":"-6057972152270105340","potions_obtained":[{"floor":3.0,"key":"Swift Potion"},{"floor":8.0,"key":"Regen Potion"},{"floor":12.0,"key":"AttackPotion"},{"floor":14.0,"key":"GhostInAJar"},{"floor":22,"key":"Block Potion"},{"floor":24,"key":"PowerPotion"}],"is_trial":false,"path_per_floor":["M","?","M","$","M","R","?","E","T","R","M","E","?","M","R","B",null,"M","?","?","$","M","R","E","R","T","M","R","?","?","M"],"character_chosen":"THE_SILENT","items_purchased":["Crippling Poison","Dagger Spray","Footwork","Deadly Poison"],"campfire_rested":3,"item_purchase_floors":[4,4,21,21],"current_hp_per_floor":[59,59,59,59,59,59,59,13,13,32,32,18,24,19,40,10,75,45,45,45,45,33,60,32,32,32,20,20,20,20,0],"gold":138,"neow_bonus":"THREE_ENEMY_KILL","is_prod":false,"is_daily":false,"chose_seed":false,"campfire_upgraded":3,"win_rate":0,"timestamp":1565999942,"path_taken":["M","?","?","$","M","R","?","E","T","R","?","E","?","M","R","BOSS","M","?","?","$","M","R","E","R","T","?","R","?","?","M"],"build_version":"2019-07-17","purchased_purges":1,"victory":false,"max_hp_per_floor":[66,66,66,66,66,66,66,66,66,66,66,66,72,72,72,72,90,90,90,90,90,90,90,90,90,90,90,90,90,90,90],"card_choices":[{"not_picked":["PiercingWail","Cloak And Dagger"],"picked":"Bane","floor":1.0},{"not_picked":["Prepared","Dagger Spray"],"picked":"Noxious Fumes","floor":3.0},{"not_picked":["Flechettes","Expertise"],"picked":"Bane","floor":5.0},{"not_picked":["Sucker Punch+1","All Out Attack+1"],"picked":"Deadly Poison","floor":8.0},{"not_picked":["PiercingWail","Setup"],"picked":"Dagger Spray+1","floor":11.0},{"not_picked":["Sucker Punch+1","Underhanded Strike+1"],"picked":"Bane+1","floor":12.0},{"not_picked":["Quick Slash+1","Terror"],"picked":"Poisoned Stab+1","floor":14.0},{"not_picked":["Envenom","Phantasmal Killer"],"picked":"Burst","floor":16.0},{"not_picked":["Eviscerate+1","Acrobatics+1"],"picked":"Dagger Spray+1","floor":18},{"not_picked":["Finisher+1","Blade Dance","Sucker Punch+1"],"picked":"SKIP","floor":22},{"not_picked":["Underhanded Strike+1","Noxious Fumes"],"picked":"Cloak And Dagger","floor":24},{"not_picked":["Distraction","Underhanded Strike+1"],"picked":"Deflect","floor":27}],"player_experience":1049882,"relics_obtained":[{"floor":8.0,"key":"Smiling Mask"},{"floor":9.0,"key":"Darkstone Periapt"},{"floor":12.0,"key":"The Courier"},{"floor":17.0,"key":"Ninja Scroll"},{"floor":17.0,"key":"Ancient Tea Set"},{"floor":17.0,"key":"FossilizedHelix"},{"floor":24,"key":"Shuriken"},{"floor":26,"key":"Vajra"}],"event_choices":[{"damage_healed":0.0,"max_hp_gain":0.0,"max_hp_loss":0.0,"gold_gain":0.0,"event_name":"Match and Keep!","player_choice":"1 cards matched","floor":2.0,"gold_loss":0.0,"damage_taken":0.0,"cards_obtained":["Neutralize"]},{"damage_healed":0.0,"max_hp_gain":0.0,"max_hp_loss":0.0,"gold_gain":0.0,"event_name":"WeMeetAgain","player_choice":"Gave Potion","floor":7.0,"gold_loss":0.0,"damage_taken":0.0,"relics_obtained":["Molten Egg 2"]},{"damage_healed":0.0,"max_hp_gain":0.0,"max_hp_loss":0.0,"gold_gain":0.0,"event_name":"Golden Idol","player_choice":"Take Wound","floor":13.0,"gold_loss":0.0,"damage_taken":0.0,"relics_obtained":["Golden Idol"],"cards_obtained":["Injury"]},{"damage_healed":0,"gold_gain":0,"player_choice":"Inject Mutagens","damage_taken":0,"relics_obtained":["MutagenicStrength"],"max_hp_gain":0,"max_hp_loss":0,"event_name":"Drug Dealer","floor":19,"gold_loss":0},{"damage_healed":0,"gold_gain":0,"player_choice":"Bet on Murderer","damage_taken":0,"max_hp_gain":0,"max_hp_loss":0,"event_name":"The Joust","floor":20,"gold_loss":50},{"damage_healed":0,"gold_gain":0,"player_choice":"Fight","damage_taken":0,"max_hp_gain":0,"max_hp_loss":0,"event_name":"Colosseum","floor":29,"gold_loss":0},{"damage_healed":0,"gold_gain":0,"player_choice":"Fled From Nobs","damage_taken":0,"max_hp_gain":0,"max_hp_loss":0,"event_name":"Colosseum","floor":29,"gold_loss":0},{"damage_healed":0,"gold_gain":0,"player_choice":"Ignored","damage_taken":0,"max_hp_gain":0,"max_hp_loss":0,"event_name":"Cursed Tome","floor":30,"gold_loss":0}],"is_beta":false,"boss_relics":[{"not_picked":["Orrery","Lizard Tail"],"picked":"Calling Bell"}],"items_purged_floors":[21],"is_endless":false,"potions_floor_spawned":[3,8,12,14,22,24],"killed_by":"Cultist and Chosen","ascension_level":18}