{"gold_per_floor":[109,34,134,154,165,165,193,193,193,193,213,228,80,94,94,192,192,210,223,23,34,49,49,49,76,148,158,158,8,8,22,22,123,123,136,136,136],"floor_reached":38,"playtime":3695,"items_purged":["Strike_G","Strike_G","Strike_G","Strike_G+1"],"score":1007,"play_id":"e6a25a66-a190-4b3e-b385-ebe45038924b","local_time":"20181103221920","is_ascension_mode":true,"campfire_choices":[{"data":"Footwork","floor":6,"key":"SMITH"},{"floor":8,"key":"REST"},{"floor":10,"key":"REST"},{"data":"Neutralize","floor":15,"key":"SMITH"},{"data":"Backflip","floor":23,"key":"SMITH"},{"floor":28,"key":"REST"},{"data":"Blur","floor":30,"key":"SMITH"},{"data":"Blur","floor":32,"key":"SMITH"}],"neow_cost":"NONE","seed_source_timestamp":0,"circlet_count":0,"master_deck":["Defend_G","Defend_G+1","Defend_G+1","Defend_G","Strike_G+1","Survivor","Neutralize+1","Flying Knee","Footwork+1","Flying Knee+1","Quick Slash+1","Backflip+1","Die Die Die+1","Flechettes+1","Terror+1","Blur+1","Quick Slash+1","Blur+1","Blur+1","Flying Knee+1","Die Die Die+1","Expertise"],"special_seed":0,"relics":["Ring of the Snake","Molten Egg 2","War Paint","Cursed Key","Enchiridion","Whetstone","Matryoshka","Empty Cage"],"potions_floor_usage":[16,16,21,33,33,37],"damage_taken":[{"damage":0,"enemies":"2 Louse","floor":1,"turns":4},{"damage":2,"enemies":"Cultist","floor":4,"turns":4},{"damage":0,"enemies":"Small Slimes","floor":5,"turns":3},{"damage":45,"enemies":"3 Sentries","floor":7,"turns":16},{"damage":2,"enemies":"Red Slaver","floor":11,"turns":5},{"damage":10,"enemies":"Gremlin Gang","floor":12,"turns":5},{"damage":0,"enemies":"Large Slime","floor":14,"turns":5},{"damage":36,"enemies":"Slime Boss","floor":16,"turns":14},{"damage":0,"enemies":"Chosen","floor":18,"turns":4},{"damage":0,"enemies":"Shell Parasite","floor":19,"turns":5},{"damage":4,"enemies":"Snecko","floor":21,"turns":5},{"damage":0,"enemies":"3 Cultists","floor":22,"turns":6},{"damage":2,"enemies":"Gremlin Leader","floor":25,"turns":6},{"damage":7,"enemies":"Shelled Parasite and Fungi","floor":27,"turns":5},{"damage":3,"enemies":"Centurion and Healer","floor":31,"turns":5},{"damage":14,"enemies":"Collector","floor":33,"turns":15},{"damage":0,"enemies":"Orb Walker","floor":35,"turns":3},{"damage":16,"enemies":"Awakened One","floor":37,"turns":24}],"seed_played":"-2871187572417936055","potions_obtained":[{"floor":1,"key":"Energy Potion"},{"floor":7,"key":"PowerPotion"},{"floor":11,"key":"GhostInAJar"},{"floor":18,"key":"Poison Potion"},{"floor":22,"key":"Dexterity Potion"},{"floor":33,"key":"Poison Potion"}],"is_trial":false,"path_per_floor":["M","$","?","M","M","R","E","R","T","R","M","M","$","M","R","B",null,"M","M","$","M","M","R","?","E","T","M","R","$","R","M","R","B",null,"M","?","B",null],"character_chosen":"THE_SILENT","items_purchased":["Quick Slash+1","Blur"],"campfire_rested":3,"item_purchase_floors":[13,20],"current_hp_per_floor":[70,70,70,68,68,68,23,46,46,69,67,57,57,57,57,21,63,63,63,63,59,59,59,43,41,41,34,57,57,57,54,54,40,68,68,68,52],"gold":136,"neow_bonus":"TEN_PERCENT_HP_BONUS","is_prod":false,"is_daily":false,"chose_seed":false,"campfire_upgraded":5,"win_rate":0,"timestamp":1541254760,"path_taken":["M","$","?","M","M","R","E","R","T","R","M","M","$","M","R","BOSS","M","M","$","M","M","R","?","E","T","M","R","$","R","M","R","BOSS","M","?","BOSS"],"build_version":"2018-11-01","purchased_purges":4,"victory":true,"max_hp_per_floor":[77,77,77,77,77,77,77,77,77,77,77,77,77,77,77,77,77,77,77,77,77,77,77,77,77,77,77,77,77,77,77,77,77,77,77,77,77],"card_choices":[{"not_picked":["Riddle With Holes","Concentrate"],"picked":"Flying Knee","floor":1},{"not_picked":["Reflex","Quick Slash"],"picked":"Footwork","floor":4},{"not_picked":["Slice","Blade Dance","Bouncing Flask"],"picked":"SKIP","floor":5},{"not_picked":["Bullet Time","Poisoned Stab","Expertise"],"picked":"SKIP","floor":7},{"not_picked":["Sucker Punch+1","Dagger Throw+1"],"picked":"Flying Knee+1","floor":11},{"not_picked":["Deflect","Crippling Poison","Prepared"],"picked":"SKIP","floor":12},{"not_picked":["Noxious Fumes","Eviscerate+1"],"picked":"Backflip","floor":14},{"not_picked":["Unload+1","Venomology"],"picked":"Die Die Die+1","floor":16},{"not_picked":["Backflip","Choke+1"],"picked":"Flechettes+1","floor":18},{"not_picked":["Dagger Spray+1","Sucker Punch+1"],"picked":"Terror+1","floor":19},{"not_picked":["Caltrops+1","Terror+1","Poisoned Stab+1"],"picked":"SKIP","floor":21},{"not_picked":["Terror","Deadly Poison"],"picked":"Quick Slash+1","floor":22},{"not_picked":["Expertise+1","Heel Hook+1"],"picked":"Blur","floor":25},{"not_picked":["Crippling Poison","Flechettes+1"],"picked":"Blur+1","floor":27},{"not_picked":["Sucker Punch+1","Cloak And Dagger"],"picked":"Flying Knee+1","floor":31},{"not_picked":["Burst","Wraith Form v2"],"picked":"Die Die Die+1","floor":33},{"not_picked":["Prepared+1","Slice+1"],"picked":"Expertise","floor":35}],"player_experience":567152,"relics_obtained":[{"floor":7,"key":"Molten Egg 2"},{"floor":9,"key":"War Paint"},{"floor":24,"key":"Enchiridion"},{"floor":25,"key":"Whetstone"},{"floor":26,"key":"Matryoshka"}],"event_choices":[{"damage_healed":0,"gold_gain":100,"player_choice":"Pray","damage_taken":0,"max_hp_gain":0,"max_hp_loss":0,"event_name":"Golden Shrine","floor":3,"gold_loss":0},{"damage_healed":0,"gold_gain":0,"player_choice":"Obtained Book","damage_taken":16,"max_hp_gain":0,"max_hp_loss":0,"event_name":"Cursed Tome","floor":24,"gold_loss":0},{"damage_healed":0,"gold_gain":0,"player_choice":"Took Portal","damage_taken":0,"max_hp_gain":0,"max_hp_loss":0,"event_name":"SecretPortal","floor":36,"gold_loss":0}],"is_beta":false,"boss_relics":[{"not_picked":["Orrery","Snecko Eye"],"picked":"Cursed Key"},{"not_picked":["White Beast Statue","Astrolabe"],"picked":"Empty Cage"}],"items_purged_floors":[2,13,20,29],"is_endless":false,"potions_floor_spawned":[1,7,11,18,22,33],"ascension_level":7}