{"gold_per_floor":[115,133,133,58,77,77,104,104,104,120,120,154,154,41,41,41],"floor_reached":16,"playtime":989,"items_purged":["Defend_G"],"score":130,"play_id":"79c521e2-dc8f-4cea-a7a7-6e6b1962147c","local_time":"20181026010342","is_ascension_mode":true,"campfire_choices":[{"floor":6,"key":"REST"},{"floor":8,"key":"REST"},{"data":"Defend_G","floor":11,"key":"SMITH"},{"floor":13,"key":"REST"},{"floor":15,"key":"REST"}],"neow_cost":"NONE","seed_source_timestamp":1314300879798200,"circlet_count":0,"master_deck":["Defend_G","Defend_G","Defend_G+1","Strike_G+1","Strike_G","Strike_G+1","Strike_G","Strike_G","Survivor","Neutralize","Cloak And Dagger","All Out Attack","Acrobatics","Finesse","PiercingWail"],"relics":["Ring of the Snake","Whetstone","Sundial","Ornamental Fan"],"potions_floor_usage":[7,16],"damage_taken":[{"damage":1,"enemies":"Cultist","floor":1,"turns":4},{"damage":10,"enemies":"Small Slimes","floor":2,"turns":5},{"damage":2,"enemies":"Jaw Worm","floor":5,"turns":4},{"damage":22,"enemies":"Gremlin Nob","floor":7,"turns":5},{"damage":3,"enemies":"Red Slaver","floor":10,"turns":5},{"damage":34,"enemies":"Lagavulin","floor":12,"turns":7},{"damage":82,"enemies":"Slime Boss","floor":16,"turns":13}],"seed_played":"-4559459654563490837","potions_obtained":[{"floor":2,"key":"AttackPotion"},{"floor":7,"key":"Dexterity Potion"},{"floor":12,"key":"Block Potion"}],"is_trial":false,"path_per_floor":["M","M","?","$","M","R","E","R","T","M","R","E","R","$","R"],"character_chosen":"THE_SILENT","items_purchased":["Finesse","PiercingWail"],"campfire_rested":4,"item_purchase_floors":[14,14],"current_hp_per_floor":[69,59,52,52,50,70,48,69,69,66,66,32,53,53,70,0],"gold":41,"neow_bonus":"THREE_CARDS","is_prod":false,"is_daily":false,"chose_seed":false,"campfire_upgraded":1,"win_rate":0,"timestamp":1540487022,"path_taken":["M","?","?","$","M","R","E","R","T","M","R","E","R","$","R","BOSS"],"build_version":"2018-10-18","purchased_purges":1,"victory":false,"max_hp_per_floor":[70,70,70,70,70,70,70,70,70,70,70,70,70,70,70,70],"card_choices":[{"not_picked":["Backflip","Prepared"],"picked":"Cloak And Dagger","floor":1},{"not_picked":["Riddle With Holes","Prepared","Underhanded Strike"],"picked":"SKIP","floor":2},{"not_picked":["Escape Plan","Choke","Concentrate"],"picked":"SKIP","floor":5},{"not_picked":["Acrobatics","Accuracy"],"picked":"All Out Attack","floor":7},{"not_picked":["Poisoned Stab","Blade Dance","Flying Knee"],"picked":"SKIP","floor":10},{"not_picked":["Slice","Sucker Punch"],"picked":"Acrobatics","floor":12}],"player_experience":451550,"relics_obtained":[{"floor":7,"key":"Whetstone"},{"floor":9,"key":"Sundial"},{"floor":12,"key":"Ornamental Fan"}],"event_choices":[{"cards_removed":["Defend_G"],"damage_healed":0,"gold_gain":0,"player_choice":"Card Removal","damage_taken":7,"max_hp_gain":0,"max_hp_loss":0,"event_name":"Golden Wing","floor":3,"gold_loss":0}],"is_beta":false,"boss_relics":[],"items_purged_floors":[4],"is_endless":false,"potions_floor_spawned":[2,7,12],"killed_by":"Slime Boss","ascension_level":4}