{"gold_per_floor":[111,186,199,75,75,111,111,125,125,164,185,185,228,243,243,339,339,357,400,414,339,8,8,8,32,32,63,87,87,122,157,157,255,255,270,270,89,108,108],"floor_reached":39,"playtime":6981,"items_purged":["Strike_G"],"score":892,"play_id":"ad15e36e-d86a-4ca3-9861-e5cbb4e50753","local_time":"20190807213634","is_ascension_mode":true,"campfire_choices":[{"data":"Bullet Time","floor":7.0,"key":"SMITH"},{"data":"Crippling Poison","floor":12.0,"key":"SMITH"},{"data":"Noxious Fumes","floor":15.0,"key":"SMITH"},{"data":"After Image","floor":23.0,"key":"SMITH"},{"floor":29.0,"key":"REST"},{"floor":32,"key":"REST"}],"neow_cost":"NONE","seed_source_timestamp":2244313321959279,"circlet_count":0,"master_deck":["AscendersBane","Strike_G","Strike_G","Strike_G","Defend_G","Defend_G","Defend_G","Defend_G","Defend_G","Survivor","Neutralize","Flying Knee","Cloak And Dagger","Noxious Fumes+1","Crippling Poison+1","Bullet Time+1","Cloak And Dagger","Cloak And Dagger","Acrobatics","Backflip","After Image+1","Adrenaline","Backstab","Acrobatics","Dodge and Roll","Dash","Footwork","After Image+1","Dodge and Roll+1","Acrobatics","After Image","Noxious Fumes","Footwork"],"special_seed":0,"relics":["Ring of the Snake","NeowsBlessing","Golden Idol","Question Card","Sundial","Vajra","WingedGreaves","Orrery","Red Mask","The Specimen","Bottled Tornado","Pear","The Courier","Pen Nib","Eternal Feather"],"potions_floor_usage":[30,31],"damage_taken":[{"damage":0.0,"enemies":"2 Louse","floor":1.0,"turns":1.0},{"damage":0.0,"enemies":"Jaw Worm","floor":3.0,"turns":1.0},{"damage":0.0,"enemies":"Gremlin Nob","floor":6.0,"turns":1.0},{"damage":4.0,"enemies":"Cultist","floor":8.0,"turns":4.0},{"damage":7.0,"enemies":"3 Sentries","floor":10.0,"turns":6.0},{"damage":2.0,"enemies":"2 Fungi Beasts","floor":11.0,"turns":4.0},{"damage":5.0,"enemies":"Lagavulin","floor":13.0,"turns":5.0},{"damage":11.0,"enemies":"Looter","floor":14.0,"turns":4.0},{"damage":12.0,"enemies":"Slime Boss","floor":16.0,"turns":10.0},{"damage":10.0,"enemies":"Chosen","floor":18.0,"turns":6.0},{"damage":17.0,"enemies":"Masked Bandits","floor":19.0,"turns":3.0},{"damage":3.0,"enemies":"Spheric Guardian","floor":20.0,"turns":4.0},{"damage":0.0,"enemies":"Centurion and Healer","floor":25.0,"turns":7.0},{"damage":8.0,"enemies":"Book of Stabbing","floor":27.0,"turns":6.0},{"damage":0.0,"enemies":"Sentry and Sphere","floor":28.0,"turns":6.0},{"damage":15,"enemies":"Gremlin Leader","floor":30,"turns":6},{"damage":14,"enemies":"Book of Stabbing","floor":31,"turns":6},{"damage":17,"enemies":"Automaton","floor":33,"turns":11},{"damage":10,"enemies":"Orb Walker","floor":35,"turns":6},{"damage":29,"enemies":"3 Darklings","floor":38,"turns":7},{"damage":25,"enemies":"Transient","floor":39,"turns":2}],"seed_played":"1481994737356087061","potions_obtained":[{"floor":6.0,"key":"Poison Potion"},{"floor":11.0,"key":"EssenceOfSteel"},{"floor":14.0,"key":"Weak Potion"},{"floor":16.0,"key":"AttackPotion"},{"floor":19.0,"key":"Poison Potion"},{"floor":25.0,"key":"Strength Potion"},{"floor":27.0,"key":"Poison Potion"},{"floor":28.0,"key":"LiquidBronze"}],"is_trial":false,"path_per_floor":["M","?","M","$","?","E","R","M","T","E","M","R","E","M","R","B",null,"M","?","M","?","$","R","?","M","T","E","M","R","E","E","R","B",null,"M","?","$","M","M"],"character_chosen":"THE_SILENT","items_purchased":["Noxious Fumes","Crippling Poison","The Specimen","Noxious Fumes","Footwork"],"campfire_rested":2,"item_purchase_floors":[4,4,22,37,37],"current_hp_per_floor":[59,48,48,48,48,48,48,44,44,37,35,35,30,19,19,7,51,41,24,21,21,21,21,21,21,21,23,23,45,30,16,38,21,62,52,52,52,23,0],"gold":108,"neow_bonus":"THREE_ENEMY_KILL","is_prod":false,"is_daily":false,"chose_seed":false,"campfire_upgraded":4,"win_rate":0,"timestamp":1565228194,"path_taken":["M","?","M","$","?","E","R","M","T","E","M","R","E","M","R","BOSS","M","?","M","?","$","R","?","M","T","E","?","R","E","E","R","BOSS","M","?","$","M","M"],"build_version":"2019-07-17","purchased_purges":1,"victory":false,"max_hp_per_floor":[66,66,66,66,66,66,66,66,66,66,66,66,66,66,66,66,66,66,66,66,66,66,66,66,66,66,76,76,76,76,76,76,76,76,76,76,76,76,76],"card_choices":[{"not_picked":["PiercingWail","Bane"],"picked":"Flying Knee","floor":1.0},{"not_picked":["Doppelganger","Dagger Spray"],"picked":"Cloak And Dagger","floor":3.0},{"not_picked":["Catalyst","Expertise"],"picked":"Bullet Time","floor":6.0},{"not_picked":["Flying Knee","Dagger Throw","Choke"],"picked":"Cloak And Dagger","floor":8.0},{"not_picked":["Sucker Punch","Slice","Poisoned Stab","Dodge and Roll"],"picked":"SKIP","floor":10.0},{"not_picked":["Slice","Prepared","Deflect"],"picked":"Cloak And Dagger","floor":11.0},{"not_picked":["Predator","Quick Slash","Flying Knee"],"picked":"Acrobatics","floor":13.0},{"not_picked":["Night Terror","Slice","Sucker Punch"],"picked":"Backflip","floor":14.0},{"not_picked":["Adrenaline","Venomology","Tools of the Trade"],"picked":"After Image","floor":16.0},{"not_picked":["Backstab","Dagger Throw","Outmaneuver"],"picked":"Adrenaline","floor":17.0},{"not_picked":["PiercingWail","Poisoned Stab","Blade Dance"],"picked":"Backstab","floor":17.0},{"not_picked":["Backflip","Underhanded Strike","PiercingWail"],"picked":"Acrobatics","floor":17.0},{"not_picked":["Infinite Blades","All Out Attack","Heel Hook"],"picked":"Dodge and Roll","floor":17.0},{"not_picked":["Sucker Punch+1","Dagger Throw","Slice+1","Bane"],"picked":"SKIP","floor":18.0},{"not_picked":["Bane","All Out Attack","Sucker Punch"],"picked":"Dash","floor":19.0},{"not_picked":["Accuracy","Bouncing Flask","Deadly Poison+1"],"picked":"Footwork","floor":20.0},{"not_picked":["Accuracy+1","Masterful Stab+1","Wraith Form v2","Dodge and Roll"],"picked":"SKIP","floor":25.0},{"not_picked":["Bane+1","Calculated Gamble","Tools of the Trade"],"picked":"Dodge and Roll+1","floor":27.0},{"not_picked":["Calculated Gamble","Outmaneuver","Flechettes"],"picked":"Acrobatics","floor":28.0},{"not_picked":["Dodge and Roll","Flying Knee","Poisoned Stab","Venomology"],"picked":"SKIP","floor":30},{"not_picked":["Choke","Underhanded Strike+1","Prepared","Dodge and Roll"],"picked":"SKIP","floor":31},{"not_picked":["Phantasmal Killer","Tools of the Trade","Adrenaline"],"picked":"After Image","floor":33},{"not_picked":["Dagger Spray","Choke+1","Flying Knee+1","Outmaneuver"],"picked":"SKIP","floor":35},{"not_picked":["Slice","Flechettes","Bane","Poisoned Stab+1"],"picked":"SKIP","floor":38}],"player_experience":992205,"relics_obtained":[{"floor":6.0,"key":"Question Card"},{"floor":9.0,"key":"Sundial"},{"floor":10.0,"key":"Vajra"},{"floor":13.0,"key":"WingedGreaves"},{"floor":19.0,"key":"Red Mask"},{"floor":26.0,"key":"Bottled Tornado"},{"floor":27.0,"key":"Pear"},{"floor":30,"key":"The Courier"},{"floor":31,"key":"Pen Nib"}],"event_choices":[{"damage_healed":0.0,"max_hp_gain":0.0,"max_hp_loss":0.0,"gold_gain":75.0,"event_name":"World of Goop","player_choice":"Gather Gold","floor":2.0,"gold_loss":0.0,"damage_taken":11.0},{"damage_healed":0.0,"max_hp_gain":0.0,"max_hp_loss":0.0,"gold_gain":0.0,"event_name":"Golden Idol","player_choice":"Take Wound","floor":5.0,"gold_loss":0.0,"damage_taken":0.0,"relics_obtained":["Golden Idol"],"cards_obtained":["Injury"]},{"damage_healed":0.0,"max_hp_gain":0.0,"max_hp_loss":0.0,"gold_gain":0.0,"event_name":"Masked Bandits","player_choice":"Fought Bandits","floor":19.0,"gold_loss":0.0,"damage_taken":0.0},{"cards_removed":["Injury"],"damage_healed":0.0,"max_hp_gain":0.0,"max_hp_loss":0.0,"gold_gain":0.0,"event_name":"Beggar","player_choice":"Gave Gold","floor":21.0,"gold_loss":75.0,"damage_taken":0.0},{"damage_healed":0.0,"max_hp_gain":0.0,"max_hp_loss":0.0,"gold_gain":0.0,"event_name":"Duplicator","player_choice":"Copied","floor":24.0,"gold_loss":0.0,"damage_taken":0.0,"cards_obtained":["After Image"]},{"cards_removed":["Strike_G"],"damage_healed":0,"gold_gain":0,"player_choice":"Removed Attack","damage_taken":0,"max_hp_gain":0,"max_hp_loss":0,"event_name":"Falling","floor":36,"gold_loss":0}],"is_beta":false,"boss_relics":[{"not_picked":["Runic Dome","White Beast Statue"],"picked":"Orrery"},{"not_picked":["WristBlade","Runic Pyramid"],"picked":"Eternal Feather"}],"items_purged_floors":[37],"is_endless":false,"potions_floor_spawned":[6,11,14,16,19,25,27,28],"killed_by":"Transient","ascension_level":17}