{"gold_per_floor":[110,185,56,56,69,104,104,137,137,153,53,63,74,101,101,197,197,207,207,218,238,256,289,305,319,344,377,377,26,26,53,53,150,150,164,176,193,43,43,98,98,114,114,143,161,161,188,208,208,208],"floor_reached":51,"playtime":3872,"items_purged":["Defend_R","Strike_R","Strike_R","Decay"],"score":1115,"play_id":"4b66b194-539a-4470-b44b-c155d5419f7d","local_time":"20190122205425","is_ascension_mode":true,"campfire_choices":[{"data":"Iron Wave","floor":7.0,"key":"SMITH"},{"data":"Metallicize","floor":15.0,"key":"SMITH"},{"data":"Barricade","floor":28.0,"key":"SMITH"},{"data":"Infernal Blade","floor":30.0,"key":"SMITH"},{"floor":32.0,"key":"REST"},{"data":"Feel No Pain","floor":41,"key":"SMITH"},{"data":"Seeing Red","floor":46,"key":"SMITH"},{"data":"Shrug It Off","floor":49,"key":"SMITH"}],"neow_cost":"NONE","seed_source_timestamp":0,"circlet_count":0,"master_deck":["Strike_R","Defend_R+1","Defend_R","Defend_R","Bash","Shrug It Off+1","Iron Wave+1","Pommel Strike","Rampage","Shrug It Off+1","Intimidate","Metallicize+1","Feed","Demon Form","Iron Wave+1","Seeing Red+1","Intimidate+1","Barricade+1","Infernal Blade+1","Metallicize+1","Feel No Pain+1","Feed","Shrug It Off+1","True Grit+1"],"special_seed":0,"relics":["Burning Blood","NeowsBlessing","Question Card","Thread and Needle","Self Forming Clay","Dead Branch","Cursed Key","Centennial Puzzle","Red Skull","Bottled Tornado","DollysMirror","Singing Bowl","Sozu","Tiny Chest","War Paint","Torii"],"potions_floor_usage":[],"damage_taken":[{"damage":0.0,"enemies":"Small Slimes","floor":1.0,"turns":1.0},{"damage":0.0,"enemies":"2 Louse","floor":5.0,"turns":1.0},{"damage":0.0,"enemies":"Lagavulin","floor":6.0,"turns":1.0},{"damage":19.0,"enemies":"3 Sentries","floor":8.0,"turns":11.0},{"damage":2.0,"enemies":"Cultist","floor":10.0,"turns":3.0},{"damage":1.0,"enemies":"Gremlin Gang","floor":12.0,"turns":7.0},{"damage":0.0,"enemies":"Exordium Wildlife","floor":13.0,"turns":7.0},{"damage":3.0,"enemies":"Lagavulin","floor":14.0,"turns":5.0},{"damage":26.0,"enemies":"Hexaghost","floor":16.0,"turns":13.0},{"damage":5.0,"enemies":"Spheric Guardian","floor":18.0,"turns":5.0},{"damage":3.0,"enemies":"Chosen","floor":20.0,"turns":6.0},{"damage":15.0,"enemies":"Sentry and Sphere","floor":21.0,"turns":7.0},{"damage":10.0,"enemies":"Cultist and Chosen","floor":22.0,"turns":10.0},{"damage":28.0,"enemies":"Slavers","floor":23.0,"turns":10.0},{"damage":15.0,"enemies":"3 Cultists","floor":24.0,"turns":6.0},{"damage":6.0,"enemies":"Snake Plant","floor":25.0,"turns":6.0},{"damage":9.0,"enemies":"Book of Stabbing","floor":27.0,"turns":6.0},{"damage":20.0,"enemies":"Slavers","floor":31.0,"turns":5.0},{"damage":11.0,"enemies":"Collector","floor":33.0,"turns":11.0},{"damage":0.0,"enemies":"Orb Walker","floor":35.0,"turns":5.0},{"damage":1.0,"enemies":"3 Shapes","floor":36.0,"turns":6.0},{"damage":3.0,"enemies":"Jaw Worm Horde","floor":37.0,"turns":6.0},{"damage":18.0,"enemies":"Reptomancer","floor":40.0,"turns":7.0},{"damage":12,"enemies":"Transient","floor":42,"turns":5},{"damage":0,"enemies":"Nemesis","floor":44,"turns":11},{"damage":3,"enemies":"Maw","floor":45,"turns":10},{"damage":26,"enemies":"Reptomancer","floor":47,"turns":7},{"damage":36,"enemies":"4 Shapes","floor":48,"turns":9},{"damage":9,"enemies":"Donu and Deca","floor":50,"turns":10}],"seed_played":"-3521019062142600728","potions_obtained":[{"floor":6.0,"key":"SkillPotion"},{"floor":8.0,"key":"PowerPotion"},{"floor":12.0,"key":"AttackPotion"},{"floor":18.0,"key":"Block Potion"},{"floor":20.0,"key":"LiquidBronze"},{"floor":23.0,"key":"Weak Potion"},{"floor":24.0,"key":"EntropicBrew"},{"floor":27.0,"key":"Strength Potion"}],"is_trial":false,"path_per_floor":["M","?","$","?","M","E","R","E","T","M","$","M","M","E","R","B",null,"M","?","M","M","M","E","M","M","T","E","R","$","R","E","R","B",null,"M","M","M","$","?","E","R","M","T","E","M","R","E","M","R","B",null],"character_chosen":"IRONCLAD","items_purchased":["Iron Wave","Infernal Blade","DollysMirror"],"campfire_rested":1,"item_purchase_floors":[3,29,29],"current_hp_per_floor":[78,67,67,67,73,79,79,66,66,70,70,75,80,80,80,60,75,79,79,82,79,78,59,53,56,56,53,53,53,53,39,69,64,92,103,108,110,110,110,98,98,94,94,105,110,110,93,65,65,62],"gold":208,"neow_bonus":"THREE_ENEMY_KILL","is_prod":false,"is_daily":false,"chose_seed":false,"campfire_upgraded":7,"win_rate":0,"timestamp":1548208465,"path_taken":["M","?","$","?","M","E","R","E","T","?","$","?","M","E","R","BOSS","M","?","M","?","M","E","M","M","T","E","R","$","R","E","R","BOSS","M","M","M","$","?","E","R","M","T","E","M","R","E","?","R","BOSS"],"build_version":"2019-01-17v2","purchased_purges":4,"victory":true,"max_hp_per_floor":[80,80,80,80,80,80,80,80,80,80,80,80,80,80,80,80,80,83,83,83,89,92,95,98,101,101,101,101,101,101,101,101,101,101,106,108,110,110,110,110,110,112,112,117,119,119,122,124,124,124],"card_choices":[{"not_picked":["Flex","Wild Strike"],"picked":"Shrug It Off","floor":1.0},{"not_picked":["Anger","Clothesline"],"picked":"Pommel Strike","floor":5.0},{"not_picked":["Fiend Fire","Rupture","Heavy Blade"],"picked":"SKIP","floor":6.0},{"not_picked":["Rage","Flex","Clash"],"picked":"Rampage","floor":8.0},{"not_picked":["Second Wind","Cleave","Anger"],"picked":"Shrug It Off","floor":10.0},{"not_picked":["Armaments","Warcry","Battle Trance","Sentinel"],"picked":"SKIP","floor":12.0},{"not_picked":["Ghostly Armor","Disarm","Flame Barrier"],"picked":"Intimidate","floor":13.0},{"not_picked":["Flame Barrier","Warcry","Headbutt"],"picked":"Metallicize","floor":14.0},{"not_picked":["Bludgeon","Impervious","Double Tap"],"picked":"Feed","floor":16.0},{"not_picked":["Cleave","Clash","Flex","Clothesline"],"picked":"SKIP","floor":18.0},{"not_picked":["Rampage","Twin Strike+1","Anger"],"picked":"Demon Form","floor":20.0},{"not_picked":["Carnage+1","Flex","Thunderclap"],"picked":"Iron Wave+1","floor":21.0},{"not_picked":["Dual Wield","Anger","True Grit","Fire Breathing"],"picked":"SKIP","floor":22.0},{"not_picked":["Flame Barrier","True Grit","Cleave","Berserk"],"picked":"SKIP","floor":23.0},{"not_picked":["Iron Wave","Twin Strike","Ghostly Armor"],"picked":"Seeing Red","floor":24.0},{"not_picked":["Clash+1","Twin Strike+1","Flex"],"picked":"Intimidate+1","floor":25.0},{"not_picked":["Blood for Blood+1","Feed","Clothesline"],"picked":"Barricade","floor":27.0},{"not_picked":["Havoc","Flex+1","Battle Trance"],"picked":"Feel No Pain","floor":31.0},{"not_picked":["Juggernaut","Double Tap","Berserk"],"picked":"Feed","floor":33.0},{"not_picked":["Ghostly Armor+1","Rage","Heavy Blade","Cleave+1"],"picked":"Singing Bowl","floor":35.0},{"not_picked":["Clash+1","Pommel Strike","Body Slam","Battle Trance"],"picked":"Singing Bowl","floor":36.0},{"not_picked":["Havoc+1","Pommel Strike+1","Rage","Entrench"],"picked":"Singing Bowl","floor":37.0},{"not_picked":["Fire Breathing+1","Headbutt+1","Wild Strike+1"],"picked":"Shrug It Off+1","floor":40.0},{"not_picked":["Sword Boomerang+1","Entrench+1","Twin Strike+1","Combust+1"],"picked":"Singing Bowl","floor":42},{"not_picked":["Havoc","Juggernaut","Dropkick+1","Armaments+1"],"picked":"Singing Bowl","floor":44},{"not_picked":["Heavy Blade+1","Armaments+1","Havoc","Bloodletting"],"picked":"Singing Bowl","floor":45},{"not_picked":["Juggernaut","Sword Boomerang","Reaper"],"picked":"True Grit+1","floor":47},{"not_picked":["Battle Trance","Havoc+1","Warcry+1","Disarm"],"picked":"Singing Bowl","floor":48}],"player_experience":294519,"relics_obtained":[{"floor":6.0,"key":"Question Card"},{"floor":8.0,"key":"Thread and Needle"},{"floor":9.0,"key":"Self Forming Clay"},{"floor":14.0,"key":"Dead Branch"},{"floor":23.0,"key":"Centennial Puzzle"},{"floor":26.0,"key":"Red Skull"},{"floor":27.0,"key":"Bottled Tornado"},{"floor":31.0,"key":"Singing Bowl"},{"floor":40.0,"key":"Tiny Chest"},{"floor":44,"key":"War Paint"},{"floor":47,"key":"Torii"}],"event_choices":[{"damage_healed":0.0,"max_hp_gain":0.0,"max_hp_loss":0.0,"gold_gain":75.0,"event_name":"World of Goop","player_choice":"Gather Gold","floor":2.0,"gold_loss":0.0,"damage_taken":11.0},{"damage_healed":0.0,"max_hp_gain":0.0,"max_hp_loss":0.0,"gold_gain":0.0,"event_name":"The Woman in Blue","player_choice":"Bought 0 Potions","floor":4.0,"gold_loss":0.0,"damage_taken":0.0},{"cards_removed":["Strike_R"],"damage_healed":0.0,"max_hp_gain":0.0,"max_hp_loss":0.0,"gold_gain":0.0,"event_name":"Bonfire Elementals","player_choice":"Offered Basic","floor":19.0,"gold_loss":0.0,"damage_taken":0.0},{"cards_removed":["Strike_R"],"damage_healed":0.0,"max_hp_gain":0.0,"max_hp_loss":0.0,"gold_gain":0.0,"event_name":"Wheel of Change","player_choice":"Card Removal","floor":39.0,"gold_loss":0.0,"damage_taken":0.0}],"is_beta":false,"boss_relics":[{"not_picked":["Runic Cube","White Beast Statue"],"picked":"Cursed Key"},{"not_picked":["Eternal Feather","Mark of Pain"],"picked":"Sozu"}],"items_purged_floors":[3,11,29,38],"is_endless":false,"potions_floor_spawned":[6,8,12,18,20,23,24,27,35,37,47,48],"ascension_level":6}