{"gold_per_floor":[109,129,27,45,220,220,231,231,284,294,329,35,35,35,35,137,137,153,172,186,186,112,112,131,145,169,4,39,58,5,5,5,107,107,118,118,135,135,135,135,153,153,153,153,153,153,178,198,198,198],"floor_reached":50,"playtime":4516,"items_purged":[],"score":508,"play_id":"1f2b06f7-3bf6-4770-9e02-cdf21a80fcda","local_time":"20190726162724","is_ascension_mode":true,"campfire_choices":[{"data":"Endless Agony","floor":6.0,"key":"SMITH"},{"floor":8.0,"key":"REST"},{"floor":15.0,"key":"REST"},{"floor":23.0,"key":"REST"},{"floor":32.0,"key":"REST"},{"floor":40.0,"key":"REST"},{"data":"Noxious Fumes","floor":42.0,"key":"SMITH"},{"data":"Footwork","floor":44.0,"key":"SMITH"},{"floor":46.0,"key":"REST"},{"floor":49.0,"key":"REST"}],"neow_cost":"NONE","seed_source_timestamp":0,"circlet_count":0,"master_deck":["Strike_G","Strike_G","Strike_G","Strike_G","Strike_G","Defend_G","Defend_G","Defend_G","Defend_G","Defend_G","Survivor","Neutralize","Malaise","Backflip","Endless Agony+1","Caltrops","Acrobatics","Poisoned Stab","Doubt","Backflip","Endless Agony","PiercingWail","Apotheosis+1","Infinite Blades","Slice","Corpse Explosion","PiercingWail+1","Crippling Poison+1","Footwork+1","Noxious Fumes+1","Envenom","Well Laid Plans","Mind Blast","Deadly Poison+1","Parasite","Backflip","Crippling Poison+1"],"special_seed":0,"relics":["Ring of the Snake","Strawberry","Bronze Scales","Meat on the Bone","Black Star","Juzu Bracelet","Molten Egg 2","Shuriken","Anchor","Busted Crown","Ginger","Dream Catcher"],"potions_floor_usage":[50,50,50],"damage_taken":[{"damage":0.0,"enemies":"Jaw Worm","floor":1.0,"turns":4.0},{"damage":0.0,"enemies":"Cultist","floor":2.0,"turns":4.0},{"damage":6.0,"enemies":"2 Louse","floor":4.0,"turns":4.0},{"damage":18.0,"enemies":"Gremlin Gang","floor":7.0,"turns":6.0},{"damage":2.0,"enemies":"3 Louse","floor":10.0,"turns":4.0},{"damage":32.0,"enemies":"3 Sentries","floor":11.0,"turns":10.0},{"damage":61.0,"enemies":"The Guardian","floor":16.0,"turns":13.0},{"damage":21.0,"enemies":"Shell Parasite","floor":18.0,"turns":6.0},{"damage":25.0,"enemies":"Spheric Guardian","floor":19.0,"turns":7.0},{"damage":25.0,"enemies":"Cultist and Chosen","floor":20.0,"turns":5.0},{"damage":31.0,"enemies":"Sentry and Sphere","floor":24.0,"turns":7.0},{"damage":20.0,"enemies":"Centurion and Healer","floor":25.0,"turns":7.0},{"damage":24.0,"enemies":"Slavers","floor":28.0,"turns":4.0},{"damage":6.0,"enemies":"Snake Plant","floor":29.0,"turns":5.0},{"damage":51.0,"enemies":"Automaton","floor":33.0,"turns":10.0},{"damage":20.0,"enemies":"3 Darklings","floor":35.0,"turns":7.0},{"damage":9.0,"enemies":"Orb Walker","floor":37.0,"turns":4.0},{"damage":5.0,"enemies":"Writhing Mass","floor":41.0,"turns":7.0},{"damage":28.0,"enemies":"3 Darklings","floor":48.0,"turns":6.0},{"damage":83,"enemies":"Time Eater","floor":50,"turns":10}],"seed_played":"-2092766855390464307","potions_obtained":[{"floor":4.0,"key":"Swift Potion"},{"floor":7.0,"key":"Energy Potion"},{"floor":11.0,"key":"Ancient Potion"},{"floor":16.0,"key":"FearPotion"},{"floor":20.0,"key":"PowerPotion"},{"floor":33.0,"key":"PowerPotion"},{"floor":35.0,"key":"Ancient Potion"},{"floor":48.0,"key":"Regen Potion"}],"is_trial":false,"path_per_floor":["M","M","$","M","?","R","M","R","T","M","E","$","?","T","R","B",null,"M","M","M","?","$","R","M","M","T","$","E","M","?","?","R","B",null,"M","?","M","?","?","R","M","R","T","R","?","R","T","M","R","B"],"character_chosen":"THE_SILENT","items_purchased":["Caltrops","Acrobatics","Apotheosis","Infinite Blades","Slice","Footwork","Well Laid Plans","Mind Blast"],"campfire_rested":7,"item_purchase_floors":[3,3,12,12,12,22,27,27],"current_hp_per_floor":[70,70,70,64,64,64,46,67,74,72,40,40,40,40,63,14,77,56,43,30,30,30,53,34,26,26,26,14,20,20,45,68,29,77,57,57,48,48,48,69,64,64,64,64,64,73,73,45,66,0],"gold":198,"neow_bonus":"ONE_RANDOM_RARE_CARD","is_prod":false,"is_daily":false,"chose_seed":false,"campfire_upgraded":3,"win_rate":0,"timestamp":1564151244,"path_taken":["M","M","$","M","?","R","M","R","T","M","E","$","?","?","R","BOSS","M","M","M","?","$","R","M","M","T","$","E","M","?","?","R","BOSS","M","?","M","?","?","R","M","R","T","R","?","R","?","M","R","BOSS"],"build_version":"2019-07-17","purchased_purges":0,"victory":false,"max_hp_per_floor":[70,70,70,70,70,70,70,70,77,77,77,77,77,77,77,77,77,77,77,77,77,77,77,77,77,77,77,77,77,77,77,77,77,77,77,77,77,73,73,73,73,73,73,73,73,73,73,73,73,73],"card_choices":[{"not_picked":["Flying Knee","Sucker Punch"],"picked":"Backflip","floor":1.0},{"not_picked":["Choke","Deflect"],"picked":"Endless Agony","floor":2.0},{"not_picked":["Acrobatics","Concentrate"],"picked":"Poisoned Stab","floor":4.0},{"not_picked":["Dagger Throw","Expertise"],"picked":"Backflip","floor":7.0},{"not_picked":["Flechettes","Concentrate"],"picked":"Endless Agony","floor":10.0},{"not_picked":["Adrenaline","Bane"],"picked":"PiercingWail","floor":11.0},{"not_picked":["Doppelganger","Bullet Time"],"picked":"Corpse Explosion","floor":16.0},{"not_picked":["Blade Dance","Underhanded Strike"],"picked":"PiercingWail+1","floor":18.0},{"not_picked":["Outmaneuver","Sucker Punch"],"picked":"Crippling Poison+1","floor":19.0},{"not_picked":["Underhanded Strike","Dagger Spray+1","Sucker Punch"],"picked":"SKIP","floor":20.0},{"not_picked":["Choke","Heel Hook"],"picked":"Noxious Fumes","floor":24.0},{"not_picked":["Expertise","Dagger Throw"],"picked":"Envenom","floor":25.0},{"not_picked":["Blade Dance","Grand Finale"],"picked":"Acrobatics+1","floor":28.0},{"not_picked":["Acrobatics","Sucker Punch+1","Bane+1"],"picked":"SKIP","floor":29.0},{"not_picked":["Dagger Throw+1"],"picked":"SKIP","floor":35.0},{"not_picked":[],"picked":"Deadly Poison+1","floor":37.0},{"not_picked":["Riddle With Holes+1"],"picked":"SKIP","floor":41.0},{"not_picked":[],"picked":"Backflip","floor":48.0},{"not_picked":[],"picked":"Crippling Poison+1","floor":49.0}],"player_experience":230567,"relics_obtained":[{"floor":9.0,"key":"Strawberry"},{"floor":11.0,"key":"Bronze Scales"},{"floor":14.0,"key":"Meat on the Bone"},{"floor":26.0,"key":"Juzu Bracelet"},{"floor":28.0,"key":"Molten Egg 2"},{"floor":28.0,"key":"Shuriken"},{"floor":43.0,"key":"Ginger"},{"floor":47.0,"key":"Dream Catcher"}],"event_choices":[{"damage_healed":0.0,"max_hp_gain":0.0,"max_hp_loss":0.0,"gold_gain":175.0,"event_name":"Liars Game","player_choice":"AGREE","floor":5.0,"gold_loss":0.0,"damage_taken":0.0,"cards_obtained":["Doubt"]},{"damage_healed":0.0,"max_hp_gain":0.0,"max_hp_loss":0.0,"gold_gain":0.0,"event_name":"Golden Wing","player_choice":"Ignored","floor":13.0,"gold_loss":0.0,"damage_taken":0.0},{"damage_healed":0.0,"max_hp_gain":0.0,"max_hp_loss":0.0,"gold_gain":0.0,"event_name":"Beggar","player_choice":"Ignored","floor":21.0,"gold_loss":0.0,"damage_taken":0.0},{"damage_healed":0.0,"max_hp_gain":0.0,"max_hp_loss":0.0,"gold_gain":0.0,"event_name":"WeMeetAgain","player_choice":"Paid Gold","floor":30.0,"gold_loss":53.0,"damage_taken":0.0,"relics_obtained":["Anchor"]},{"damage_healed":25.0,"max_hp_gain":0.0,"max_hp_loss":0.0,"gold_gain":0.0,"event_name":"The Library","player_choice":"Heal","floor":31.0,"gold_loss":0.0,"damage_taken":0.0},{"damage_healed":0.0,"max_hp_gain":0.0,"max_hp_loss":0.0,"gold_gain":0.0,"event_name":"Upgrade Shrine","player_choice":"Upgraded","floor":36.0,"gold_loss":0.0,"damage_taken":0.0,"cards_upgraded":["Apotheosis"]},{"damage_healed":0.0,"max_hp_gain":0.0,"max_hp_loss":4.0,"gold_gain":0.0,"event_name":"Winding Halls","player_choice":"Max HP","floor":38.0,"gold_loss":0.0,"damage_taken":0.0},{"cards_removed":["Acrobatics"],"damage_healed":0.0,"max_hp_gain":0.0,"max_hp_loss":0.0,"gold_gain":0.0,"event_name":"Falling","player_choice":"Removed Skill","floor":39.0,"gold_loss":0.0,"damage_taken":0.0},{"damage_healed":0.0,"max_hp_gain":0.0,"max_hp_loss":0.0,"gold_gain":0.0,"event_name":"Mysterious Sphere","player_choice":"Ignored","floor":45.0,"gold_loss":0.0,"damage_taken":0.0}],"is_beta":false,"boss_relics":[{"not_picked":["White Beast Statue","Eternal Feather"],"picked":"Black Star"},{"not_picked":["Runic Pyramid","Ring of the Serpent"],"picked":"Busted Crown"}],"items_purged_floors":[],"is_endless":false,"potions_floor_spawned":[4,7,11,16,19,20,24,33,35,48],"killed_by":"Time Eater","ascension_level":1}