{"gold_per_floor":[110,121,8,22,37,37,53,53,76,76,109,141,153,228,240,349,361,388,400,184,196,207,234,26,26,26,40,40,40,40,52,52,156,156,175,186,286,3,14,14,28,28,53,66,66,79,42,42,42,42],"floor_reached":50,"playtime":5119,"items_purged":["Regret"],"score":489,"play_id":"4ee2af06-eb97-4986-96f3-6d167ffe4a6a","local_time":"20190804113347","is_ascension_mode":false,"campfire_choices":[{"data":"White Noise","floor":6.0,"key":"SMITH"},{"data":"Hello World","floor":10.0,"key":"SMITH"},{"data":"Hello World","floor":13.0,"key":"SMITH"},{"data":"Zap","floor":15.0,"key":"SMITH"},{"floor":28,"key":"REST"},{"floor":30,"key":"REST"},{"floor":32,"key":"REST"},{"floor":40,"key":"REST"},{"data":"Metamorphosis","floor":42,"key":"SMITH"},{"data":"Echo Form","floor":49,"key":"SMITH"}],"neow_cost":"NONE","seed_source_timestamp":527443070403456,"circlet_count":0,"master_deck":["Strike_B","Strike_B","Strike_B","Strike_B","Defend_B","Defend_B+1","Defend_B","Defend_B","Zap+1","Dualcast","Multi-Cast+1","Chill","Hello World+1","Self Repair","Reinforced Body","White Noise+1","Gash","Skim","Hello World+1","Streamline","Machine Learning","Ball Lightning","FTL","Heatsinks","Mind Blast","Rebound+1","Stack","Sunder","Static Discharge","FTL","Streamline","Rebound+1","BootSequence+1","Echo Form+1","Stack+1","Redo+1","Loop","Metamorphosis+1","Conserve Battery+1","Go for the Eyes","Clumsy","Steam","Tempest+1","Storm"],"special_seed":0,"relics":["Cracked Core","War Paint","MawBank","Cursed Key","MutagenicStrength","Vajra","Kunai","Inserter","Potion Belt"],"potions_floor_usage":[27,33,44,50,50,50,50,50],"damage_taken":[{"damage":1.0,"enemies":"Cultist","floor":1.0,"turns":3.0},{"damage":9.0,"enemies":"2 Louse","floor":2.0,"turns":3.0},{"damage":4.0,"enemies":"Jaw Worm","floor":4.0,"turns":4.0},{"damage":6.0,"enemies":"Large Slime","floor":5.0,"turns":7.0},{"damage":3.0,"enemies":"Exordium Wildlife","floor":7.0,"turns":4.0},{"damage":4.0,"enemies":"Lagavulin","floor":11.0,"turns":6.0},{"damage":12.0,"enemies":"Lots of Slimes","floor":12.0,"turns":6.0},{"damage":45.0,"enemies":"Slime Boss","floor":16.0,"turns":9.0},{"damage":24.0,"enemies":"Chosen","floor":18.0,"turns":5.0},{"damage":26.0,"enemies":"2 Thieves","floor":21.0,"turns":4.0},{"damage":0.0,"enemies":"3 Cultists","floor":22.0,"turns":4.0},{"damage":31.0,"enemies":"Slavers","floor":23.0,"turns":8.0},{"damage":3,"enemies":"Cultist and Chosen","floor":27,"turns":6},{"damage":5,"enemies":"Snecko","floor":31,"turns":4},{"damage":55,"enemies":"Automaton","floor":33,"turns":11},{"damage":4,"enemies":"Orb Walker","floor":35,"turns":3},{"damage":4,"enemies":"3 Shapes","floor":36,"turns":7},{"damage":18,"enemies":"Jaw Worm Horde","floor":39,"turns":4},{"damage":10,"enemies":"Sphere and 2 Shapes","floor":41,"turns":7},{"damage":2,"enemies":"Transient","floor":44,"turns":5},{"damage":4,"enemies":"Spire Growth","floor":46,"turns":4},{"damage":128,"enemies":"Time Eater","floor":50,"turns":11}],"seed_played":"4436792977174256453","potions_obtained":[{"floor":2.0,"key":"SpeedPotion"},{"floor":4.0,"key":"FearPotion"},{"floor":11.0,"key":"Poison Potion"},{"floor":16.0,"key":"Weak Potion"},{"floor":31,"key":"Regen Potion"},{"floor":33,"key":"Block Potion"},{"floor":36,"key":"AttackPotion"},{"floor":44,"key":"EntropicBrew"}],"is_trial":false,"path_per_floor":["M","M","$","M","M","R","M","$","T","R","E","M","R","?","R","B",null,"M","?","$","M","M","E","$","?","T","M","R","?","R","M","R","B",null,"M","M","?","$","M","R","M","R","T","M","$","M","$","$","R","B"],"character_chosen":"DEFECT","items_purchased":["Self Repair","Reinforced Body","FTL","Heatsinks","Mind Blast","Static Discharge","FTL","Streamline","Loop","Metamorphosis","Storm"],"campfire_rested":4,"item_purchase_floors":[3,3,20,20,20,24,24,24,38,38,47],"current_hp_per_floor":[74,65,65,68,69,69,73,73,73,73,75,70,70,70,70,32,75,58,58,58,39,46,22,22,8,8,5,29,29,53,55,79,24,80,76,79,79,79,61,80,77,77,77,75,75,71,71,71,71,0],"gold":42,"neow_bonus":"ONE_RANDOM_RARE_CARD","is_prod":false,"is_daily":false,"chose_seed":false,"campfire_upgraded":6,"win_rate":0.0,"timestamp":1564911227,"path_taken":["M","M","$","M","M","R","M","$","T","R","E","M","R","?","R","BOSS","M","?","$","M","M","E","$","?","T","M","R","?","R","?","R","BOSS","M","?","?","$","?","R","M","R","T","M","$","M","?","$","R","BOSS"],"build_version":"2019-07-17","purchased_purges":1,"victory":false,"max_hp_per_floor":[75,75,75,75,75,75,75,75,75,75,75,75,75,75,75,75,75,75,75,75,75,75,75,75,80,80,80,80,80,80,80,80,80,80,80,80,80,80,80,80,80,80,80,80,80,80,80,80,80,80],"card_choices":[{"not_picked":["Barrage","Turbo"],"picked":"Chill","floor":1.0},{"not_picked":["Consume","Scrape"],"picked":"Hello World","floor":2.0},{"not_picked":["Auto Shields","Conserve Battery"],"picked":"White Noise","floor":4.0},{"not_picked":["Cold Snap","Steam"],"picked":"Gash","floor":5.0},{"not_picked":["Chaos","Reprogram"],"picked":"Skim","floor":7.0},{"not_picked":["Blizzard","Biased Cognition"],"picked":"Hello World","floor":11.0},{"not_picked":["Redo","Steam"],"picked":"Streamline","floor":12.0},{"not_picked":["Amplify","Buffer"],"picked":"Machine Learning","floor":16.0},{"not_picked":["Steam","Compile Driver"],"picked":"Ball Lightning","floor":18.0},{"not_picked":["Barrage+1","Conserve Battery"],"picked":"Rebound+1","floor":21.0},{"not_picked":["Multi-Cast","Conserve Battery"],"picked":"Stack","floor":22.0},{"not_picked":["Rebound+1","Fission"],"picked":"Sunder","floor":23.0},{"not_picked":["Ball Lightning","Compile Driver"],"picked":"Rebound+1","floor":27},{"not_picked":["Coolheaded","Chaos"],"picked":"BootSequence+1","floor":31},{"not_picked":["Buffer","Creative AI"],"picked":"Echo Form","floor":33},{"not_picked":["Compile Driver","Gash+1"],"picked":"Stack+1","floor":35},{"not_picked":["Ball Lightning+1","Coolheaded"],"picked":"Redo+1","floor":36},{"not_picked":["Coolheaded+1","Cold Snap"],"picked":"Conserve Battery+1","floor":39},{"not_picked":["Reboot","Doom and Gloom+1"],"picked":"Go for the Eyes","floor":41},{"not_picked":["Barrage+1","Cold Snap+1"],"picked":"Steam","floor":44},{"not_picked":["Go for the Eyes+1","Scrape+1"],"picked":"Tempest+1","floor":46}],"player_experience":293125,"relics_obtained":[{"floor":9.0,"key":"War Paint"},{"floor":11.0,"key":"MawBank"},{"floor":23.0,"key":"Vajra"},{"floor":26.0,"key":"Kunai"},{"floor":43,"key":"Potion Belt"}],"event_choices":[{"damage_healed":0.0,"max_hp_gain":0.0,"max_hp_loss":0.0,"gold_gain":63.0,"event_name":"Golden Wing","player_choice":"Gained Gold","floor":14.0,"gold_loss":0.0,"damage_taken":0.0},{"damage_healed":0.0,"max_hp_gain":0.0,"max_hp_loss":0.0,"gold_gain":0.0,"event_name":"Drug Dealer","player_choice":"Inject Mutagens","floor":19.0,"gold_loss":0.0,"damage_taken":0.0,"relics_obtained":["MutagenicStrength"]},{"damage_healed":0.0,"max_hp_gain":5.0,"max_hp_loss":0.0,"gold_gain":0.0,"event_name":"Forgotten Altar","player_choice":"Shed Blood","floor":25.0,"gold_loss":0.0,"damage_taken":19.0},{"damage_healed":0,"gold_gain":0,"player_choice":"Ignored","damage_taken":0,"max_hp_gain":0,"max_hp_loss":0,"event_name":"Ghosts","floor":29,"gold_loss":0},{"damage_healed":0,"gold_gain":100,"player_choice":"Pray","damage_taken":0,"max_hp_gain":0,"max_hp_loss":0,"event_name":"Golden Shrine","floor":37,"gold_loss":0}],"is_beta":false,"boss_relics":[{"not_picked":["Astrolabe","Busted Crown"],"picked":"Cursed Key"},{"not_picked":["Empty Cage","Black Star"],"picked":"Inserter"}],"items_purged_floors":[38],"is_endless":false,"potions_floor_spawned":[2,4,11,16,22,31,33,36,39,41,44],"killed_by":"Time Eater","ascension_level":0}