{"gold_per_floor":[112,26,101,114,114,114,149,167,167,183,183,183,195,195,195,266,266,277,29,29,41,41],"floor_reached":22,"playtime":1341,"items_purged":["Strike_B"],"score":359,"play_id":"213b8149-f0dd-4f5d-a2aa-96312ef39c90","local_time":"20190818163849","is_ascension_mode":true,"campfire_choices":[{"floor":6,"key":"REST"},{"data":"Conserve Battery","floor":15,"key":"SMITH"}],"neow_cost":"PERCENT_DAMAGE","seed_source_timestamp":766292930093912,"circlet_count":0,"master_deck":["AscendersBane","Strike_B","Defend_B","Defend_B","Defend_B","Defend_B","Zap","Dualcast","Hello World","Cold Snap","Melter","Conserve Battery+1","Creative AI+1","Streamline","Ball Lightning","Electrodynamics","Force Field"],"relics":["Pantograph","Lantern","Regal Pillow","Blue Candle","Snecko Eye","DataDisk","Nloth\u0027s Gift"],"potions_floor_usage":[7,7],"damage_taken":[{"damage":12,"enemies":"Small Slimes","floor":1,"turns":4},{"damage":1,"enemies":"Cultist","floor":4,"turns":3},{"damage":14,"enemies":"3 Sentries","floor":7,"turns":7},{"damage":3,"enemies":"Jaw Worm","floor":8,"turns":4},{"damage":8,"enemies":"3 Louse","floor":10,"turns":25},{"damage":12,"enemies":"Looter","floor":13,"turns":3},{"damage":46,"enemies":"Hexaghost","floor":16,"turns":9},{"damage":25,"enemies":"Shell Parasite","floor":18,"turns":3},{"damage":16,"enemies":"2 Thieves","floor":21,"turns":4},{"damage":17,"enemies":"3 Cultists","floor":22,"turns":3}],"seed_played":"-3110048297785239485","potions_obtained":[{"floor":1,"key":"Block Potion"},{"floor":4,"key":"Strength Potion"},{"floor":16,"key":"LiquidBronze"},{"floor":21,"key":"FocusPotion"}],"is_trial":false,"path_per_floor":["M","$","?","M","?","R","E","M","T","M","T","?","M","?","R","B",null,"M","$","?","M","M"],"character_chosen":"DEFECT","items_purchased":["Melter","DataDisk"],"campfire_rested":1,"item_purchase_floors":[2,19],"current_hp_per_floor":[34,34,23,22,22,43,29,26,26,18,18,18,6,29,29,8,55,30,30,30,14,0],"gold":41,"neow_bonus":"TRANSFORM_TWO_CARDS","is_prod":false,"is_daily":false,"chose_seed":false,"campfire_upgraded":1,"win_rate":0,"timestamp":1566160729,"path_taken":["M","$","?","M","?","R","E","?","T","M","?","?","M","?","R","BOSS","M","$","?","M","M"],"build_version":"2019-07-17","purchased_purges":1,"victory":false,"max_hp_per_floor":[71,71,71,71,71,71,71,71,71,71,71,71,71,71,71,71,71,71,71,71,71,71],"card_choices":[{"not_picked":["Defragment","FTL"],"picked":"Cold Snap","floor":1},{"not_picked":["Turbo","Fusion"],"picked":"Conserve Battery","floor":4},{"not_picked":["Rebound","Chill"],"picked":"Creative AI","floor":7},{"not_picked":["Gash","Steam"],"picked":"Streamline","floor":8},{"not_picked":["Leap","Scrape","Stack"],"picked":"SKIP","floor":10},{"not_picked":["Hologram","Go for the Eyes"],"picked":"Ball Lightning","floor":13},{"not_picked":["All For One","Thunder Strike"],"picked":"Electrodynamics","floor":16},{"not_picked":["Turbo","Beam Cell"],"picked":"Force Field","floor":18},{"not_picked":["Cold Snap","Heatsinks","Melter+1"],"picked":"SKIP","floor":21}],"player_experience":1070755,"relics_obtained":[{"floor":7,"key":"Lantern"},{"floor":9,"key":"Regal Pillow"},{"floor":11,"key":"Blue Candle"}],"event_choices":[{"damage_healed":0,"gold_gain":75,"player_choice":"Gather Gold","damage_taken":11,"max_hp_gain":0,"max_hp_loss":0,"event_name":"World of Goop","floor":3,"gold_loss":0},{"cards_removed":["Skim"],"damage_healed":0,"gold_gain":0,"player_choice":"Gave Card","damage_taken":0,"relics_obtained":["Pantograph"],"max_hp_gain":0,"max_hp_loss":0,"event_name":"WeMeetAgain","floor":5,"gold_loss":0},{"damage_healed":0,"gold_gain":0,"player_choice":"Grow","damage_taken":0,"max_hp_gain":0,"max_hp_loss":0,"event_name":"Living Wall","floor":12,"gold_loss":0,"cards_upgraded":["Creative AI"]},{"damage_healed":23,"gold_gain":0,"player_choice":"Banana","damage_taken":0,"max_hp_gain":0,"max_hp_loss":0,"event_name":"Big Fish","floor":14,"gold_loss":0},{"damage_healed":0,"gold_gain":0,"player_choice":"Traded Relic","damage_taken":0,"relics_obtained":["Nloth\u0027s Gift"],"max_hp_gain":0,"max_hp_loss":0,"event_name":"N\u0027loth","floor":20,"relics_lost":["Cracked Core"],"gold_loss":0}],"is_beta":false,"boss_relics":[{"not_picked":["Orrery","Calling Bell"],"picked":"Snecko Eye"}],"items_purged_floors":[19],"is_endless":false,"potions_floor_spawned":[1,4,16,21],"killed_by":"3 Cultists","ascension_level":19}