{"gold_per_floor":[118,118,68,87,105,140,315,315,315,315],"floor_reached":10,"playtime":381,"items_purged":[],"score":89,"play_id":"e206ea7a-7724-4a6c-802b-1a42dba06035","local_time":"20190125112619","is_ascension_mode":true,"campfire_choices":[{"data":"Rage","floor":8,"key":"SMITH"}],"neow_cost":"NONE","seed_source_timestamp":4376382961302506,"circlet_count":0,"master_deck":["Strike_R","Strike_R","Strike_R","Strike_R","Strike_R","Defend_R","Defend_R","Defend_R","Bash","Rage+1","Pommel Strike","Inflame","Doubt","Clumsy"],"relics":["Cursed Key","Frozen Egg 2","Meat on the Bone"],"potions_floor_usage":[6],"damage_taken":[{"damage":2,"enemies":"2 Louse","floor":1,"turns":3},{"damage":2,"enemies":"Jaw Worm","floor":4,"turns":3},{"damage":0,"enemies":"Small Slimes","floor":5,"turns":3},{"damage":19,"enemies":"Lagavulin","floor":6,"turns":5},{"damage":45,"enemies":"3 Sentries","floor":10,"turns":8}],"seed_played":"5362925752306248541","potions_obtained":[{"floor":1,"key":"Poison Potion"},{"floor":5,"key":"Energy Potion"},{"floor":6,"key":"Dexterity Potion"}],"is_trial":false,"path_per_floor":["M","?","$","M","M","E","?","R","T","E"],"character_chosen":"IRONCLAD","items_purchased":["Pommel Strike"],"campfire_rested":0,"item_purchase_floors":[3],"current_hp_per_floor":[70,63,63,61,61,42,42,42,42,0],"gold":315,"neow_bonus":"BOSS_RELIC","is_prod":false,"is_daily":false,"chose_seed":false,"campfire_upgraded":1,"win_rate":0,"timestamp":1548433579,"path_taken":["M","?","$","M","M","E","?","R","T","E"],"build_version":"2019-01-23","purchased_purges":0,"victory":false,"max_hp_per_floor":[80,80,80,80,80,80,80,80,80,80],"card_choices":[{"not_picked":["Headbutt","Armaments"],"picked":"Rage","floor":1},{"not_picked":["Sever Soul","Anger"],"picked":"Inflame","floor":4},{"not_picked":["Corruption","Warcry","Sentinel"],"picked":"SKIP","floor":5},{"not_picked":["Shockwave","Perfected Strike","Searing Blow"],"picked":"SKIP","floor":6}],"player_experience":319206,"relics_obtained":[{"floor":6,"key":"Frozen Egg 2"},{"floor":9,"key":"Meat on the Bone"}],"event_choices":[{"cards_removed":["Defend_R"],"damage_healed":0,"gold_gain":0,"player_choice":"Card Removal","damage_taken":7,"max_hp_gain":0,"max_hp_loss":0,"event_name":"Golden Wing","floor":2,"gold_loss":0},{"damage_healed":0,"gold_gain":175,"player_choice":"AGREE","damage_taken":0,"max_hp_gain":0,"max_hp_loss":0,"event_name":"Liars Game","floor":7,"gold_loss":0,"cards_obtained":["Doubt"]}],"is_beta":false,"boss_relics":[],"items_purged_floors":[],"is_endless":false,"potions_floor_spawned":[1,5,6],"killed_by":"3 Sentries","ascension_level":7}