{"gold_per_floor":[365,233,247,262,262,288,288,132,132,132,146,164,13,26,26,122,122,136,11,23,43,56,81,81,281,281,297,307,80,97,114,114,215,215,231,56,56,73,93,93,104,104,183,183,195,211,231,231,231,231],"floor_reached":50,"playtime":4592,"items_purged":["Bash","Strike_R","Strike_R","Defend_R","Defend_R"],"score":546,"play_id":"9b81008d-73e8-4dd4-a0dd-227650726fb7","local_time":"20190809215534","is_ascension_mode":true,"campfire_choices":[{"floor":7.0,"key":"RECALL"},{"floor":10.0,"key":"REST"},{"floor":15,"key":"REST"},{"floor":24,"key":"REST"},{"floor":32,"key":"REST"},{"floor":40,"key":"REST"},{"floor":42,"key":"REST"},{"floor":49,"key":"REST"}],"neow_cost":"PERCENT_DAMAGE","seed_source_timestamp":45004250693384,"circlet_count":0,"master_deck":["Strike_R","Strike_R","Strike_R","Defend_R","Defend_R","Anger","Metallicize","Flex","Shrug It Off","Armaments","Armaments","Body Slam","Fiend Fire","Inflame","Anger","Inflame","Clash","Fire Breathing+1","Seeing Red","Anger+1","Flex+1","Fire Breathing+1","Flex","Flex"],"special_seed":0,"relics":["Black Blood","Unceasing Top","Ice Cream","Sozu","Mummified Hand","Blue Candle","NlothsMask"],"potions_floor_usage":[33,46],"damage_taken":[{"damage":5.0,"enemies":"Jaw Worm","floor":1.0,"turns":4.0},{"damage":0.0,"enemies":"Cultist","floor":3.0,"turns":3.0},{"damage":0.0,"enemies":"2 Louse","floor":4.0,"turns":5.0},{"damage":26.0,"enemies":"3 Sentries","floor":6.0,"turns":15.0},{"damage":11.0,"enemies":"Lots of Slimes","floor":11.0,"turns":6.0},{"damage":29.0,"enemies":"Gremlin Gang","floor":12.0,"turns":6.0},{"damage":20,"enemies":"Exordium Thugs","floor":14,"turns":4},{"damage":53,"enemies":"Hexaghost","floor":16,"turns":10},{"damage":10,"enemies":"Spheric Guardian","floor":18,"turns":4},{"damage":2,"enemies":"Shell Parasite","floor":20,"turns":4},{"damage":8,"enemies":"Shelled Parasite and Fungi","floor":21,"turns":6},{"damage":24,"enemies":"Sentry and Sphere","floor":22,"turns":4},{"damage":40,"enemies":"Book of Stabbing","floor":23,"turns":7},{"damage":3,"enemies":"Snake Plant","floor":27,"turns":3},{"damage":1,"enemies":"Centurion and Healer","floor":28,"turns":4},{"damage":13,"enemies":"Cultist and Chosen","floor":30,"turns":6},{"damage":11,"enemies":"Snake Plant","floor":31,"turns":4},{"damage":29,"enemies":"Collector","floor":33,"turns":7},{"damage":20,"enemies":"3 Darklings","floor":35,"turns":4},{"damage":44,"enemies":"3 Shapes","floor":38,"turns":3},{"damage":22,"enemies":"Jaw Worm Horde","floor":39,"turns":4},{"damage":13,"enemies":"Maw","floor":41,"turns":5},{"damage":0,"enemies":"Transient","floor":45,"turns":5},{"damage":36,"enemies":"4 Shapes","floor":46,"turns":3},{"damage":22,"enemies":"Maw","floor":47,"turns":4},{"damage":83,"enemies":"Time Eater","floor":50,"turns":5}],"seed_played":"7694411393946671324","potions_obtained":[{"floor":6.0,"key":"Energy Potion"},{"floor":11.0,"key":"GamblersBrew"},{"floor":12.0,"key":"AttackPotion"},{"floor":14,"key":"SkillPotion"}],"is_trial":false,"path_per_floor":["M","$","M","M","?","E","R","$","T","R","M","M","$","M","R","B",null,"M","$","M","M","M","E","R","?","T","M","M","$","M","M","R","B",null,"M","$","?","M","M","R","M","R","T","$","M","M","M","?","R","B"],"character_chosen":"IRONCLAD","items_purchased":["Metallicize","Flex","Shrug It Off","Inflame","Anger","Seeing Red"],"campfire_rested":7,"item_purchase_floors":[2,2,2,8,13,29],"current_hp_per_floor":[57,57,63,69,69,49,49,49,49,73,68,45,45,31,55,8,80,76,76,80,78,60,26,50,50,50,53,58,58,51,46,70,47,80,70,70,70,36,24,48,45,69,69,69,79,53,41,41,65,0],"gold":231,"neow_bonus":"TWO_FIFTY_GOLD","is_prod":false,"is_daily":false,"chose_seed":false,"campfire_upgraded":0,"win_rate":0,"timestamp":1565380534,"path_taken":["M","$","M","M","?","E","R","?","T","R","M","M","$","M","R","BOSS","M","$","M","M","M","E","R","?","T","M","?","$","M","M","R","BOSS","M","$","?","M","?","R","?","R","T","?","M","?","M","?","R","BOSS"],"build_version":"2019-07-17","purchased_purges":5,"victory":false,"max_hp_per_floor":[80,80,80,80,80,80,80,80,80,80,80,80,80,80,80,80,80,80,80,80,80,80,80,80,80,80,80,80,80,80,80,80,80,80,80,80,80,80,80,80,80,80,80,80,80,80,80,80,80,80],"card_choices":[{"not_picked":["Perfected Strike","Havoc"],"picked":"Anger","floor":1.0},{"not_picked":["Reckless Charge","Dual Wield"],"picked":"Armaments","floor":3.0},{"not_picked":["Sentinel","Pommel Strike"],"picked":"Armaments","floor":4.0},{"not_picked":["Combust","Body Slam","Demon Form"],"picked":"SKIP","floor":6.0},{"not_picked":["Havoc","Armaments","Feel No Pain"],"picked":"SKIP","floor":11.0},{"not_picked":["Power Through","Rage","Twin Strike"],"picked":"SKIP","floor":12.0},{"not_picked":["Armaments","Twin Strike","Combust"],"picked":"SKIP","floor":14},{"not_picked":["Rupture","Rage"],"picked":"Inflame","floor":18},{"not_picked":["Twin Strike","True Grit","Shrug It Off+1"],"picked":"SKIP","floor":20},{"not_picked":["Sword Boomerang","Cleave"],"picked":"Clash","floor":21},{"not_picked":["Body Slam","Headbutt","Uppercut"],"picked":"SKIP","floor":22},{"not_picked":["Evolve","Sever Soul","Sword Boomerang"],"picked":"SKIP","floor":23},{"not_picked":["Heavy Blade","Body Slam"],"picked":"Fire Breathing+1","floor":27},{"not_picked":["Blood for Blood+1","Wild Strike","Reckless Charge"],"picked":"SKIP","floor":28},{"not_picked":["Cleave","Infernal Blade","Body Slam"],"picked":"SKIP","floor":30},{"not_picked":["Headbutt","Havoc","Sentinel"],"picked":"SKIP","floor":31},{"not_picked":["Cleave+1","Sword Boomerang"],"picked":"Anger+1","floor":35},{"not_picked":["True Grit+1","Rupture"],"picked":"Flex+1","floor":38},{"not_picked":["Shrug It Off+1","Limit Break"],"picked":"Fire Breathing+1","floor":39},{"not_picked":["Iron Wave","Armaments","Body Slam"],"picked":"SKIP","floor":41},{"not_picked":["Sentinel","Perfected Strike+1"],"picked":"Flex","floor":45},{"not_picked":["Armaments","Warcry+1"],"picked":"Flex","floor":46},{"not_picked":["Wild Strike","Heavy Blade+1","Havoc"],"picked":"SKIP","floor":47}],"player_experience":336897,"relics_obtained":[{"floor":6.0,"key":"Unceasing Top"},{"floor":9.0,"key":"Ice Cream"},{"floor":23,"key":"Mummified Hand"},{"floor":43,"key":"Blue Candle"}],"event_choices":[{"damage_healed":0.0,"max_hp_gain":0.0,"max_hp_loss":0.0,"gold_gain":0.0,"event_name":"Match and Keep!","player_choice":"2 cards matched","floor":5.0,"gold_loss":0.0,"damage_taken":0.0,"cards_obtained":["Body Slam","Fiend Fire"]},{"damage_healed":0,"gold_gain":250,"player_choice":"Bet on Owner","damage_taken":0,"max_hp_gain":0,"max_hp_loss":0,"event_name":"The Joust","floor":25,"gold_loss":50},{"damage_healed":0,"gold_gain":0,"player_choice":"Got Potions","damage_taken":0,"max_hp_gain":0,"max_hp_loss":0,"event_name":"Lab","floor":37,"gold_loss":0},{"damage_healed":0,"gold_gain":0,"player_choice":"Trade","damage_taken":0,"relics_obtained":["NlothsMask"],"max_hp_gain":0,"max_hp_loss":0,"event_name":"FaceTrader","floor":48,"gold_loss":0}],"is_beta":false,"boss_relics":[{"not_picked":["White Beast Statue","Orrery"],"picked":"Sozu"},{"not_picked":["Velvet Choker","Lizard Tail"],"picked":"Black Blood"}],"items_purged_floors":[8,13,19,29,36],"is_endless":false,"potions_floor_spawned":[6,11,12,14,18,20,21,23,30,35,41,45,47],"killed_by":"Time Eater","ascension_level":1}