{"gold_per_floor":[114,125,125,50,50,67,67,95,119,19,38,38,51,69,69,165,165,90,90,90,90],"floor_reached":21,"playtime":1191,"items_purged":["Defend_R","Defend_R"],"score":192,"play_id":"5eff7554-d984-47f6-92c4-cdd8b61df2e1","local_time":"20190106223815","is_ascension_mode":true,"campfire_choices":[{"data":"Armaments","floor":7,"key":"SMITH"},{"data":"Fire Breathing","floor":12,"key":"SMITH"},{"floor":15,"key":"REST"}],"neow_cost":"NONE","seed_source_timestamp":2774210428039631,"circlet_count":0,"master_deck":["Strike_R","Strike_R","Strike_R","Strike_R+1","Defend_R+1","Defend_R","Bash+1","Armaments+1","Rampage+1","Fire Breathing+1","Pommel Strike","Warcry","Perfected Strike+1","Iron Wave","Iron Wave"],"relics":["Eternal Feather","Whetstone","Juzu Bracelet","Ectoplasm"],"potions_floor_usage":[13,13,21],"damage_taken":[{"damage":1,"enemies":"Jaw Worm","floor":1,"turns":3},{"damage":4,"enemies":"2 Louse","floor":2,"turns":4},{"damage":0,"enemies":"Small Slimes","floor":6,"turns":3},{"damage":34,"enemies":"Gremlin Nob","floor":8,"turns":5},{"damage":8,"enemies":"Gremlin Gang","floor":11,"turns":3},{"damage":2,"enemies":"Exordium Thugs","floor":13,"turns":3},{"damage":0,"enemies":"Red Slaver","floor":14,"turns":3},{"damage":31,"enemies":"The Guardian","floor":16,"turns":13},{"damage":25,"enemies":"2 Thieves","floor":18,"turns":4},{"damage":9,"enemies":"Shell Parasite","floor":19,"turns":5},{"damage":24,"enemies":"Snake Plant","floor":20,"turns":4},{"damage":30,"enemies":"Masked Bandits","floor":21,"turns":4}],"seed_played":"5119539052178181799","potions_obtained":[{"floor":1,"key":"FearPotion"},{"floor":2,"key":"Strength Potion"},{"floor":8,"key":"SpeedPotion"},{"floor":18,"key":"Strength Potion"}],"is_trial":false,"path_per_floor":["M","M","?","$","?","M","R","E","T","$","M","R","M","M","R","B",null,"M","M","M","?"],"character_chosen":"IRONCLAD","items_purchased":[],"campfire_rested":1,"item_purchase_floors":[],"current_hp_per_floor":[79,75,68,68,52,52,58,24,24,24,16,22,20,20,50,19,80,55,46,22,0],"gold":90,"neow_bonus":"BOSS_RELIC","is_prod":false,"is_daily":false,"chose_seed":false,"campfire_upgraded":2,"win_rate":0,"timestamp":1546832295,"path_taken":["M","M","?","$","?","M","R","E","T","?","M","R","M","M","R","BOSS","M","M","M","?"],"build_version":"2019-01-03v4","purchased_purges":2,"victory":false,"max_hp_per_floor":[80,80,80,80,80,80,80,80,80,80,80,80,80,80,80,80,80,80,80,80,80],"card_choices":[{"not_picked":["Power Through","Burning Pact"],"picked":"Armaments","floor":1},{"not_picked":["Rupture","Body Slam"],"picked":"Rampage","floor":2},{"not_picked":["Warcry","Headbutt"],"picked":"Fire Breathing","floor":6},{"not_picked":["Cleave","Heavy Blade","Feel No Pain"],"picked":"SKIP","floor":8},{"not_picked":["Armaments","Anger"],"picked":"Pommel Strike","floor":11},{"not_picked":["Headbutt","Entrench","Clash"],"picked":"SKIP","floor":13},{"not_picked":["Bludgeon","Pommel Strike"],"picked":"Warcry","floor":14},{"not_picked":["Clash","Whirlwind"],"picked":"Perfected Strike+1","floor":18},{"not_picked":["Ghostly Armor","Clothesline"],"picked":"Iron Wave","floor":19},{"not_picked":["Rage","Sword Boomerang"],"picked":"Iron Wave","floor":20}],"player_experience":68803,"relics_obtained":[{"floor":8,"key":"Whetstone"},{"floor":9,"key":"Juzu Bracelet"}],"event_choices":[{"cards_removed":["Strike_R"],"damage_healed":0,"gold_gain":0,"player_choice":"Card Removal","damage_taken":7,"max_hp_gain":0,"max_hp_loss":0,"event_name":"Golden Wing","floor":3,"gold_loss":0},{"damage_healed":0,"gold_gain":0,"player_choice":"Entered Light","damage_taken":16,"max_hp_gain":0,"max_hp_loss":0,"event_name":"Shining Light","floor":5,"gold_loss":0,"cards_upgraded":["Strike_R","Defend_R"]},{"damage_healed":0,"gold_gain":0,"player_choice":"Fought Bandits","damage_taken":0,"max_hp_gain":0,"max_hp_loss":0,"event_name":"Masked Bandits","floor":21,"gold_loss":0}],"is_beta":false,"boss_relics":[{"not_picked":["Snecko Eye","Astrolabe"],"picked":"Ectoplasm"}],"items_purged_floors":[4,10],"is_endless":false,"potions_floor_spawned":[1,2,8,18],"killed_by":"Masked Bandits","ascension_level":1}