{"gold_per_floor":[211,211,6,19,19,19,33,33,33,77,77,96,96,22,22,145,145,166,10,31,51,70,70,34,53,80,80,94,118,118,118,118,246,246,261,48,73,73,96,96,119,139,139,157,157,180,180],"floor_reached":47,"playtime":4793,"items_purged":[],"score":456,"play_id":"0c7f30b4-2d05-4504-8a62-16578e2f86f2","local_time":"20190808204806","is_ascension_mode":false,"campfire_choices":[{"data":"Hello World","floor":6.0,"key":"SMITH"},{"data":"Genetic Algorithm","floor":13.0,"key":"SMITH"},{"data":"Zap","floor":15.0,"key":"SMITH"},{"floor":23.0,"key":"REST"},{"floor":30.0,"key":"REST"},{"floor":32.0,"key":"REST"},{"floor":40,"key":"REST"}],"neow_cost":"NONE","seed_source_timestamp":42379499043844,"circlet_count":0,"master_deck":["Strike_B","Strike_B","Strike_B","Strike_B","Defend_B","Defend_B","Defend_B","Defend_B","Zap","Hello World+1","Defragment","Good Instincts","Hologram","Ball Lightning","Injury","Genetic Algorithm+1","Turbo","Zap+1","Dark Shackles","Gash","Self Repair","Echo Form","Sunder+1","Thunder Strike","Leap+1","Leap+1","Conserve Battery","Self Repair","Genetic Algorithm","Echo Form","White Noise","Genetic Algorithm","Amplify","Defragment","Apotheosis","Self Repair","Turbo","Leap+1","Storm","Hologram+1","Parasite","Conserve Battery","Dualcast+1","Amplify"],"special_seed":0,"relics":["Cracked Core","Golden Idol","Dodecahedron","Strawberry","Fusion Hammer","Pen Nib","GremlinMask","Cursed Key","Blue Candle"],"potions_floor_usage":[41,47],"damage_taken":[{"damage":0.0,"enemies":"Small Slimes","floor":1.0,"turns":3.0},{"damage":0.0,"enemies":"Cultist","floor":4.0,"turns":5.0},{"damage":1.0,"enemies":"Jaw Worm","floor":7.0,"turns":3.0},{"damage":14.0,"enemies":"Lagavulin","floor":10.0,"turns":5.0},{"damage":7.0,"enemies":"Looter","floor":12.0,"turns":3.0},{"damage":20.0,"enemies":"Slime Boss","floor":16.0,"turns":9.0},{"damage":18.0,"enemies":"2 Thieves","floor":18.0,"turns":5.0},{"damage":1.0,"enemies":"Spheric Guardian","floor":20.0,"turns":5.0},{"damage":18.0,"enemies":"Shelled Parasite and Fungi","floor":21.0,"turns":5.0},{"damage":9.0,"enemies":"Centurion and Healer","floor":22.0,"turns":6.0},{"damage":12.0,"enemies":"Snake Plant","floor":25.0,"turns":5.0},{"damage":43.0,"enemies":"3 Cultists","floor":28.0,"turns":7.0},{"damage":1.0,"enemies":"Centurion and Healer","floor":29.0,"turns":5.0},{"damage":56.0,"enemies":"Automaton","floor":33.0,"turns":11.0},{"damage":49.0,"enemies":"3 Darklings","floor":35.0,"turns":7.0},{"damage":16,"enemies":"Orb Walker","floor":37,"turns":3},{"damage":6,"enemies":"4 Shapes","floor":39,"turns":4},{"damage":31,"enemies":"Spire Growth","floor":41,"turns":5},{"damage":6,"enemies":"Jaw Worm Horde","floor":42,"turns":4},{"damage":15,"enemies":"Writhing Mass","floor":44,"turns":7},{"damage":2,"enemies":"Sphere and 2 Shapes","floor":46,"turns":4},{"damage":37,"enemies":"Jaw Worm Horde","floor":47,"turns":3}],"seed_played":"1364509377008926449","potions_obtained":[{"floor":4.0,"key":"Swift Potion"},{"floor":18.0,"key":"SkillPotion"},{"floor":20.0,"key":"Energy Potion"},{"floor":29.0,"key":"Swift Potion"},{"floor":33.0,"key":"Energy Potion"},{"floor":37,"key":"Energy Potion"},{"floor":41,"key":"SpeedPotion"},{"floor":44,"key":"AttackPotion"},{"floor":46,"key":"Weak Potion"}],"is_trial":false,"path_per_floor":["M","?","$","M","?","R","M","$","T","E","?","M","R","$","R","B",null,"M","$","M","M","M","R","$","M","T","?","M","M","R","?","R","B",null,"M","$","M","?","M","R","M","M","T","M","?","M","M"],"character_chosen":"DEFECT","items_purchased":["Defragment","Good Instincts","Hologram","Self Repair","Thunder Strike","Self Repair","Apotheosis","Self Repair"],"campfire_rested":4,"item_purchase_floors":[3,3,3,14,19,24,36,36],"current_hp_per_floor":[75,75,75,75,75,75,74,74,74,67,67,60,60,60,60,47,82,71,71,77,66,64,82,82,82,82,82,53,66,82,82,82,54,82,54,54,38,38,32,56,32,26,26,25,25,37,0],"gold":180,"neow_bonus":"HUNDRED_GOLD","is_prod":false,"is_daily":false,"chose_seed":false,"campfire_upgraded":3,"win_rate":0.0,"timestamp":1565290086,"path_taken":["M","?","$","?","?","R","M","?","T","E","?","M","R","$","R","BOSS","M","?","?","M","M","R","$","M","T","?","M","M","R","?","R","BOSS","M","$","?","?","M","R","M","M","T","M","?","?","M"],"build_version":"2019-07-17","purchased_purges":0,"victory":false,"max_hp_per_floor":[75,75,75,75,75,75,75,75,75,82,82,82,82,82,82,82,82,82,82,82,82,82,82,82,82,82,82,82,82,82,82,82,82,82,82,82,82,82,82,82,82,82,82,82,82,82,82],"card_choices":[{"not_picked":["Stack","Gash"],"picked":"Hello World","floor":1.0},{"not_picked":["Hologram","Stack"],"picked":"Ball Lightning","floor":4.0},{"not_picked":["Rip and Tear","Ball Lightning"],"picked":"Genetic Algorithm","floor":7.0},{"not_picked":["Chaos","Biased Cognition"],"picked":"Turbo","floor":10.0},{"not_picked":["Cold Snap","Skim"],"picked":"Gash","floor":12.0},{"not_picked":["Buffer","Machine Learning"],"picked":"Echo Form","floor":16.0},{"not_picked":["Gash","Streamline+1"],"picked":"Sunder+1","floor":18.0},{"not_picked":["Barrage","Sweeping Beam+1"],"picked":"Leap+1","floor":20.0},{"not_picked":["Barrage+1","Turbo+1"],"picked":"Leap+1","floor":21.0},{"not_picked":["Reinforced Body","Beam Cell"],"picked":"Conserve Battery","floor":22.0},{"not_picked":["Glacier","Barrage"],"picked":"Genetic Algorithm","floor":25.0},{"not_picked":["Ball Lightning","Go for the Eyes"],"picked":"White Noise","floor":28.0},{"not_picked":["Scrape","Capacitor+1"],"picked":"Genetic Algorithm","floor":29.0},{"not_picked":["Reboot","Hyperbeam"],"picked":"Amplify","floor":33.0},{"not_picked":["Barrage","BootSequence+1"],"picked":"Defragment","floor":35.0},{"not_picked":["Stack+1","Leap+1"],"picked":"Turbo","floor":37},{"not_picked":["Streamline","Cold Snap"],"picked":"Leap+1","floor":39},{"not_picked":["Sweeping Beam","Ball Lightning+1"],"picked":"Storm","floor":41},{"not_picked":["Undo+1","Hyperbeam"],"picked":"Hologram+1","floor":42},{"not_picked":["Barrage","Beam Cell+1"],"picked":"Conserve Battery","floor":44},{"not_picked":["Recycle+1","Go for the Eyes"],"picked":"Amplify","floor":46}],"player_experience":309965,"relics_obtained":[{"floor":9.0,"key":"Dodecahedron"},{"floor":10.0,"key":"Strawberry"},{"floor":26.0,"key":"Pen Nib"},{"floor":43,"key":"Blue Candle"}],"event_choices":[{"cards_removed":["Dualcast"],"damage_healed":0.0,"max_hp_gain":0.0,"max_hp_loss":0.0,"gold_gain":0.0,"event_name":"Bonfire Elementals","player_choice":"Offered Basic","floor":2.0,"gold_loss":0.0,"damage_taken":0.0},{"damage_healed":0.0,"max_hp_gain":0.0,"max_hp_loss":0.0,"gold_gain":0.0,"event_name":"Golden Idol","player_choice":"Take Wound","floor":5.0,"gold_loss":0.0,"damage_taken":0.0,"relics_obtained":["Golden Idol"],"cards_obtained":["Injury"]},{"damage_healed":0.0,"max_hp_gain":0.0,"max_hp_loss":0.0,"gold_gain":0.0,"event_name":"Match and Keep!","player_choice":"2 cards matched","floor":11.0,"gold_loss":0.0,"damage_taken":0.0,"cards_obtained":["Zap","Dark Shackles"]},{"damage_healed":0.0,"max_hp_gain":0.0,"max_hp_loss":0.0,"gold_gain":0.0,"event_name":"The Library","player_choice":"Read","floor":27.0,"gold_loss":0.0,"damage_taken":0.0,"cards_obtained":["Echo Form"]},{"damage_healed":0.0,"max_hp_gain":0.0,"max_hp_loss":0.0,"gold_gain":0.0,"event_name":"FaceTrader","player_choice":"Trade","floor":31.0,"gold_loss":0.0,"damage_taken":0.0,"relics_obtained":["GremlinMask"]},{"damage_healed":0,"gold_gain":0,"player_choice":"Ignored","damage_taken":0,"max_hp_gain":0,"max_hp_loss":0,"event_name":"Mysterious Sphere","floor":38,"gold_loss":0},{"cards_removed":["Shame"],"damage_healed":0,"gold_gain":0,"player_choice":"Took Card","damage_taken":0,"max_hp_gain":0,"max_hp_loss":0,"event_name":"NoteForYourself","floor":45,"gold_loss":0,"cards_obtained":["Dualcast"]}],"is_beta":false,"boss_relics":[{"not_picked":["Orrery","Black Star"],"picked":"Fusion Hammer"},{"not_picked":["Nuclear Battery","Sozu"],"picked":"Cursed Key"}],"items_purged_floors":[],"is_endless":false,"potions_floor_spawned":[4,18,20,21,29,33,37,41,44,46],"killed_by":"Jaw Worm Horde","ascension_level":0}