{"gold_per_floor":[113,126,142,156,176,176,186,186,186,186,186,205,130,140,140,241,241,261,247,24,24,24,24,40,40,67,78,92,103,122,122,122,122],"floor_reached":33,"playtime":1436,"items_purged":["Strike_R"],"score":294,"play_id":"63b03c56-56cb-4e84-93c5-2438a383ff68","local_time":"20190113222607","is_ascension_mode":true,"campfire_choices":[{"data":"Wild Strike","floor":6,"key":"SMITH"},{"data":"Sever Soul","floor":8,"key":"SMITH"},{"data":"Bash","floor":11,"key":"SMITH"},{"data":"Infernal Blade","floor":15,"key":"SMITH"},{"data":"Disarm","floor":23,"key":"SMITH"},{"floor":25,"key":"REST"},{"floor":32,"key":"REST"}],"neow_cost":"PERCENT_DAMAGE","seed_source_timestamp":3378079816395316,"circlet_count":0,"master_deck":["Defend_R","Defend_R","Bash+1","True Grit","Sever Soul+1","Infernal Blade+1","Reckless Charge","Wild Strike+1","Clash","Reaper","Shrug It Off","Disarm+1","Feel No Pain+1","Necronomicurse","Dark Embrace+1","Armaments","Clothesline+1","Sentinel","Thunderclap","Reckless Charge"],"relics":["Burning Blood","Frozen Egg 2","Runic Pyramid","Blood Vial","Necronomicon","Red Skull"],"potions_floor_usage":[2,16,16,16,33],"damage_taken":[{"damage":9,"enemies":"2 Louse","floor":1,"turns":3},{"damage":1,"enemies":"Cultist","floor":2,"turns":3},{"damage":0,"enemies":"Small Slimes","floor":3,"turns":1},{"damage":13,"enemies":"Exordium Thugs","floor":4,"turns":3},{"damage":3,"enemies":"3 Louse","floor":5,"turns":4},{"damage":1,"enemies":"Blue Slaver","floor":7,"turns":2},{"damage":1,"enemies":"Looter","floor":12,"turns":2},{"damage":12,"enemies":"Lots of Slimes","floor":14,"turns":4},{"damage":65,"enemies":"The Guardian","floor":16,"turns":8},{"damage":7,"enemies":"Chosen","floor":18,"turns":3},{"damage":33,"enemies":"2 Thieves","floor":19,"turns":4},{"damage":38,"enemies":"Snecko","floor":24,"turns":6},{"damage":10,"enemies":"Centurion and Healer","floor":27,"turns":4},{"damage":1,"enemies":"Cultist and Chosen","floor":28,"turns":6},{"damage":23,"enemies":"Sentry and Sphere","floor":29,"turns":5},{"damage":18,"enemies":"Snake Plant","floor":30,"turns":2},{"damage":92,"enemies":"Automaton","floor":33,"turns":6}],"seed_played":"5818921815610225299","potions_obtained":[{"floor":1,"key":"Regen Potion"},{"floor":2,"key":"Fruit Juice"},{"floor":3,"key":"LiquidBronze"},{"floor":12,"key":"Weak Potion"},{"floor":19,"key":"Strength Potion"},{"floor":29,"key":"SneckoOil"}],"is_trial":false,"path_per_floor":["M","M","M","M","M","R","M","R","T","?","R","M","$","M","R","B",null,"M","M","$","?","?","R","M","R","T","M","M","M","M","?","R","B"],"character_chosen":"IRONCLAD","items_purchased":["Feel No Pain+1","Blood Vial"],"campfire_rested":2,"item_purchase_floors":[20,20],"current_hp_per_floor":[53,63,69,62,65,65,70,70,70,70,70,75,75,69,69,24,85,85,66,66,50,50,50,20,45,45,43,50,35,25,25,50,0],"gold":122,"neow_bonus":"TRANSFORM_TWO_CARDS","is_prod":false,"is_daily":false,"chose_seed":false,"campfire_upgraded":5,"win_rate":0,"timestamp":1547436367,"path_taken":["M","M","M","M","M","R","M","R","T","?","R","M","$","M","R","BOSS","M","M","$","?","?","R","?","R","T","M","M","M","M","?","R","BOSS"],"build_version":"2019-01-10","purchased_purges":1,"victory":false,"max_hp_per_floor":[80,85,85,85,85,85,85,85,85,85,85,85,85,85,85,85,85,85,85,85,85,85,85,85,85,85,85,85,85,85,85,85,85],"card_choices":[{"not_picked":["Rage","Hemokinesis"],"picked":"Infernal Blade","floor":1},{"not_picked":["Perfected Strike","Armaments","Iron Wave"],"picked":"SKIP","floor":2},{"not_picked":["Perfected Strike","Armaments","Iron Wave"],"picked":"SKIP","floor":2},{"not_picked":["Anger","Iron Wave"],"picked":"Reckless Charge","floor":3},{"not_picked":["Carnage","Battle Trance","Pummel"],"picked":"SKIP","floor":4},{"not_picked":["Bloodletting","Clothesline"],"picked":"Wild Strike","floor":5},{"not_picked":["Pommel Strike","Fiend Fire"],"picked":"Clash","floor":7},{"not_picked":["Entrench","True Grit","Headbutt"],"picked":"SKIP","floor":12},{"not_picked":["Cleave","Anger","Twin Strike"],"picked":"SKIP","floor":14},{"not_picked":["Exhume","Limit Break"],"picked":"Reaper","floor":16},{"not_picked":["Warcry","Sword Boomerang+1"],"picked":"Shrug It Off","floor":18},{"not_picked":["Body Slam+1","Iron Wave"],"picked":"Disarm","floor":19},{"not_picked":["Intimidate","Sword Boomerang+1"],"picked":"Armaments","floor":24},{"not_picked":["Pummel","Wild Strike"],"picked":"Clothesline+1","floor":27},{"not_picked":["Warcry","Rupture+1","Searing Blow+1"],"picked":"SKIP","floor":28},{"not_picked":["Armaments","Dual Wield"],"picked":"Sentinel","floor":29},{"not_picked":["Anger","Clothesline","Heavy Blade+1"],"picked":"SKIP","floor":30}],"player_experience":211685,"relics_obtained":[{"floor":9,"key":"Frozen Egg 2"},{"floor":21,"key":"Necronomicon"},{"floor":26,"key":"Red Skull"}],"event_choices":[{"cards_removed":["Strike_R"],"damage_healed":0,"gold_gain":0,"player_choice":"Offered Basic","damage_taken":0,"max_hp_gain":0,"max_hp_loss":0,"event_name":"Bonfire Elementals","floor":10,"gold_loss":0},{"damage_healed":0,"gold_gain":0,"player_choice":"Obtained Book","damage_taken":16,"max_hp_gain":0,"max_hp_loss":0,"event_name":"Cursed Tome","floor":21,"gold_loss":0},{"damage_healed":0,"gold_gain":0,"cards_transformed":["Strike_R"],"player_choice":"Transformed","damage_taken":0,"max_hp_gain":0,"max_hp_loss":0,"event_name":"Transmorgrifier","floor":22,"gold_loss":0,"cards_obtained":["Dark Embrace"]},{"damage_healed":0,"gold_gain":0,"cards_transformed":["Defend_R","Strike_R"],"player_choice":"Became Test Subject","damage_taken":0,"max_hp_gain":0,"max_hp_loss":0,"event_name":"Drug Dealer","floor":31,"gold_loss":0,"cards_obtained":["Thunderclap","Reckless Charge"]}],"is_beta":false,"boss_relics":[{"not_picked":["Runic Dome","Cursed Key"],"picked":"Runic Pyramid"}],"items_purged_floors":[13],"is_endless":false,"potions_floor_spawned":[1,2,3,12,14,19,29],"killed_by":"Automaton","ascension_level":4}