{"gold_per_floor":[99,99,99,99,99,99,99,99,99,99,99,99,99],"floor_reached":13,"playtime":661,"items_purged":[],"score":158,"play_id":"1b03c7f1-0c9c-40aa-b859-0c930d3a53c6","local_time":"20190822113034","is_ascension_mode":true,"campfire_choices":[{"floor":7,"key":"REST"},{"floor":10,"key":"REST"}],"neow_cost":"NONE","seed_source_timestamp":3960399140571,"circlet_count":0,"master_deck":["AscendersBane","Strike_G","Strike_G","Strike_G","Strike_G","Strike_G","Defend_G","Defend_G","Defend_G","Defend_G","Defend_G","Survivor","Neutralize+1","Calculated Gamble","Flechettes","Sucker Punch","Backflip","PiercingWail"],"relics":["Ectoplasm","Bag of Preparation","Oddly Smooth Stone"],"potions_floor_usage":[6,13],"damage_taken":[{"damage":17,"enemies":"Jaw Worm","floor":1,"turns":4},{"damage":0,"enemies":"2 Louse","floor":2,"turns":3},{"damage":5,"enemies":"Small Slimes","floor":5,"turns":4},{"damage":40,"enemies":"3 Sentries","floor":6,"turns":10},{"damage":0,"enemies":"2 Fungi Beasts","floor":11,"turns":3},{"damage":63,"enemies":"Lagavulin","floor":13,"turns":11}],"seed_played":"-1865029704077403162","potions_obtained":[{"floor":5,"key":"Explosive Potion"},{"floor":6,"key":"Regen Potion"}],"is_trial":false,"path_per_floor":["M","M","?","?","M","E","R","?","T","R","M","$","E"],"character_chosen":"THE_SILENT","items_purchased":[],"campfire_rested":2,"item_purchase_floors":[],"current_hp_per_floor":[42,42,47,47,42,2,23,23,23,44,44,44,0],"gold":99,"neow_bonus":"BOSS_RELIC","is_prod":false,"is_daily":false,"chose_seed":false,"campfire_upgraded":0,"win_rate":0,"timestamp":1566498634,"path_taken":["M","M","?","?","M","E","R","?","T","R","?","$","E"],"build_version":"2019-07-17","purchased_purges":0,"victory":false,"max_hp_per_floor":[66,66,71,71,71,71,71,71,71,71,71,71,71],"card_choices":[{"not_picked":["Poisoned Stab","Endless Agony"],"picked":"Calculated Gamble","floor":1},{"not_picked":["Bane","Prepared"],"picked":"Flechettes","floor":2},{"not_picked":["Slice","Masterful Stab"],"picked":"Sucker Punch","floor":5},{"not_picked":["Quick Slash","Poisoned Stab"],"picked":"Backflip","floor":6},{"not_picked":["Corpse Explosion","Outmaneuver"],"picked":"PiercingWail","floor":11}],"player_experience":723919,"relics_obtained":[{"floor":6,"key":"Bag of Preparation"},{"floor":9,"key":"Oddly Smooth Stone"}],"event_choices":[{"damage_healed":0,"gold_gain":0,"player_choice":"Donut","damage_taken":0,"max_hp_gain":5,"max_hp_loss":0,"event_name":"Big Fish","floor":3,"gold_loss":0},{"damage_healed":0,"gold_gain":0,"player_choice":"Grow","damage_taken":0,"max_hp_gain":0,"max_hp_loss":0,"event_name":"Living Wall","floor":4,"gold_loss":0,"cards_upgraded":["Neutralize"]},{"damage_healed":0,"gold_gain":0,"player_choice":"Ignored","damage_taken":0,"max_hp_gain":0,"max_hp_loss":0,"event_name":"Liars Game","floor":8,"gold_loss":0}],"is_beta":false,"boss_relics":[],"items_purged_floors":[],"is_endless":false,"potions_floor_spawned":[5,6],"killed_by":"Lagavulin","ascension_level":18}