{"gold_per_floor":[115,127,1,18,29,61,80,80,80,80,93,93,61,77,77,180,180,199,199,99,114,114,114,176,176,200,200,75,75,95,115,115,115],"floor_reached":33,"playtime":3097,"items_purged":["Strike_G","Strike_G","Caltrops"],"score":365,"play_id":"e1d59458-c36a-4793-a1b3-812bba648ab5","local_time":"20181102192835","is_ascension_mode":true,"campfire_choices":[{"data":"Terror","floor":8,"key":"SMITH"},{"floor":10,"key":"REST"},{"data":"Neutralize","floor":15,"key":"SMITH"},{"data":"Adrenaline","floor":23,"key":"SMITH"},{"data":"Venomology","floor":25,"key":"SMITH"},{"data":"Backflip","floor":27,"key":"SMITH"},{"data":"Neutralize","floor":29,"key":"SMITH"},{"floor":32,"key":"REST"}],"neow_cost":"NONE","seed_source_timestamp":1983274384282600,"circlet_count":0,"master_deck":["Defend_G","Defend_G","Defend_G","Defend_G","Strike_G","Strike_G","Strike_G","Survivor","Neutralize+1","Terror+1","All Out Attack","Slice","Backflip+1","Outmaneuver","Slice","PiercingWail","Adrenaline+1","Slice","Backflip","Deflect","Finisher","Die Die Die","Dagger Spray+1","Neutralize+1","Venomology+1","Outmaneuver+1"],"relics":["Ring of the Snake","Strawberry","Question Card","Orrery","Tiny Chest","Ancient Tea Set"],"potions_floor_usage":[6,16,16,31,33,33],"damage_taken":[{"damage":0,"enemies":"2 Louse","floor":1,"turns":3},{"damage":7,"enemies":"Small Slimes","floor":2,"turns":6},{"damage":1,"enemies":"Cultist","floor":4,"turns":3},{"damage":1,"enemies":"Looter","floor":5,"turns":3},{"damage":29,"enemies":"Lagavulin","floor":6,"turns":8},{"damage":1,"enemies":"Exordium Thugs","floor":7,"turns":5},{"damage":5,"enemies":"Large Slime","floor":11,"turns":8},{"damage":0,"enemies":"2 Fungi Beasts","floor":14,"turns":4},{"damage":35,"enemies":"Slime Boss","floor":16,"turns":10},{"damage":3,"enemies":"3 Byrds","floor":18,"turns":7},{"damage":5,"enemies":"Shell Parasite","floor":21,"turns":6},{"damage":0,"enemies":"Gremlin Leader","floor":24,"turns":5},{"damage":2,"enemies":"Centurion and Healer","floor":30,"turns":6},{"damage":38,"enemies":"Sentry and Sphere","floor":31,"turns":7},{"damage":44,"enemies":"Automaton","floor":33,"turns":6}],"seed_played":"5666596219861217942","potions_obtained":[{"floor":1,"key":"PowerPotion"},{"floor":5,"key":"Strength Potion"},{"floor":14,"key":"AttackPotion"},{"floor":21,"key":"Energy Potion"},{"floor":30,"key":"EssenceOfSteel"}],"is_trial":false,"path_per_floor":["M","M","$","M","M","E","M","R","T","R","M","?","?","M","R","B",null,"M","?","$","M","?","R","E","R","T","R","$","R","M","M","R","B"],"character_chosen":"THE_SILENT","items_purchased":["Slice"],"campfire_rested":2,"item_purchase_floors":[3],"current_hp_per_floor":[70,63,63,62,61,39,38,38,38,61,56,56,56,56,56,21,63,60,60,60,55,55,55,55,55,55,55,55,55,53,15,38,0],"gold":115,"neow_bonus":"THREE_CARDS","is_prod":false,"is_daily":false,"chose_seed":false,"campfire_upgraded":6,"win_rate":0,"timestamp":1541158115,"path_taken":["M","M","$","M","M","E","M","R","T","R","M","?","?","M","R","BOSS","M","?","$","?","?","R","E","R","T","R","?","R","M","M","R","BOSS"],"build_version":"2018-11-01","purchased_purges":3,"victory":false,"max_hp_per_floor":[70,70,70,70,70,77,77,77,77,77,77,77,77,77,77,77,77,77,77,77,77,77,77,77,77,77,77,77,77,77,77,77,77],"card_choices":[{"not_picked":["Cloak And Dagger","Quick Slash"],"picked":"Terror","floor":0},{"not_picked":["Catalyst","Backstab","Cloak And Dagger"],"picked":"SKIP","floor":1},{"not_picked":["Slice","PiercingWail"],"picked":"All Out Attack","floor":2},{"not_picked":["Dagger Throw","Backstab"],"picked":"Backflip","floor":4},{"not_picked":["Acrobatics","Crippling Poison"],"picked":"Outmaneuver","floor":5},{"not_picked":["Envenom","Cloak And Dagger"],"picked":"Slice","floor":6},{"not_picked":["Dagger Throw","Accuracy","Poisoned Stab"],"picked":"SKIP","floor":7},{"not_picked":["Dodge and Roll","Outmaneuver","Crippling Poison","Eviscerate"],"picked":"SKIP","floor":11},{"not_picked":["Acrobatics","Calculated Gamble","Flying Knee"],"picked":"PiercingWail","floor":14},{"not_picked":["Storm of Steel","Glass Knife","Burst"],"picked":"Adrenaline","floor":16},{"not_picked":["Deadly Poison","Finisher","Acrobatics"],"picked":"Slice","floor":17},{"not_picked":["Tactician","Blade Dance","Infinite Blades"],"picked":"Backflip","floor":17},{"not_picked":["Escape Plan","Finisher","Footwork"],"picked":"Deflect","floor":17},{"not_picked":["Dagger Spray","Sucker Punch","Flechettes"],"picked":"Finisher","floor":17},{"not_picked":["Heel Hook","Prepared","Skewer"],"picked":"Die Die Die","floor":17},{"not_picked":["Bane","Distraction","Deflect"],"picked":"Dagger Spray+1","floor":18},{"not_picked":["Quick Slash","Flying Knee","Masterful Stab+1","Blur+1"],"picked":"SKIP","floor":21},{"not_picked":["Flying Knee","Endless Agony","Caltrops"],"picked":"Venomology","floor":24},{"not_picked":["Flying Knee","Acrobatics","Blur"],"picked":"Outmaneuver+1","floor":30},{"not_picked":["Outmaneuver","Catalyst","Calculated Gamble","Dodge and Roll+1"],"picked":"SKIP","floor":31}],"player_experience":550512,"relics_obtained":[{"floor":6,"key":"Strawberry"},{"floor":9,"key":"Question Card"},{"floor":24,"key":"Tiny Chest"},{"floor":26,"key":"Ancient Tea Set"}],"event_choices":[{"cards_removed":["Defend_G"],"damage_healed":0,"gold_gain":0,"player_choice":"Forget","damage_taken":0,"max_hp_gain":0,"max_hp_loss":0,"event_name":"Living Wall","floor":12,"gold_loss":0},{"damage_healed":0,"gold_gain":0,"player_choice":"Left Gold","damage_taken":0,"max_hp_gain":0,"max_hp_loss":0,"event_name":"World of Goop","floor":13,"gold_loss":32},{"damage_healed":0,"gold_gain":0,"player_choice":"2 cards matched","damage_taken":0,"max_hp_gain":0,"max_hp_loss":0,"event_name":"Match and Keep!","floor":19,"gold_loss":0,"cards_obtained":["Neutralize","Caltrops"]},{"damage_healed":0,"gold_gain":0,"player_choice":"Ignored","damage_taken":0,"max_hp_gain":0,"max_hp_loss":0,"event_name":"Vampires","floor":22,"gold_loss":0}],"is_beta":false,"boss_relics":[{"not_picked":["Coffee Dripper","HoveringKite"],"picked":"Orrery"}],"items_purged_floors":[3,20,28],"is_endless":false,"potions_floor_spawned":[1,5,14,21,30],"killed_by":"Automaton","ascension_level":5}