{"gold_per_floor":[114,114,138,138,157,157,175,208,269,281,328,72,91,105,105,205,205,190,370,102,115,115,115,115,125,125,125,44,57,57,103,103,103],"floor_reached":33,"playtime":2600,"items_purged":["Defend_G","Strike_G"],"score":316,"play_id":"b94dbdd3-7ccc-4f5a-8895-f20d8244627a","local_time":"20181102014013","is_ascension_mode":true,"campfire_choices":[{"data":"Neutralize","floor":6,"key":"SMITH"},{"floor":15,"key":"REST"},{"floor":23,"key":"REST"},{"floor":27,"key":"REST"},{"floor":30,"key":"REST"},{"floor":32,"key":"REST"}],"neow_cost":"NONE","seed_source_timestamp":1919671793569600,"circlet_count":0,"master_deck":["Defend_G","Defend_G","Defend_G","Strike_G","Strike_G","Strike_G","Survivor","Neutralize+1","Bouncing Flask","Dagger Throw","Finisher","Transmutation","Unload","Dagger Throw+1","Chrysalis","Expertise","Prepared","Concentrate"],"relics":["Ring of the Snake","Happy Flower","MawBank","Centennial Puzzle","Pantograph","Letter Opener","Regal Pillow"],"potions_floor_usage":[14,14,25,29,29,33,33],"damage_taken":[{"damage":0,"enemies":"2 Louse","floor":1,"turns":3},{"damage":3,"enemies":"Jaw Worm","floor":5,"turns":4},{"damage":2,"enemies":"Small Slimes","floor":7,"turns":5},{"damage":18,"enemies":"Gremlin Nob","floor":8,"turns":4},{"damage":9,"enemies":"Lagavulin","floor":11,"turns":5},{"damage":0,"enemies":"2 Fungi Beasts","floor":13,"turns":2},{"damage":6,"enemies":"Gremlin Gang","floor":14,"turns":2},{"damage":18,"enemies":"Slime Boss","floor":16,"turns":7},{"damage":15,"enemies":"2 Thieves","floor":18,"turns":4},{"damage":12,"enemies":"Shell Parasite","floor":21,"turns":6},{"damage":31,"enemies":"Snake Plant","floor":25,"turns":6},{"damage":38,"enemies":"Centurion and Healer","floor":29,"turns":5},{"damage":81,"enemies":"Automaton","floor":33,"turns":8}],"seed_played":"-1870571420677527279","potions_obtained":[{"floor":1,"key":"PowerPotion"},{"floor":7,"key":"AttackPotion"},{"floor":8,"key":"Dexterity Potion"},{"floor":16,"key":"SkillPotion"},{"floor":21,"key":"Swift Potion"},{"floor":25,"key":"Explosive Potion"},{"floor":29,"key":"GhostInAJar"}],"is_trial":false,"path_per_floor":["M","?","T","?","M","R","M","E","T","?","E","$","M","M","R","B",null,"M","?","$","M","?","R","$","M","T","R","$","M","R","T","R"],"character_chosen":"THE_SILENT","items_purchased":["Transmutation","Chrysalis","Concentrate"],"campfire_rested":5,"item_purchase_floors":[12,20,28],"current_hp_per_floor":[77,70,70,70,67,67,65,47,47,47,38,38,38,32,55,59,73,58,37,37,25,25,48,48,17,17,40,40,2,25,25,63,0],"gold":103,"neow_bonus":"TEN_PERCENT_HP_BONUS","is_prod":false,"is_daily":false,"chose_seed":false,"campfire_upgraded":1,"win_rate":0,"timestamp":1541094013,"path_taken":["M","?","?","?","M","R","?","E","T","?","E","$","M","M","R","BOSS","M","?","$","M","?","R","$","M","T","R","?","M","R","?","R","BOSS"],"build_version":"2018-10-25v2","purchased_purges":2,"victory":false,"max_hp_per_floor":[77,77,77,77,77,77,77,77,77,77,77,77,77,77,77,77,77,77,77,77,77,77,77,77,77,77,77,77,77,77,77,77,77],"card_choices":[{"not_picked":["Bane","Distraction"],"picked":"Bouncing Flask","floor":1},{"not_picked":["Predator","Slice"],"picked":"Dagger Throw","floor":5},{"not_picked":["Dagger Spray","Distraction","Dodge and Roll"],"picked":"SKIP","floor":7},{"not_picked":["Underhanded Strike","Envenom"],"picked":"Finisher","floor":8},{"not_picked":["A Thousand Cuts","Concentrate","Blade Dance"],"picked":"SKIP","floor":11},{"not_picked":["Eviscerate","Catalyst","Leg Sweep"],"picked":"SKIP","floor":13},{"not_picked":["Infinite Blades","Riddle With Holes","Predator"],"picked":"SKIP","floor":14},{"not_picked":["Grand Finale","After Image"],"picked":"Unload","floor":16},{"not_picked":["Backflip","Prepared"],"picked":"Dagger Throw+1","floor":18},{"not_picked":["Dagger Throw","Dagger Spray"],"picked":"Expertise","floor":21},{"not_picked":["Dodge and Roll","Predator"],"picked":"Prepared","floor":25},{"not_picked":["Tactician","Acrobatics","Slice+1"],"picked":"SKIP","floor":29}],"player_experience":547912,"relics_obtained":[{"floor":3,"key":"Happy Flower"},{"floor":8,"key":"MawBank"},{"floor":9,"key":"Centennial Puzzle"},{"floor":11,"key":"Pantograph"},{"floor":26,"key":"Letter Opener"},{"floor":31,"key":"Regal Pillow"}],"event_choices":[{"cards_removed":["Strike_G"],"damage_healed":0,"gold_gain":0,"player_choice":"Card Removal","damage_taken":7,"max_hp_gain":0,"max_hp_loss":0,"event_name":"Golden Wing","floor":2,"gold_loss":0},{"cards_removed":["Defend_G"],"damage_healed":0,"gold_gain":0,"player_choice":"Forget","damage_taken":0,"max_hp_gain":0,"max_hp_loss":0,"event_name":"Living Wall","floor":4,"gold_loss":0},{"damage_healed":0,"gold_gain":0,"player_choice":"Ignored","damage_taken":0,"max_hp_gain":0,"max_hp_loss":0,"event_name":"Liars Game","floor":10,"gold_loss":0},{"damage_healed":0,"gold_gain":180,"player_choice":"GOLD GOLD ","damage_taken":21,"max_hp_gain":0,"max_hp_loss":0,"event_name":"Knowing Skull","floor":19,"potions_obtained":[],"gold_loss":0,"cards_obtained":[]},{"damage_healed":0,"gold_gain":0,"player_choice":"Ignored","damage_taken":0,"max_hp_gain":0,"max_hp_loss":0,"event_name":"Vampires","floor":22,"gold_loss":0}],"is_beta":false,"boss_relics":[{"not_picked":["Fusion Hammer","Philosopher\u0027s Stone","Runic Dome"]}],"items_purged_floors":[12,20],"is_endless":false,"potions_floor_spawned":[1,7,8,16,21,25,29],"killed_by":"Automaton","ascension_level":5}