{"gold_per_floor":[167,4,14,34,48,74,89,89],"floor_reached":8,"playtime":509,"items_purged":["Defend_G"],"score":75,"play_id":"22ea137c-12aa-4bcc-a172-5b24904ef021","local_time":"20190119171030","is_ascension_mode":true,"campfire_choices":[],"neow_cost":"NONE","seed_source_timestamp":3878492297344215,"circlet_count":0,"master_deck":["Defend_G","Defend_G","Defend_G","Defend_G+1","Strike_G","Strike_G","Strike_G","Strike_G+1","Strike_G","Survivor","Neutralize","Backflip","Crippling Poison","Noxious Fumes","Dagger Throw+1","Grand Finale","Backstab","Bouncing Flask"],"relics":["Tiny House","Whetstone"],"potions_floor_usage":[5,8],"damage_taken":[{"damage":0,"enemies":"Small Slimes","floor":1,"turns":5},{"damage":4,"enemies":"Cultist","floor":3,"turns":4},{"damage":6,"enemies":"2 Louse","floor":4,"turns":3},{"damage":17,"enemies":"Exordium Thugs","floor":5,"turns":4},{"damage":36,"enemies":"Lagavulin","floor":6,"turns":8},{"damage":3,"enemies":"2 Fungi Beasts","floor":7,"turns":3},{"damage":24,"enemies":"Gremlin Nob","floor":8,"turns":4}],"seed_played":"-8562518879944045650","potions_obtained":[{"floor":0,"key":"Energy Potion"},{"floor":5,"key":"SneckoOil"},{"floor":6,"key":"Ancient Potion"}],"is_trial":false,"path_per_floor":["M","$","M","M","M","E","M","E"],"character_chosen":"THE_SILENT","items_purchased":["Noxious Fumes","Dagger Throw"],"campfire_rested":0,"item_purchase_floors":[2,2],"current_hp_per_floor":[75,75,71,65,48,12,9,0],"gold":89,"neow_bonus":"BOSS_RELIC","is_prod":false,"is_daily":false,"chose_seed":false,"campfire_upgraded":0,"win_rate":0,"timestamp":1547935830,"path_taken":["M","$","M","M","M","E","M","E"],"build_version":"2019-01-17v2","purchased_purges":1,"victory":false,"max_hp_per_floor":[75,75,75,75,75,75,75,75],"card_choices":[{"not_picked":["Dagger Spray","Terror"],"picked":"Backflip","floor":0},{"not_picked":["Dagger Spray","Calculated Gamble"],"picked":"Crippling Poison","floor":1},{"not_picked":["Bane","Sucker Punch","Calculated Gamble"],"picked":"SKIP","floor":3},{"not_picked":["Eviscerate","PiercingWail"],"picked":"Grand Finale","floor":4},{"not_picked":["Outmaneuver","Cloak And Dagger"],"picked":"Backstab","floor":5},{"not_picked":["Setup","Storm of Steel"],"picked":"Bouncing Flask","floor":6},{"not_picked":["Blade Dance","Underhanded Strike","Eviscerate"],"picked":"SKIP","floor":7}],"player_experience":270766,"relics_obtained":[{"floor":6,"key":"Whetstone"}],"event_choices":[],"is_beta":false,"boss_relics":[],"items_purged_floors":[2],"is_endless":false,"potions_floor_spawned":[5,6],"killed_by":"Gremlin Nob","ascension_level":5}