{"gold_per_floor":[213,27,39,39,53,53,80,80,105,125,125,28,28,48,48,146,146,158,9,26,106,126,126,155,155,155,10,10,10,10,0,0,105,105,122,122,122,141,141,141,24,24,24,4,4,34,34,34],"floor_reached":48,"playtime":3552,"items_purged":[],"score":570,"play_id":"e922faa5-b8d3-4f02-881c-8864acea53e9","local_time":"20190818165556","is_ascension_mode":true,"campfire_choices":[{"floor":6.0,"key":"REST"},{"floor":8.0,"key":"REST"},{"floor":11.0,"key":"RECALL"},{"data":"Deadly Poison","floor":15.0,"key":"SMITH"},{"floor":23.0,"key":"REST"},{"floor":25.0,"key":"REST"},{"floor":28.0,"key":"REST"},{"data":"Noxious Fumes","floor":30.0,"key":"SMITH"},{"data":"Noxious Fumes","floor":32.0,"key":"SMITH"},{"floor":40,"key":"REST"},{"floor":42,"key":"REST"},{"floor":45,"key":"REST"},{"floor":47,"key":"REST"}],"neow_cost":"NONE","seed_source_timestamp":29821579377083,"circlet_count":0,"master_deck":["Strike_G","Strike_G","Strike_G","Strike_G","Defend_G","Defend_G","Defend_G","Defend_G","Defend_G","Survivor","Neutralize","Bouncing Flask+1","Caltrops","Cloak And Dagger","Poisoned Stab","Catalyst","Escape Plan","Footwork","Dodge and Roll","Deadly Poison+1","After Image","PiercingWail","Noxious Fumes","Deadly Poison","Backflip","Backstab+1","Crippling Poison+1","Deflect+1","Backflip","Crippling Poison","Noxious Fumes+1","Dodge and Roll","Noxious Fumes+1","Caltrops","A Thousand Cuts","Dagger Throw+1","Footwork","Footwork","Infinite Blades","PiercingWail","PiercingWail","Dodge and Roll+1","Backstab","Poisoned Stab+1"],"special_seed":0,"relics":["Ring of the Snake","Dream Catcher","Smiling Mask","WristBlade","Bottled Flame","WingedGreaves","The Courier","Fusion Hammer","Snake Skull","Tingsha"],"potions_floor_usage":[46],"damage_taken":[{"damage":4.0,"enemies":"Small Slimes","floor":1.0,"turns":4.0},{"damage":0.0,"enemies":"Cultist","floor":3.0,"turns":4.0},{"damage":4.0,"enemies":"Jaw Worm","floor":5.0,"turns":3.0},{"damage":23.0,"enemies":"Lagavulin","floor":7.0,"turns":6.0},{"damage":0.0,"enemies":"2 Fungi Beasts","floor":10.0,"turns":2.0},{"damage":3.0,"enemies":"Large Slime","floor":14.0,"turns":8.0},{"damage":30.0,"enemies":"The Guardian","floor":16.0,"turns":8.0},{"damage":24.0,"enemies":"3 Byrds","floor":18.0,"turns":8.0},{"damage":0.0,"enemies":"Spheric Guardian","floor":20.0,"turns":3.0},{"damage":21.0,"enemies":"Centurion and Healer","floor":22.0,"turns":11.0},{"damage":7.0,"enemies":"Gremlin Leader","floor":24.0,"turns":9.0},{"damage":53.0,"enemies":"Champ","floor":33.0,"turns":11.0},{"damage":6.0,"enemies":"3 Shapes","floor":35.0,"turns":5.0},{"damage":27.0,"enemies":"3 Darklings","floor":38.0,"turns":6.0},{"damage":61,"enemies":"Nemesis","floor":46,"turns":7},{"damage":41,"enemies":"Writhing Mass","floor":48,"turns":4}],"seed_played":"2961734393540606469","potions_obtained":[{"floor":1.0,"key":"Energy Potion"},{"floor":5.0,"key":"FearPotion"},{"floor":10.0,"key":"Energy Potion"},{"floor":18.0,"key":"SkillPotion"},{"floor":33.0,"key":"FearPotion"},{"floor":35.0,"key":"SteroidPotion"}],"is_trial":false,"path_per_floor":["M","$","M","?","M","R","E","R","T","M","R","$","?","M","R","B",null,"M","$","M","T","M","R","E","R","T","$","R","$","R","?","R","B",null,"M","?","?","M","?","R","$","R","T","$","R","E","R","M"],"character_chosen":"THE_SILENT","items_purchased":["Dream Catcher","Caltrops","Footwork","Dodge and Roll","Noxious Fumes","Deadly Poison","Backflip","Noxious Fumes","Dodge and Roll","Noxious Fumes","Footwork","Infinite Blades","PiercingWail"],"campfire_rested":9,"item_purchase_floors":[2,2,12,12,19,19,19,27,27,27,41,41,44],"current_hp_per_floor":[66,66,66,66,62,70,47,68,68,68,68,68,68,65,65,35,70,46,46,46,46,25,46,39,60,60,60,70,70,70,70,70,17,70,64,64,64,37,37,58,58,70,70,70,70,9,30,0],"gold":34,"neow_bonus":"HUNDRED_GOLD","is_prod":false,"is_daily":false,"chose_seed":false,"campfire_upgraded":3,"win_rate":0,"timestamp":1566140156,"path_taken":["M","$","M","?","M","R","E","R","T","M","R","?","?","M","R","BOSS","M","$","?","?","M","R","E","R","T","$","R","?","R","?","R","BOSS","M","?","?","M","?","R","$","R","T","$","R","E","R","M"],"build_version":"2019-07-17","purchased_purges":0,"victory":false,"max_hp_per_floor":[70,70,70,70,70,70,70,70,70,70,70,70,70,70,70,70,70,70,70,70,70,70,70,70,70,70,70,70,70,70,70,70,70,70,70,70,70,70,70,70,70,70,70,70,70,70,70,70],"card_choices":[{"not_picked":["Dodge and Roll","Skewer"],"picked":"Bouncing Flask","floor":1.0},{"not_picked":["Flying Knee","Expertise"],"picked":"Cloak And Dagger","floor":3.0},{"not_picked":["Reflex","Leg Sweep","Underhanded Strike"],"picked":"SKIP","floor":5.0},{"not_picked":["Concentrate","Masterful Stab"],"picked":"Cloak And Dagger","floor":6.0},{"not_picked":["Night Terror","Sucker Punch"],"picked":"Poisoned Stab","floor":7.0},{"not_picked":["Sucker Punch","Blade Dance"],"picked":"Catalyst","floor":8.0},{"not_picked":["Prepared","Tools of the Trade"],"picked":"Escape Plan","floor":10.0},{"not_picked":["Blade Dance","Choke"],"picked":"Deadly Poison","floor":14.0},{"not_picked":["A Thousand Cuts","Glass Knife"],"picked":"After Image","floor":16.0},{"not_picked":["Dodge and Roll","Skewer+1"],"picked":"PiercingWail","floor":18.0},{"not_picked":["Reflex","PiercingWail"],"picked":"Backstab+1","floor":20.0},{"not_picked":["Finisher+1","Quick Slash"],"picked":"Crippling Poison+1","floor":22.0},{"not_picked":["Skewer","Flying Knee"],"picked":"Deflect+1","floor":23.0},{"not_picked":["Poisoned Stab","Underhanded Strike+1"],"picked":"Backflip","floor":24.0},{"not_picked":["Predator","Calculated Gamble"],"picked":"Crippling Poison","floor":25.0},{"not_picked":["Backstab+1","Underhanded Strike"],"picked":"Caltrops","floor":28.0},{"not_picked":["Night Terror","Grand Finale"],"picked":"A Thousand Cuts","floor":33.0},{"not_picked":["Underhanded Strike+1","Acrobatics"],"picked":"Dagger Throw+1","floor":35.0},{"not_picked":["Flying Knee+1","Noxious Fumes"],"picked":"Footwork","floor":38.0},{"not_picked":["Riddle With Holes","Venomology"],"picked":"PiercingWail","floor":42},{"not_picked":["Quick Slash+1","Choke+1"],"picked":"Dodge and Roll+1","floor":45},{"not_picked":["Masterful Stab","Setup"],"picked":"Backstab","floor":46},{"not_picked":["Flying Knee+1","Masterful Stab"],"picked":"Poisoned Stab+1","floor":47}],"player_experience":388072,"relics_obtained":[{"floor":7.0,"key":"Smiling Mask"},{"floor":21.0,"key":"Bottled Flame"},{"floor":24.0,"key":"WingedGreaves"},{"floor":26.0,"key":"The Courier"},{"floor":43,"key":"Snake Skull"},{"floor":46,"key":"Tingsha"}],"event_choices":[{"damage_healed":0.0,"max_hp_gain":0.0,"max_hp_loss":0.0,"gold_gain":0.0,"event_name":"Upgrade Shrine","player_choice":"Upgraded","floor":4.0,"gold_loss":0.0,"damage_taken":0.0,"cards_upgraded":["Bouncing Flask"]},{"cards_removed":["Strike_G"],"damage_healed":0.0,"max_hp_gain":0.0,"max_hp_loss":0.0,"gold_gain":0.0,"event_name":"Purifier","player_choice":"Purged","floor":13.0,"gold_loss":0.0,"damage_taken":0.0},{"damage_healed":0.0,"max_hp_gain":0.0,"max_hp_loss":0.0,"gold_gain":0.0,"event_name":"Masked Bandits","player_choice":"Paid Fearfully","floor":31.0,"gold_loss":10.0,"damage_taken":0.0},{"cards_removed":["Cloak And Dagger"],"damage_healed":0.0,"max_hp_gain":0.0,"max_hp_loss":0.0,"gold_gain":0.0,"event_name":"Falling","player_choice":"Removed Skill","floor":36.0,"gold_loss":0.0,"damage_taken":0.0},{"damage_healed":0.0,"max_hp_gain":0.0,"max_hp_loss":0.0,"gold_gain":0.0,"event_name":"Tomb of Lord Red Mask","player_choice":"Ignored","floor":37.0,"gold_loss":0.0,"damage_taken":0.0},{"damage_healed":0,"gold_gain":0,"player_choice":"Ignored","damage_taken":0,"max_hp_gain":0,"max_hp_loss":0,"event_name":"Mysterious Sphere","floor":39,"gold_loss":0}],"is_beta":false,"boss_relics":[{"not_picked":["HoveringKite","Ectoplasm"],"picked":"WristBlade"},{"not_picked":["Philosopher\u0027s Stone","Lizard Tail"],"picked":"Fusion Hammer"}],"items_purged_floors":[],"is_endless":false,"potions_floor_spawned":[1,5,10,18,33,35],"killed_by":"Writhing Mass","ascension_level":2}