{"gold_per_floor":[119,139,105,105,105,140,140,160,160,160,160,189,205,219,219,317,317,334,7,23,39,39,39,56,56,80,179,198,198,217,217,217,320,320,331,331,331,31,43,43,63,82,82,82,182,195,21,37,37,37],"floor_reached":51,"playtime":5775,"items_purged":["Strike_B","Defend_B"],"score":938,"play_id":"76a97988-529c-4311-9f07-b072efcdf611","local_time":"20190821211723","is_ascension_mode":true,"campfire_choices":[{"data":"Zap","floor":7,"key":"SMITH"},{"data":"Chill","floor":11,"key":"SMITH"},{"data":"White Noise","floor":15,"key":"SMITH"},{"data":"Undo","floor":23,"key":"SMITH"},{"data":"Electrodynamics","floor":25,"key":"SMITH"},{"data":"White Noise","floor":29,"key":"SMITH"},{"floor":32,"key":"REST"},{"data":"Biased Cognition","floor":40,"key":"SMITH"},{"data":"Cold Snap","floor":44,"key":"SMITH"},{"data":"Cold Snap","floor":49,"key":"SMITH"}],"neow_cost":"NONE","seed_source_timestamp":35940856639245,"circlet_count":0,"master_deck":["Strike_B+1","Strike_B+1","Defend_B","Defend_B","Defend_B","Zap+1","Dualcast","Go for the Eyes+1","Self Repair","Chill+1","White Noise+1","All For One","Undo+1","White Noise+1","Electrodynamics+1","Chaos+1","Coolheaded+1","Cold Snap+1","Cold Snap+1","Biased Cognition+1","Finesse","Parasite","Force Field"],"relics":["Cracked Core","NeowsBlessing","Singing Bowl","Bronze Scales","FossilizedHelix","StoneCalendar","Orrery","Cables","Matryoshka","Ancient Tea Set","Potion Belt","Busted Crown","Anchor","Whetstone","Bag of Preparation","Molten Egg 2","Torii"],"potions_floor_usage":[12,12,16,21,21,33,50,50,50,50],"damage_taken":[{"damage":0,"enemies":"Small Slimes","floor":1,"turns":1},{"damage":0,"enemies":"Jaw Worm","floor":2,"turns":1},{"damage":0,"enemies":"Gremlin Nob","floor":6,"turns":1},{"damage":1,"enemies":"2 Louse","floor":8,"turns":3},{"damage":8,"enemies":"3 Sentries","floor":12,"turns":9},{"damage":0,"enemies":"Exordium Wildlife","floor":13,"turns":3},{"damage":0,"enemies":"Red Slaver","floor":14,"turns":3},{"damage":33,"enemies":"Hexaghost","floor":16,"turns":8},{"damage":0,"enemies":"Chosen","floor":18,"turns":6},{"damage":0,"enemies":"3 Byrds","floor":20,"turns":2},{"damage":3,"enemies":"Centurion and Healer","floor":21,"turns":6},{"damage":0,"enemies":"Sentry and Sphere","floor":24,"turns":5},{"damage":0,"enemies":"3 Cultists","floor":28,"turns":3},{"damage":12,"enemies":"Shelled Parasite and Fungi","floor":30,"turns":5},{"damage":46,"enemies":"Automaton","floor":33,"turns":10},{"damage":0,"enemies":"Orb Walker","floor":35,"turns":4},{"damage":12,"enemies":"3 Darklings","floor":39,"turns":4},{"damage":0,"enemies":"Spire Growth","floor":41,"turns":5},{"damage":7,"enemies":"Maw","floor":42,"turns":7},{"damage":0,"enemies":"Mind Bloom Boss Battle","floor":45,"turns":7},{"damage":0,"enemies":"Writhing Mass","floor":46,"turns":6},{"damage":0,"enemies":"Jaw Worm Horde","floor":48,"turns":3},{"damage":49,"enemies":"Donu and Deca","floor":50,"turns":10}],"seed_played":"-8835494358869484640","potions_obtained":[{"floor":2,"key":"SpeedPotion"},{"floor":6,"key":"SpeedPotion"},{"floor":12,"key":"FearPotion"},{"floor":18,"key":"SkillPotion"},{"floor":20,"key":"Swift Potion"},{"floor":21,"key":"SteroidPotion"},{"floor":33,"key":"Poison Potion"},{"floor":39,"key":"Fruit Juice"},{"floor":42,"key":"Strength Potion"},{"floor":46,"key":"Weak Potion"},{"floor":48,"key":"Strength Potion"}],"is_trial":false,"path_per_floor":["M","M","$","?","?","E","R","M","T","?","R","E","M","M","R","B",null,"M","$","M","M","T","R","M","R","T","?","M","R","M","?","R","B",null,"M","?","?","$","M","R","M","M","T","R","?","M","$","M","R","B",null],"character_chosen":"DEFECT","items_purchased":["Self Repair","Cables","Anchor","Whetstone","Force Field"],"campfire_rested":1,"item_purchase_floors":[3,19,38,38,47],"current_hp_per_floor":[68,68,68,61,61,63,63,69,69,66,66,65,74,81,81,55,81,87,87,87,87,87,87,87,87,87,87,87,87,84,67,94,55,84,86,86,86,86,83,83,92,94,94,94,96,98,98,107,107,65],"gold":37,"neow_bonus":"THREE_ENEMY_KILL","is_prod":false,"is_daily":false,"chose_seed":false,"campfire_upgraded":9,"win_rate":0,"timestamp":1566418643,"path_taken":["M","M","$","?","?","E","R","M","T","?","R","E","?","M","R","BOSS","M","$","M","M","?","R","M","R","T","?","M","R","M","?","R","BOSS","M","?","?","$","M","R","M","?","T","R","?","M","?","M","R","BOSS"],"build_version":"2019-07-17","purchased_purges":2,"victory":true,"max_hp_per_floor":[75,75,75,75,75,77,77,77,77,77,77,77,79,81,81,81,87,87,87,87,87,87,87,87,87,87,87,87,87,89,94,94,94,94,96,96,96,96,98,98,100,102,102,102,104,106,106,108,108,108],"card_choices":[{"not_picked":["Capacitor","Consume"],"picked":"Go for the Eyes","floor":1},{"not_picked":["Stack","Leap","Hologram"],"picked":"SKIP","floor":2},{"not_picked":["Redo","Steam","Leap"],"picked":"Singing Bowl","floor":6},{"not_picked":["Buffer","Redo"],"picked":"Chill","floor":8},{"not_picked":["Gash","Sweeping Beam"],"picked":"White Noise","floor":12},{"not_picked":["Redo","Static Discharge","Storm"],"picked":"Singing Bowl","floor":13},{"not_picked":["Double Energy","Reprogram","Multi-Cast"],"picked":"Singing Bowl","floor":14},{"not_picked":["Echo Form","Fission"],"picked":"All For One","floor":16},{"not_picked":["Conserve Battery","Steam Power"],"picked":"Undo","floor":17},{"not_picked":["Sunder","Chaos"],"picked":"White Noise","floor":17},{"not_picked":["Auto Shields","Darkness","Rebound"],"picked":"Singing Bowl","floor":17},{"not_picked":["Storm","Genetic Algorithm","Coolheaded"],"picked":"Singing Bowl","floor":17},{"not_picked":["Self Repair","Beam Cell","Go for the Eyes"],"picked":"Singing Bowl","floor":17},{"not_picked":["Compile Driver","Hologram"],"picked":"Electrodynamics","floor":18},{"not_picked":["Steam","Rebound"],"picked":"Chaos+1","floor":20},{"not_picked":["Barrage","Beam Cell"],"picked":"Coolheaded+1","floor":21},{"not_picked":["Recycle","Barrage"],"picked":"Cold Snap","floor":24},{"not_picked":["Beam Cell+1","Stack"],"picked":"Cold Snap","floor":28},{"not_picked":["Force Field","White Noise","Auto Shields"],"picked":"Singing Bowl","floor":30},{"not_picked":["Fission","Rainbow"],"picked":"Biased Cognition","floor":33},{"not_picked":["Barrage"],"picked":"Singing Bowl","floor":35},{"not_picked":["Barrage"],"picked":"Singing Bowl","floor":39},{"not_picked":["Leap+1"],"picked":"Singing Bowl","floor":41},{"not_picked":["Compile Driver"],"picked":"Singing Bowl","floor":42},{"not_picked":["Conserve Battery"],"picked":"Singing Bowl","floor":45},{"not_picked":["Consume+1"],"picked":"Singing Bowl","floor":46},{"not_picked":["Rebound+1"],"picked":"Singing Bowl","floor":48}],"player_experience":495590,"relics_obtained":[{"floor":6,"key":"Singing Bowl"},{"floor":9,"key":"Bronze Scales"},{"floor":12,"key":"StoneCalendar"},{"floor":22,"key":"Matryoshka"},{"floor":26,"key":"Ancient Tea Set"},{"floor":26,"key":"Potion Belt"},{"floor":43,"key":"Bag of Preparation"},{"floor":43,"key":"Molten Egg 2"},{"floor":45,"key":"Torii"}],"event_choices":[{"cards_removed":["Strike_B"],"damage_healed":0,"gold_gain":0,"player_choice":"Card Removal","damage_taken":7,"max_hp_gain":0,"max_hp_loss":0,"event_name":"Golden Wing","floor":4,"gold_loss":0},{"damage_healed":0,"gold_gain":0,"player_choice":"Grow","damage_taken":0,"max_hp_gain":0,"max_hp_loss":0,"event_name":"Living Wall","floor":5,"gold_loss":0,"cards_upgraded":["Go for the Eyes"]},{"damage_healed":0,"gold_gain":0,"player_choice":"Success","damage_taken":3,"relics_obtained":["FossilizedHelix"],"max_hp_gain":0,"max_hp_loss":0,"event_name":"Scrap Ooze","floor":10,"gold_loss":0},{"damage_healed":0,"gold_gain":99,"player_choice":"Stole From Cult","damage_taken":0,"max_hp_gain":0,"max_hp_loss":0,"event_name":"Nest","floor":27,"gold_loss":0},{"damage_healed":0,"gold_gain":0,"player_choice":"Shed Blood","damage_taken":22,"max_hp_gain":5,"max_hp_loss":0,"event_name":"Forgotten Altar","floor":31,"gold_loss":0},{"damage_healed":0,"gold_gain":0,"player_choice":"Ignored","damage_taken":0,"max_hp_gain":0,"max_hp_loss":0,"event_name":"Tomb of Lord Red Mask","floor":36,"gold_loss":0},{"damage_healed":0,"gold_gain":0,"player_choice":"1 cards matched","damage_taken":0,"max_hp_gain":0,"max_hp_loss":0,"event_name":"Match and Keep!","floor":37,"gold_loss":0,"cards_obtained":["Finesse"]},{"damage_healed":0,"gold_gain":0,"player_choice":"Fight","damage_taken":0,"max_hp_gain":0,"max_hp_loss":0,"event_name":"MindBloom","floor":45,"gold_loss":0}],"is_beta":false,"boss_relics":[{"not_picked":["Pandora\u0027s Box","Black Star"],"picked":"Orrery"},{"not_picked":["White Beast Statue","Calling Bell"],"picked":"Busted Crown"}],"items_purged_floors":[19,47],"is_endless":false,"potions_floor_spawned":[2,6,12,18,20,21,33,39,42,46,48],"ascension_level":8}