{"gold_per_floor":[112,112,58,73,18,18,51,51,51,87,112,136,151,191,191,191],"floor_reached":16,"playtime":719,"items_purged":[],"score":228,"play_id":"8bb20d71-d7a8-4fdd-8026-8264bd19a326","local_time":"20190726134916","is_ascension_mode":true,"campfire_choices":[{"data":"Bludgeon","floor":6,"key":"SMITH"},{"floor":8,"key":"REST"},{"floor":15,"key":"REST"}],"neow_cost":"CURSE","seed_source_timestamp":1185965006563336,"circlet_count":0,"master_deck":["AscendersBane","Strike_R","Strike_R","Strike_R","Strike_R","Strike_R","Defend_R+1","Defend_R+1","Defend_R","Defend_R","Bash","Normality","Bludgeon+1","Perfected Strike","Thunderclap","Clothesline","Inflame","Twin Strike","Twin Strike","Iron Wave","Bludgeon"],"relics":["Burning Blood","Golden Idol","War Paint","Turnip","Question Card","FossilizedHelix","Peace Pipe"],"potions_floor_usage":[13],"damage_taken":[{"damage":8,"enemies":"2 Louse","floor":1,"turns":4},{"damage":7,"enemies":"Jaw Worm","floor":4,"turns":3},{"damage":29,"enemies":"3 Sentries","floor":7,"turns":7},{"damage":24,"enemies":"Gremlin Nob","floor":10,"turns":4},{"damage":0,"enemies":"Cultist","floor":11,"turns":2},{"damage":10,"enemies":"Gremlin Gang","floor":12,"turns":5},{"damage":9,"enemies":"Exordium Thugs","floor":13,"turns":5},{"damage":10,"enemies":"Lagavulin","floor":14,"turns":5},{"damage":38,"enemies":"The Guardian","floor":16,"turns":11}],"seed_played":"-1320409995554900754","potions_obtained":[{"floor":11,"key":"Block Potion"},{"floor":12,"key":"EssenceOfSteel"},{"floor":13,"key":"LiquidBronze"}],"is_trial":false,"path_per_floor":["M","?","?","M","$","R","E","R","T","E","M","M","M","E","R","B"],"character_chosen":"IRONCLAD","items_purchased":["Clothesline"],"campfire_rested":2,"item_purchase_floors":[5],"current_hp_per_floor":[66,40,40,39,39,39,16,38,38,20,26,22,19,15,37,0],"gold":191,"neow_bonus":"THREE_RARE_CARDS","is_prod":false,"is_daily":false,"chose_seed":false,"campfire_upgraded":1,"win_rate":0,"timestamp":1564163356,"path_taken":["M","?","?","M","$","R","E","R","T","E","M","M","?","E","R","BOSS"],"build_version":"2019-07-17","purchased_purges":0,"victory":false,"max_hp_per_floor":[75,75,75,75,75,75,75,75,75,75,75,75,75,75,75,75],"card_choices":[{"not_picked":["Impervious","Double Tap"],"picked":"Bludgeon","floor":0},{"not_picked":["Body Slam","Carnage"],"picked":"Perfected Strike","floor":1},{"not_picked":["Whirlwind","Power Through"],"picked":"Thunderclap","floor":4},{"not_picked":["Rage","Anger","Combust"],"picked":"SKIP","floor":7},{"not_picked":["Iron Wave","Combust","True Grit"],"picked":"Inflame","floor":10},{"not_picked":["Dark Embrace","Anger","Body Slam"],"picked":"Twin Strike","floor":11},{"not_picked":["Heavy Blade","True Grit","Wild Strike"],"picked":"Twin Strike","floor":12},{"not_picked":["Bloodletting","Armaments","Evolve"],"picked":"Iron Wave","floor":13},{"not_picked":["Thunderclap","Combust","Heavy Blade"],"picked":"Bludgeon","floor":14}],"player_experience":946067,"relics_obtained":[{"floor":7,"key":"Turnip"},{"floor":9,"key":"Question Card"},{"floor":10,"key":"FossilizedHelix"},{"floor":14,"key":"Peace Pipe"}],"event_choices":[{"damage_healed":0,"gold_gain":0,"player_choice":"Take Damage","damage_taken":26,"relics_obtained":["Golden Idol"],"max_hp_gain":0,"max_hp_loss":0,"event_name":"Golden Idol","floor":2,"gold_loss":0},{"damage_healed":0,"gold_gain":0,"player_choice":"Paid Gold","damage_taken":0,"relics_obtained":["War Paint"],"max_hp_gain":0,"max_hp_loss":0,"event_name":"WeMeetAgain","floor":3,"gold_loss":54}],"is_beta":false,"boss_relics":[],"items_purged_floors":[],"is_endless":false,"potions_floor_spawned":[11,12,13,14],"killed_by":"The Guardian","ascension_level":18}