{"gold_per_floor":[113,113,38,38,16,16,16,44,95,129,185,185,239,256,256,361,361,378,35,46,46,64,64,64],"floor_reached":24,"playtime":588,"items_purged":["Strike_B","Strike_B"],"score":275,"play_id":"2cc78c3f-4800-4a8b-b1ac-228c907e0a49","local_time":"20190820232513","is_ascension_mode":true,"campfire_choices":[{"data":"Gash","floor":6,"key":"SMITH"},{"data":"Gash","floor":12,"key":"SMITH"},{"data":"Gash","floor":15,"key":"SMITH"},{"data":"Glacier","floor":23,"key":"SMITH"}],"neow_cost":"NONE","seed_source_timestamp":460824129249100,"circlet_count":0,"master_deck":["Strike_B","Strike_B","Defend_B+1","Defend_B+1","Defend_B","Defend_B+1","Zap+1","Dualcast+1","Gash+1","Gash+1","Gash+1","Echo Form","Glacier+1"],"relics":["Cracked Core","NeowsBlessing","Art of War","Ancient Tea Set","War Paint","Boot","PreservedInsect","Tiny Chest","Velvet Choker","Shuriken"],"potions_floor_usage":[11,20],"damage_taken":[{"damage":0,"enemies":"Jaw Worm","floor":1,"turns":1},{"damage":0,"enemies":"3 Sentries","floor":8,"turns":1},{"damage":0,"enemies":"Gremlin Nob","floor":10,"turns":1},{"damage":14,"enemies":"Gremlin Nob","floor":11,"turns":4},{"damage":0,"enemies":"Small Slimes","floor":14,"turns":3},{"damage":28,"enemies":"The Guardian","floor":16,"turns":8},{"damage":13,"enemies":"Spheric Guardian","floor":18,"turns":4},{"damage":28,"enemies":"2 Thieves","floor":20,"turns":3},{"damage":11,"enemies":"Shelled Parasite and Fungi","floor":22,"turns":4},{"damage":26,"enemies":"Gremlin Leader","floor":24,"turns":2}],"seed_played":"8315437291783363248","potions_obtained":[{"floor":8,"key":"Weak Potion"},{"floor":11,"key":"SpeedPotion"},{"floor":14,"key":"Ancient Potion"},{"floor":18,"key":"AttackPotion"}],"is_trial":false,"path_per_floor":["M","?","$","?","$","R","?","E","T","E","?","R","T","M","R","B",null,"M","$","M","$","M","R","E"],"character_chosen":"DEFECT","items_purchased":["Gash","Shuriken"],"campfire_rested":0,"item_purchase_floors":[5,19],"current_hp_per_floor":[75,63,63,63,63,63,48,48,48,48,34,34,34,34,34,6,75,62,62,34,34,23,23,0],"gold":64,"neow_bonus":"THREE_ENEMY_KILL","is_prod":false,"is_daily":false,"chose_seed":false,"campfire_upgraded":4,"win_rate":0,"timestamp":1566307513,"path_taken":["M","?","$","?","$","R","?","E","T","E","?","R","?","M","R","BOSS","M","$","M","$","?","R","E"],"build_version":"2019-07-17","purchased_purges":2,"victory":false,"max_hp_per_floor":[75,75,75,75,75,75,75,75,75,75,75,75,75,75,75,75,75,75,75,75,75,75,75,75],"card_choices":[{"not_picked":["Cold Snap","Leap","Genetic Algorithm"],"picked":"SKIP","floor":1},{"not_picked":["Loop","Barrage","Machine Learning"],"picked":"SKIP","floor":8},{"not_picked":["Stack","Turbo"],"picked":"Gash","floor":10},{"not_picked":["Aggregate","Force Field"],"picked":"Gash","floor":14},{"not_picked":["Machine Learning","Rainbow"],"picked":"Echo Form","floor":16},{"not_picked":["Steam","Turbo","Lockon+1"],"picked":"SKIP","floor":18},{"not_picked":["Rip and Tear","Static Discharge+1","Fusion"],"picked":"SKIP","floor":20},{"not_picked":["Sweeping Beam+1","Double Energy+1"],"picked":"Glacier","floor":22}],"player_experience":76163,"relics_obtained":[{"floor":8,"key":"Ancient Tea Set"},{"floor":9,"key":"War Paint"},{"floor":10,"key":"Boot"},{"floor":11,"key":"PreservedInsect"},{"floor":13,"key":"Tiny Chest"}],"event_choices":[{"damage_healed":0,"gold_gain":0,"player_choice":"Success","damage_taken":12,"relics_obtained":["Art of War"],"max_hp_gain":0,"max_hp_loss":0,"event_name":"Scrap Ooze","floor":2,"gold_loss":0},{"damage_healed":0,"gold_gain":0,"player_choice":"Grow","damage_taken":0,"max_hp_gain":0,"max_hp_loss":0,"event_name":"Living Wall","floor":4,"gold_loss":0,"cards_upgraded":["Zap"]},{"damage_healed":0,"gold_gain":0,"player_choice":"Entered Light","damage_taken":15,"max_hp_gain":0,"max_hp_loss":0,"event_name":"Shining Light","floor":7,"gold_loss":0,"cards_upgraded":["Defend_B","Defend_B"]},{"damage_healed":0,"gold_gain":0,"player_choice":"Searched \u00271\u0027 times","damage_taken":0,"max_hp_gain":0,"max_hp_loss":0,"event_name":"Dead Adventurer","floor":11,"gold_loss":0}],"is_beta":false,"boss_relics":[{"not_picked":["Ectoplasm","Philosopher\u0027s Stone"],"picked":"Velvet Choker"}],"items_purged_floors":[3,19],"is_endless":false,"potions_floor_spawned":[8,11,14,18],"killed_by":"Gremlin Leader","ascension_level":2}