{"gold_per_floor":[114,114,125,13,23,23,55,55,55,66,66,91,62,62,62,160,160,160,176,190,190,203,229,259,259,283,302,302,10,25,35,35,35],"floor_reached":33,"playtime":4859,"items_purged":["Strike_G","Strike_G"],"score":332,"play_id":"cac6da4e-042a-4c07-9d4c-1258781a7ad6","local_time":"20181020000150","is_ascension_mode":true,"campfire_choices":[{"data":"Neutralize","floor":6,"key":"SMITH"},{"floor":8,"key":"REST"},{"floor":15,"key":"REST"},{"floor":25,"key":"REST"},{"floor":28,"key":"REST"},{"floor":32,"key":"REST"}],"neow_cost":"NONE","seed_source_timestamp":788329752319000,"circlet_count":0,"master_deck":["Defend_G","Defend_G","Strike_G","Survivor","Neutralize+1","Blur","Terror","Backstab","Backflip","Dagger Spray","Calculated Gamble","Deflect","Heel Hook+1","Sucker Punch+1","Secret Weapon","Footwork","Well Laid Plans"],"relics":["Ring of the Snake","NeowsBlessing","Bottled Flame","Mercury Hourglass","Centennial Puzzle","Bag of Preparation","Empty Cage","Dream Catcher","Red Mask","Lantern"],"potions_floor_usage":[18,33,33],"damage_taken":[{"damage":0,"enemies":"Jaw Worm","floor":1,"turns":1},{"damage":0,"enemies":"Small Slimes","floor":3,"turns":1},{"damage":0,"enemies":"2 Louse","floor":5,"turns":1},{"damage":29,"enemies":"3 Sentries","floor":7,"turns":15},{"damage":20,"enemies":"Exordium Thugs","floor":10,"turns":4},{"damage":7,"enemies":"Gremlin Nob","floor":12,"turns":3},{"damage":7,"enemies":"The Guardian","floor":16,"turns":15},{"damage":1,"enemies":"Spheric Guardian","floor":18,"turns":3},{"damage":0,"enemies":"3 Byrds","floor":19,"turns":4},{"damage":33,"enemies":"3 Cultists","floor":20,"turns":6},{"damage":0,"enemies":"Centurion and Healer","floor":22,"turns":11},{"damage":12,"enemies":"Gremlin Leader","floor":23,"turns":7},{"damage":6,"enemies":"Masked Bandits","floor":24,"turns":4},{"damage":0,"enemies":"Chosen and Byrds","floor":27,"turns":4},{"damage":16,"enemies":"Sentry and Sphere","floor":30,"turns":6},{"damage":0,"enemies":"Centurion and Healer","floor":31,"turns":6},{"damage":65,"enemies":"Champ","floor":33,"turns":15}],"seed_played":"-8937558750702654294","potions_obtained":[{"floor":1,"key":"Weak Potion"},{"floor":3,"key":"SmokeBomb"},{"floor":27,"key":"FearPotion"},{"floor":30,"key":"Ancient Potion"}],"is_trial":false,"path_per_floor":["M","?","M","$","M","R","E","R","T","M","T","E","?","?","R","B",null,"M","M","M","?","M","E","?","R","T","M","R","$","M","M","R"],"character_chosen":"THE_SILENT","items_purchased":["Backstab","Secret Weapon"],"campfire_rested":5,"item_purchase_floors":[4,29],"current_hp_per_floor":[70,63,63,63,63,63,34,55,55,35,35,28,28,28,49,42,70,69,69,36,36,36,24,18,39,39,39,60,60,44,44,65,0],"gold":35,"neow_bonus":"THREE_ENEMY_KILL","is_prod":false,"is_daily":false,"chose_seed":false,"campfire_upgraded":1,"win_rate":0,"timestamp":1539964910,"path_taken":["M","?","?","$","M","R","E","R","T","M","?","E","?","?","R","BOSS","M","M","M","?","?","E","?","R","T","M","R","$","M","M","R","BOSS"],"build_version":"2018-10-18","purchased_purges":2,"victory":false,"max_hp_per_floor":[70,70,70,70,70,70,70,70,70,70,70,70,70,70,70,70,70,70,70,70,70,70,70,70,70,70,70,70,70,70,70,70,70],"card_choices":[{"not_picked":["Calculated Gamble","Dagger Spray"],"picked":"Blur","floor":1},{"not_picked":["Cloak And Dagger","Underhanded Strike"],"picked":"Terror","floor":3},{"not_picked":["Setup","Outmaneuver"],"picked":"Backflip","floor":5},{"not_picked":["Poisoned Stab","Dodge and Roll"],"picked":"Dagger Spray","floor":7},{"not_picked":["Bane","Poisoned Stab","Dagger Spray"],"picked":"SKIP","floor":10},{"not_picked":["Flying Knee","Finisher"],"picked":"Calculated Gamble","floor":12},{"not_picked":["Outmaneuver+1","Acrobatics"],"picked":"Deflect","floor":19},{"not_picked":["Reflex","Caltrops","Acrobatics+1"],"picked":"SKIP","floor":20},{"not_picked":["Leg Sweep","Expertise"],"picked":"Heel Hook+1","floor":22},{"not_picked":["Flying Knee","Backflip"],"picked":"Sucker Punch+1","floor":23},{"not_picked":["Bane","Predator+1","Backflip"],"picked":"SKIP","floor":27},{"not_picked":["Bane","Acrobatics"],"picked":"Footwork","floor":30},{"not_picked":["Accuracy+1","All Out Attack+1","Acrobatics+1"],"picked":"SKIP","floor":31},{"not_picked":["Acrobatics+1","Bane"],"picked":"Well Laid Plans","floor":32}],"player_experience":437219,"relics_obtained":[{"floor":7,"key":"Bottled Flame"},{"floor":9,"key":"Mercury Hourglass"},{"floor":11,"key":"Centennial Puzzle"},{"floor":12,"key":"Bag of Preparation"},{"floor":23,"key":"Dream Catcher"},{"floor":24,"key":"Red Mask"},{"floor":26,"key":"Lantern"}],"event_choices":[{"cards_removed":["Defend_G"],"damage_healed":0,"gold_gain":0,"player_choice":"Card Removal","damage_taken":7,"max_hp_gain":0,"max_hp_loss":0,"event_name":"Golden Wing","floor":2,"gold_loss":0},{"damage_healed":0,"gold_gain":0,"player_choice":"Left Gold","damage_taken":0,"max_hp_gain":0,"max_hp_loss":0,"event_name":"World of Goop","floor":13,"gold_loss":29},{"cards_removed":["Defend_G"],"damage_healed":0,"gold_gain":0,"player_choice":"Forget","damage_taken":0,"max_hp_gain":0,"max_hp_loss":0,"event_name":"Living Wall","floor":14,"gold_loss":0},{"cards_removed":["Strike_G"],"damage_healed":0,"gold_gain":0,"player_choice":"Elegance","damage_taken":0,"max_hp_gain":0,"max_hp_loss":0,"event_name":"Back to Basics","floor":21,"gold_loss":0},{"damage_healed":0,"gold_gain":0,"player_choice":"Fought Bandits","damage_taken":0,"max_hp_gain":0,"max_hp_loss":0,"event_name":"Masked Bandits","floor":24,"gold_loss":0}],"is_beta":false,"boss_relics":[{"not_picked":["Busted Crown","Fusion Hammer"],"picked":"Empty Cage"}],"items_purged_floors":[4,29],"is_endless":false,"potions_floor_spawned":[1,3,18,27,30],"killed_by":"Champ","ascension_level":4}