{"gold_per_floor":[114,189,201,201,221,221,231,231,283,283,283,122,150,161,161,260,260,271,271,74,74,74,74,151,170,170,198,198,209,223,258,258,363,363,383,383,393,405,114,114,22,36,63,75,108,26,37,71,71,71],"floor_reached":50,"playtime":4226,"items_purged":["Strike_R","Bash"],"score":702,"play_id":"9ad4f82a-9e81-4f05-b299-261aab70a302","local_time":"20190727095127","is_ascension_mode":true,"campfire_choices":[{"data":"Inflame","floor":6.0,"key":"SMITH"},{"data":"Inflame","floor":8.0,"key":"SMITH"},{"data":"Anger","floor":10.0,"key":"SMITH"},{"floor":15.0,"key":"REST"},{"floor":23.0,"key":"REST"},{"floor":28.0,"key":"REST"},{"floor":32.0,"key":"REST"},{"floor":40.0,"key":"REST"},{"floor":49.0,"key":"REST"}],"neow_cost":"NONE","seed_source_timestamp":1185063861237,"circlet_count":0,"master_deck":["Strike_R+1","Strike_R+1","Strike_R+1","Strike_R+1","Defend_R+1","Defend_R+1","Defend_R+1","Defend_R+1","Anger+1","Inflame+1","Inflame+1","Flex","Rage","Impervious","Battle Trance","Barricade","Clash+1","Pommel Strike","Magnetism","Anger+1","Anger+1","Anger+1","Spot Weakness+1","Clash+1","Juggernaut","Headbutt+1","Double Tap","Impervious","Inflame+1","Shrug It Off+1","Flex+1","Warcry+1","Headbutt+1","Magnetism","Inflame","Flex","Parasite","Juggernaut","Body Slam+1","Body Slam+1","Barricade","Ghostly Armor","Clash+1","Seeing Red+1"],"special_seed":0,"relics":["Burning Blood","FaceOfCleric","Bag of Preparation","PreservedInsect","Prayer Wheel","Sozu","MutagenicStrength","Molten Egg 2","Ginger","Bronze Scales","Fusion Hammer","Anchor","Whetstone","Orichalcum"],"potions_floor_usage":[50,50],"damage_taken":[{"damage":3.0,"enemies":"Jaw Worm","floor":1.0,"turns":6.0},{"damage":1.0,"enemies":"Small Slimes","floor":3.0,"turns":3.0},{"damage":0.0,"enemies":"Cultist","floor":5.0,"turns":3.0},{"damage":6.0,"enemies":"3 Louse","floor":7.0,"turns":5.0},{"damage":37.0,"enemies":"Lagavulin","floor":13.0,"turns":6.0},{"damage":5.0,"enemies":"Looter","floor":14.0,"turns":4.0},{"damage":11.0,"enemies":"Slime Boss","floor":16.0,"turns":10.0},{"damage":46.0,"enemies":"Shell Parasite","floor":18.0,"turns":6.0},{"damage":25.0,"enemies":"3 Byrds","floor":25.0,"turns":6.0},{"damage":16.0,"enemies":"Slavers","floor":27.0,"turns":4.0},{"damage":22.0,"enemies":"3 Cultists","floor":29.0,"turns":5.0},{"damage":5.0,"enemies":"Snake Plant","floor":30.0,"turns":3.0},{"damage":15.0,"enemies":"Centurion and Healer","floor":31.0,"turns":3.0},{"damage":63.0,"enemies":"Collector","floor":33.0,"turns":6.0},{"damage":12.0,"enemies":"3 Shapes","floor":35.0,"turns":7.0},{"damage":31.0,"enemies":"3 Darklings","floor":37.0,"turns":5.0},{"damage":21.0,"enemies":"Sphere and 2 Shapes","floor":38.0,"turns":5.0},{"damage":1.0,"enemies":"Writhing Mass","floor":42.0,"turns":4.0},{"damage":0.0,"enemies":"3 Darklings","floor":44.0,"turns":4.0},{"damage":0.0,"enemies":"Nemesis","floor":45.0,"turns":5.0},{"damage":41.0,"enemies":"Transient","floor":47.0,"turns":5.0},{"damage":49.0,"enemies":"Giant Head","floor":48.0,"turns":7.0},{"damage":74,"enemies":"Awakened One","floor":50,"turns":5}],"seed_played":"-7915031680892747201","potions_obtained":[{"floor":1.0,"key":"Dexterity Potion"},{"floor":5.0,"key":"Regen Potion"},{"floor":7.0,"key":"Explosive Potion"},{"floor":16.0,"key":"SkillPotion"}],"is_trial":false,"path_per_floor":["M","?","M","?","M","R","M","R","T","R","?","$","E","M","R","B",null,"M","?","$","?","?","R","T","M","T","E","R","M","M","M","R","B",null,"M","?","M","M","$","R","$","M","T","M","E","$","M","E","R","B"],"character_chosen":"IRONCLAD","items_purchased":["Flex","Rage","Magnetism","Magnetism","Inflame","Flex","Ghostly Armor"],"campfire_rested":6,"item_purchase_floors":[12,12,20,39,41,41,46],"current_hp_per_floor":[88,77,82,82,89,89,90,90,90,90,90,90,60,62,89,85,93,54,54,54,54,54,82,82,64,64,55,83,68,70,62,91,35,100,95,95,71,57,57,87,87,93,93,100,106,106,72,42,74,0],"gold":71,"neow_bonus":"TEN_PERCENT_HP_BONUS","is_prod":false,"is_daily":false,"chose_seed":false,"campfire_upgraded":3,"win_rate":0,"timestamp":1564213887,"path_taken":["M","?","M","?","M","R","?","R","T","R","?","$","E","M","R","BOSS","M","?","$","?","?","R","?","M","T","E","R","M","M","M","R","BOSS","M","?","M","M","$","R","$","M","T","M","E","$","?","E","R","BOSS"],"build_version":"2019-07-17","purchased_purges":2,"victory":false,"max_hp_per_floor":[88,88,88,88,89,89,90,90,90,90,90,90,91,92,92,93,93,94,94,94,94,94,94,94,95,95,96,96,97,98,99,99,100,100,101,101,102,103,103,103,103,104,104,105,106,106,107,108,108,108],"card_choices":[{"not_picked":["Reckless Charge","Clash"],"picked":"Anger","floor":1.0},{"not_picked":["Havoc","Sword Boomerang","Shrug It Off"],"picked":"SKIP","floor":3.0},{"not_picked":["Flex","Rampage"],"picked":"Inflame","floor":5.0},{"not_picked":["Warcry","Armaments"],"picked":"Inflame","floor":7.0},{"not_picked":["Body Slam","Rampage"],"picked":"Impervious","floor":13.0},{"not_picked":["Perfected Strike","Shockwave"],"picked":"Battle Trance","floor":14.0},{"not_picked":["Havoc","Body Slam","Iron Wave"],"picked":"SKIP","floor":14.0},{"not_picked":["Impervious","Reaper"],"picked":"Barricade","floor":16.0},{"not_picked":["True Grit","Flame Barrier"],"picked":"Clash","floor":18.0},{"not_picked":["True Grit","Combust"],"picked":"Pommel Strike","floor":18.0},{"not_picked":["Rampage+1","True Grit"],"picked":"Anger+1","floor":25.0},{"not_picked":["Clothesline+1","Seeing Red"],"picked":"Anger+1","floor":25.0},{"not_picked":["Sentinel","Cleave+1","Flame Barrier+1"],"picked":"SKIP","floor":27.0},{"not_picked":["True Grit","Armaments"],"picked":"Spot Weakness+1","floor":29.0},{"not_picked":["Twin Strike+1","Shrug It Off","Cleave+1"],"picked":"SKIP","floor":29.0},{"not_picked":["Warcry","Armaments"],"picked":"Clash+1","floor":30.0},{"not_picked":["Thunderclap+1","Shrug It Off"],"picked":"Juggernaut","floor":30.0},{"not_picked":["Armaments","Pummel+1"],"picked":"Headbutt+1","floor":31.0},{"not_picked":["Pommel Strike+1","Warcry"],"picked":"Double Tap","floor":31.0},{"not_picked":["Fiend Fire+1","Demon Form"],"picked":"Impervious","floor":33.0},{"not_picked":["Wild Strike+1","Rampage+1"],"picked":"Inflame+1","floor":35.0},{"not_picked":["Uppercut+1","Armaments"],"picked":"Shrug It Off+1","floor":35.0},{"not_picked":["Armaments+1","Twin Strike+1"],"picked":"Flex+1","floor":37.0},{"not_picked":["Wild Strike+1","Sever Soul+1","Shrug It Off"],"picked":"SKIP","floor":37.0},{"not_picked":["Sword Boomerang+1","Armaments+1"],"picked":"Warcry+1","floor":38.0},{"not_picked":["Thunderclap+1","Clothesline+1"],"picked":"Headbutt+1","floor":38.0},{"not_picked":["Havoc","Iron Wave+1"],"picked":"Juggernaut","floor":42.0},{"not_picked":["True Grit","Evolve"],"picked":"Body Slam+1","floor":42.0},{"not_picked":["Double Tap","Headbutt+1"],"picked":"Body Slam+1","floor":44.0},{"not_picked":["Shrug It Off+1","Sword Boomerang+1","Dual Wield"],"picked":"SKIP","floor":44.0},{"not_picked":["Armaments+1","Hemokinesis+1"],"picked":"Barricade","floor":45.0},{"not_picked":["Thunderclap+1","Offering"],"picked":"Clash+1","floor":47.0},{"not_picked":["Clothesline+1","Entrench"],"picked":"Seeing Red+1","floor":47.0},{"not_picked":["Bloodletting","Corruption","Clothesline+1"],"picked":"SKIP","floor":48.0}],"player_experience":236843,"relics_obtained":[{"floor":9.0,"key":"Bag of Preparation"},{"floor":13.0,"key":"Prayer Wheel"},{"floor":24.0,"key":"Molten Egg 2"},{"floor":26.0,"key":"Ginger"},{"floor":27.0,"key":"Bronze Scales"},{"floor":43.0,"key":"Anchor"},{"floor":45.0,"key":"Whetstone"},{"floor":48.0,"key":"Orichalcum"}],"event_choices":[{"damage_healed":0.0,"max_hp_gain":0.0,"max_hp_loss":0.0,"gold_gain":75.0,"event_name":"World of Goop","player_choice":"Gather Gold","floor":2.0,"gold_loss":0.0,"damage_taken":11.0},{"damage_healed":0.0,"max_hp_gain":0.0,"max_hp_loss":0.0,"gold_gain":0.0,"event_name":"FaceTrader","player_choice":"Trade","floor":4.0,"gold_loss":0.0,"damage_taken":0.0,"relics_obtained":["FaceOfCleric"]},{"damage_healed":0.0,"max_hp_gain":0.0,"max_hp_loss":0.0,"gold_gain":0.0,"event_name":"Big Fish","player_choice":"Box","floor":11.0,"gold_loss":0.0,"damage_taken":0.0,"relics_obtained":["PreservedInsect"],"cards_obtained":["Regret"]},{"damage_healed":0.0,"max_hp_gain":0.0,"max_hp_loss":0.0,"gold_gain":0.0,"event_name":"Drug Dealer","player_choice":"Inject Mutagens","floor":19.0,"gold_loss":0.0,"damage_taken":0.0,"relics_obtained":["MutagenicStrength"]},{"damage_healed":0.0,"max_hp_gain":0.0,"max_hp_loss":0.0,"gold_gain":0.0,"event_name":"The Library","player_choice":"Read","floor":21.0,"gold_loss":0.0,"damage_taken":0.0,"cards_obtained":["Anger"]},{"damage_healed":0.0,"max_hp_gain":0.0,"max_hp_loss":0.0,"gold_gain":0.0,"event_name":"Back to Basics","player_choice":"Simplicity","floor":22.0,"gold_loss":0.0,"damage_taken":0.0,"cards_upgraded":["Strike_R","Strike_R","Strike_R","Strike_R","Defend_R","Defend_R","Defend_R","Defend_R"]},{"cards_removed":["Regret"],"damage_healed":0.0,"max_hp_gain":0.0,"max_hp_loss":0.0,"gold_gain":0.0,"event_name":"Purifier","player_choice":"Purged","floor":36.0,"gold_loss":0.0,"damage_taken":0.0}],"is_beta":false,"boss_relics":[{"not_picked":["Tiny House","Snecko Eye"],"picked":"Sozu"},{"not_picked":["Runic Dome","Astrolabe"],"picked":"Fusion Hammer"}],"items_purged_floors":[12,39],"is_endless":false,"potions_floor_spawned":[1,5,7,16,27,33,37,47],"killed_by":"Awakened One","ascension_level":2}