{"gold_per_floor":[117,12,12,12,26,26,43,57,57,70,70,86,98,109,109,109],"floor_reached":16,"playtime":1859,"items_purged":[],"score":96,"play_id":"71d6121b-5122-4733-9785-71aa40818fa1","local_time":"20190710082626","is_ascension_mode":false,"campfire_choices":[{"data":"After Image","floor":6,"key":"SMITH"},{"floor":11,"key":"REST"},{"floor":15,"key":"REST"}],"neow_cost":"NONE","seed_source_timestamp":5942208568385,"circlet_count":0,"master_deck":["Strike_G","Strike_G","Strike_G","Strike_G","Defend_G","Defend_G","Defend_G","Defend_G","Defend_G","Survivor","Neutralize","Glass Knife","Deflect","Crippling Poison","Caltrops","After Image+1","Blur","Distraction","Dash","Poisoned Stab","Escape Plan","Flechettes","Acrobatics","Calculated Gamble","Backflip"],"relics":["Ring of the Snake","Dream Catcher"],"potions_floor_usage":[],"damage_taken":[{"damage":0,"enemies":"Cultist","floor":1,"turns":4},{"damage":6,"enemies":"Jaw Worm","floor":5,"turns":4},{"damage":0,"enemies":"Small Slimes","floor":7,"turns":4},{"damage":0,"enemies":"3 Louse","floor":8,"turns":5},{"damage":0,"enemies":"Looter","floor":10,"turns":3},{"damage":8,"enemies":"Red Slaver","floor":12,"turns":4},{"damage":4,"enemies":"Blue Slaver","floor":13,"turns":5},{"damage":3,"enemies":"Exordium Wildlife","floor":14,"turns":4},{"damage":70,"enemies":"Slime Boss","floor":16,"turns":20}],"seed_played":"-4527123445260140495","potions_obtained":[{"floor":7,"key":"SpeedPotion"},{"floor":8,"key":"Block Potion"},{"floor":12,"key":"GhostInAJar"},{"floor":14,"key":"PowerPotion"}],"is_trial":false,"path_per_floor":["M","$","$","?","M","R","M","M","T","M","R","M","M","M","R","B"],"character_chosen":"THE_SILENT","items_purchased":["Crippling Poison","Caltrops"],"campfire_rested":2,"item_purchase_floors":[2,2],"current_hp_per_floor":[70,70,70,70,64,64,64,64,64,64,70,62,58,55,70,0],"gold":109,"neow_bonus":"ONE_RANDOM_RARE_CARD","is_prod":false,"is_daily":false,"chose_seed":false,"campfire_upgraded":1,"win_rate":0.0,"timestamp":1562739986,"path_taken":["M","?","$","?","M","R","M","M","T","?","R","M","M","M","R","BOSS"],"build_version":"2019-07-05","purchased_purges":0,"victory":false,"max_hp_per_floor":[70,70,70,70,70,70,70,70,70,70,70,70,70,70,70,70],"card_choices":[{"not_picked":["PiercingWail","Predator"],"picked":"Deflect","floor":1},{"not_picked":["Escape Plan","Quick Slash"],"picked":"Blur","floor":5},{"not_picked":["Terror","Acrobatics"],"picked":"Distraction","floor":7},{"not_picked":["Underhanded Strike","Dodge and Roll"],"picked":"Dash","floor":8},{"not_picked":["Expertise","Reflex"],"picked":"Poisoned Stab","floor":10},{"not_picked":["Blade Dance","Tactician"],"picked":"Escape Plan","floor":11},{"not_picked":["Predator","Riddle With Holes"],"picked":"Flechettes","floor":12},{"not_picked":["Dodge and Roll","Quick Slash"],"picked":"Acrobatics","floor":13},{"not_picked":["PiercingWail","Doppelganger"],"picked":"Calculated Gamble","floor":14},{"not_picked":["PiercingWail","Sucker Punch"],"picked":"Backflip","floor":15}],"player_experience":36458,"relics_obtained":[{"floor":9,"key":"Dream Catcher"}],"event_choices":[{"damage_healed":0,"gold_gain":0,"cards_transformed":["Strike_G"],"player_choice":"Transformed","damage_taken":0,"max_hp_gain":0,"max_hp_loss":0,"event_name":"Transmorgrifier","floor":4,"gold_loss":0,"cards_obtained":["After Image"]}],"is_beta":false,"boss_relics":[],"items_purged_floors":[],"is_endless":false,"potions_floor_spawned":[7,8,12,14],"killed_by":"Slime Boss","ascension_level":0}