{"gold_per_floor":[109,109,121,46,61,61,93,93,93,93,113,113,127,158,158,262,262,217,42,42,42,42,42,42,42,42,42,42,42,42,42,42,42,42,42,42,42,42,42,42,42,42,42,42,42,42,42,42,42,42],"floor_reached":50,"playtime":2436,"items_purged":["Strike_R","Strike_R"],"score":696,"play_id":"e6ca21d0-7ac0-468f-b5ab-4d59b59369b3","local_time":"20190114145646","is_ascension_mode":true,"campfire_choices":[{"data":"Bash","floor":6.0,"key":"SMITH"},{"floor":8.0,"key":"REST"},{"data":"1","floor":10.0,"key":"LIFT"},{"data":"2","floor":12.0,"key":"LIFT"},{"data":"3","floor":15.0,"key":"LIFT"},{"data":"Flame Barrier","floor":25.0,"key":"SMITH"},{"data":"Heavy Blade","floor":27.0,"key":"SMITH"},{"floor":32.0,"key":"REST"},{"data":"Armaments","floor":40.0,"key":"SMITH"},{"floor":49,"key":"REST"}],"neow_cost":"NONE","seed_source_timestamp":0,"circlet_count":0,"master_deck":["Bash+1","Clothesline+1","Clothesline","Heavy Blade","Barricade","Flame Barrier+1","Heavy Blade+1","Decay","Heavy Blade","Flame Barrier+1","Juggernaut","Spot Weakness","Berserk","Armaments+1","Shockwave","Cleave","Armaments+1","Perfected Strike"],"special_seed":0,"relics":["Snecko Eye","Champion Belt","Girya","Potion Belt","Ectoplasm","Blue Candle","Smiling Mask","Pandora\u0027s Box","Centennial Puzzle","FaceOfCleric"],"potions_floor_usage":[47,48,50],"damage_taken":[{"damage":7.0,"enemies":"Small Slimes","floor":1.0,"turns":3.0},{"damage":0.0,"enemies":"Cultist","floor":3.0,"turns":2.0},{"damage":4.0,"enemies":"Jaw Worm","floor":5.0,"turns":3.0},{"damage":35.0,"enemies":"3 Sentries","floor":7.0,"turns":8.0},{"damage":0.0,"enemies":"Red Slaver","floor":11.0,"turns":2.0},{"damage":2.0,"enemies":"Exordium Wildlife","floor":13.0,"turns":3.0},{"damage":10.0,"enemies":"Lagavulin","floor":14.0,"turns":5.0},{"damage":8.0,"enemies":"The Guardian","floor":16.0,"turns":5.0},{"damage":16.0,"enemies":"2 Thieves","floor":18.0,"turns":3.0},{"damage":0.0,"enemies":"Chosen","floor":20.0,"turns":3.0},{"damage":4.0,"enemies":"Snake Plant","floor":21.0,"turns":3.0},{"damage":7.0,"enemies":"Gremlin Leader","floor":23.0,"turns":5.0},{"damage":15.0,"enemies":"Sentry and Sphere","floor":24.0,"turns":4.0},{"damage":0.0,"enemies":"3 Cultists","floor":28.0,"turns":6.0},{"damage":7.0,"enemies":"Centurion and Healer","floor":29.0,"turns":3.0},{"damage":10.0,"enemies":"Snake Plant","floor":30.0,"turns":2.0},{"damage":25.0,"enemies":"Slavers","floor":31.0,"turns":6.0},{"damage":0.0,"enemies":"Champ","floor":33.0,"turns":7.0},{"damage":2.0,"enemies":"Orb Walker","floor":35.0,"turns":2.0},{"damage":17.0,"enemies":"3 Darklings","floor":36.0,"turns":3.0},{"damage":11.0,"enemies":"Maw","floor":37.0,"turns":5.0},{"damage":0.0,"enemies":"Sphere and 2 Shapes","floor":38.0,"turns":3.0},{"damage":5.0,"enemies":"3 Darklings","floor":41.0,"turns":5.0},{"damage":4.0,"enemies":"4 Shapes","floor":42.0,"turns":3.0},{"damage":1.0,"enemies":"Reptomancer","floor":45.0,"turns":3.0},{"damage":13,"enemies":"Writhing Mass","floor":47,"turns":3},{"damage":3,"enemies":"3 Darklings","floor":48,"turns":2},{"damage":50,"enemies":"Donu and Deca","floor":50,"turns":5}],"seed_played":"-1832109790219600614","potions_obtained":[{"floor":3.0,"key":"Regen Potion"},{"floor":7.0,"key":"Swift Potion"},{"floor":16.0,"key":"Dexterity Potion"},{"floor":20.0,"key":"Poison Potion"},{"floor":21.0,"key":"Weak Potion"},{"floor":28.0,"key":"LiquidBronze"},{"floor":30.0,"key":"AttackPotion"},{"floor":33.0,"key":"Fire Potion"},{"floor":37.0,"key":"SmokeBomb"},{"floor":41.0,"key":"LiquidBronze"},{"floor":47,"key":"Energy Potion"}],"is_trial":false,"path_per_floor":["M","?","M","$","M","R","E","R","T","R","M","R","M","E","R","B",null,"M","$","M","M","?","E","M","R","T","R","M","M","M","E","R","B",null,"M","M","M","M","?","R","M","M","T","?","E","?","M","M","R","B"],"character_chosen":"IRONCLAD","items_purchased":["Flame Barrier"],"campfire_rested":3,"item_purchase_floors":[19],"current_hp_per_floor":[73,73,73,73,69,69,34,58,58,58,58,58,56,46,46,38,80,64,64,64,60,60,53,38,38,38,38,53,46,36,11,35,35,80,78,61,50,50,50,50,45,41,41,41,40,40,28,26,50,0],"gold":42,"neow_bonus":"BOSS_RELIC","is_prod":false,"is_daily":false,"chose_seed":false,"campfire_upgraded":4,"win_rate":0,"timestamp":1547495806,"path_taken":["M","?","M","$","M","R","E","R","T","R","M","R","?","E","R","BOSS","M","$","M","M","?","E","M","R","T","R","M","M","?","E","R","BOSS","M","M","M","M","?","R","M","?","T","?","E","?","M","?","R","BOSS"],"build_version":"2019-01-10","purchased_purges":2,"victory":false,"max_hp_per_floor":[80,80,80,80,80,80,80,80,80,80,80,80,80,80,80,80,80,80,80,80,80,80,80,80,80,80,80,80,80,80,80,80,80,80,80,80,80,80,80,80,80,80,80,80,80,80,81,82,82,82],"card_choices":[{"not_picked":["True Grit","Heavy Blade"],"picked":"Clothesline","floor":1.0},{"not_picked":["Armaments","Warcry","Flex"],"picked":"SKIP","floor":3.0},{"not_picked":["Anger","Thunderclap","Warcry"],"picked":"SKIP","floor":5.0},{"not_picked":["Anger","Headbutt","Limit Break"],"picked":"SKIP","floor":7.0},{"not_picked":["Armaments","Body Slam","Power Through"],"picked":"SKIP","floor":11.0},{"not_picked":["Iron Wave","Pommel Strike"],"picked":"Clothesline","floor":13.0},{"not_picked":["Spot Weakness","Burning Pact"],"picked":"Heavy Blade","floor":14.0},{"not_picked":["Impervious","Offering"],"picked":"Barricade","floor":16.0},{"not_picked":["Wild Strike+1","Sever Soul","Iron Wave+1"],"picked":"SKIP","floor":18.0},{"not_picked":["Whirlwind","Thunderclap"],"picked":"Heavy Blade","floor":20.0},{"not_picked":["Sword Boomerang+1","Shrug It Off+1","Rampage"],"picked":"SKIP","floor":21.0},{"not_picked":["Berserk","Headbutt","Armaments"],"picked":"SKIP","floor":23.0},{"not_picked":["Flex","Rupture","Anger+1"],"picked":"SKIP","floor":24.0},{"not_picked":["Hemokinesis","Sword Boomerang"],"picked":"Heavy Blade","floor":28.0},{"not_picked":["Fire Breathing","Pummel+1","Twin Strike+1"],"picked":"SKIP","floor":29.0},{"not_picked":["Infernal Blade+1","Headbutt+1"],"picked":"Flame Barrier+1","floor":30.0},{"not_picked":["Dropkick+1","Fire Breathing+1","True Grit"],"picked":"SKIP","floor":31.0},{"not_picked":["Offering","Barricade"],"picked":"Juggernaut","floor":33.0},{"not_picked":["Clash+1","Twin Strike","Flex+1"],"picked":"SKIP","floor":35.0},{"not_picked":["Rupture+1","True Grit+1","Shrug It Off+1"],"picked":"SKIP","floor":36.0},{"not_picked":["Twin Strike","True Grit+1","Cleave"],"picked":"SKIP","floor":37.0},{"not_picked":["Havoc+1","Power Through","Rampage"],"picked":"SKIP","floor":38.0},{"not_picked":["Iron Wave","Inflame+1","Rage+1"],"picked":"SKIP","floor":41.0},{"not_picked":["Twin Strike","Rampage","Body Slam"],"picked":"SKIP","floor":42.0},{"not_picked":["Iron Wave","Armaments","Cleave"],"picked":"SKIP","floor":47},{"not_picked":["Corruption+1","Cleave+1","Warcry+1"],"picked":"SKIP","floor":48}],"player_experience":218680,"relics_obtained":[{"floor":7.0,"key":"Champion Belt"},{"floor":9.0,"key":"Girya"},{"floor":14.0,"key":"Potion Belt"},{"floor":23.0,"key":"Blue Candle"},{"floor":31.0,"key":"Smiling Mask"},{"floor":43.0,"key":"Centennial Puzzle"}],"event_choices":[{"damage_healed":0.0,"max_hp_gain":0.0,"max_hp_loss":0.0,"gold_gain":0.0,"event_name":"Upgrade Shrine","player_choice":"Upgraded","floor":2.0,"gold_loss":0.0,"damage_taken":0.0,"cards_upgraded":["Clothesline"]},{"damage_healed":0.0,"max_hp_gain":0.0,"max_hp_loss":0.0,"gold_gain":0.0,"event_name":"Wheel of Change","player_choice":"Cursed","floor":22.0,"gold_loss":0.0,"damage_taken":0.0,"cards_obtained":["Decay"]},{"damage_healed":0.0,"max_hp_gain":0.0,"max_hp_loss":0.0,"gold_gain":0.0,"event_name":"Upgrade Shrine","player_choice":"Upgraded","floor":39.0,"gold_loss":0.0,"damage_taken":0.0,"cards_upgraded":["Armaments"]},{"damage_healed":0.0,"max_hp_gain":0.0,"max_hp_loss":0.0,"gold_gain":0.0,"event_name":"SensoryStone","player_choice":"Memory 1","floor":44.0,"gold_loss":0.0,"damage_taken":0.0},{"damage_healed":0.0,"max_hp_gain":0.0,"max_hp_loss":0.0,"gold_gain":0.0,"event_name":"FaceTrader","player_choice":"Trade","floor":46.0,"gold_loss":0.0,"damage_taken":0.0,"relics_obtained":["FaceOfCleric"]}],"is_beta":false,"boss_relics":[{"not_picked":["Fusion Hammer","Eternal Feather"],"picked":"Ectoplasm"},{"not_picked":["White Beast Statue","Astrolabe"],"picked":"Pandora\u0027s Box"}],"items_purged_floors":[4,19],"is_endless":false,"potions_floor_spawned":[3,7,16,20,21,24,28,30,33,37,41,47],"killed_by":"Donu and Deca","ascension_level":4}