{"gold_per_floor":[115,125,44,54,18,18,30,58,58,72,135,155,190,190,190,313,313,331,331,355,5,5,5,30,30,99,123,138,138,138,138],"floor_reached":31,"playtime":2762,"items_purged":[],"score":297,"play_id":"54ae6944-993b-437a-80c0-8311473e2e06","local_time":"20190820172655","is_ascension_mode":true,"campfire_choices":[{"floor":6.0,"key":"REST"},{"floor":15.0,"key":"REST"},{"floor":23.0,"key":"RECALL"},{"floor":25.0,"key":"REST"},{"floor":29.0,"key":"REST"}],"neow_cost":"NONE","seed_source_timestamp":30231466058369,"circlet_count":0,"master_deck":["Strike_G","Strike_G","Strike_G","Strike_G","Strike_G","Defend_G","Defend_G","Defend_G","Defend_G","Survivor","Neutralize","Terror","Well Laid Plans","Noxious Fumes","Infinite Blades","Noxious Fumes","Blur","Infinite Blades","PiercingWail","Infinite Blades","Deadly Poison","Finisher","Corpse Explosion","Endless Agony","Dash","Deadly Poison","Blade Dance","Distraction","Catalyst+1","J.A.X.","Endless Agony","Noxious Fumes","Dash","All Out Attack","Choke+1","Backflip+1"],"special_seed":0,"relics":["Ring of the Snake","Omamori","Kunai","Dead Branch","Bronze Scales","Golden Idol","Orrery","Pantograph","Nilry\u0027s Codex"],"potions_floor_usage":[],"damage_taken":[{"damage":7.0,"enemies":"Cultist","floor":1.0,"turns":4.0},{"damage":0.0,"enemies":"2 Louse","floor":2.0,"turns":3.0},{"damage":7.0,"enemies":"Small Slimes","floor":4.0,"turns":6.0},{"damage":9.0,"enemies":"Looter","floor":7.0,"turns":4.0},{"damage":9.0,"enemies":"Lagavulin","floor":8.0,"turns":7.0},{"damage":3.0,"enemies":"2 Fungi Beasts","floor":10.0,"turns":4.0},{"damage":3.0,"enemies":"3 Sentries","floor":11.0,"turns":6.0},{"damage":4.0,"enemies":"3 Louse","floor":12.0,"turns":4.0},{"damage":16.0,"enemies":"Gremlin Nob","floor":13.0,"turns":4.0},{"damage":41.0,"enemies":"Slime Boss","floor":16.0,"turns":8.0},{"damage":7.0,"enemies":"Chosen","floor":18.0,"turns":3.0},{"damage":16.0,"enemies":"Shell Parasite","floor":20.0,"turns":3.0},{"damage":23.0,"enemies":"Centurion and Healer","floor":24.0,"turns":6.0},{"damage":20.0,"enemies":"Snecko","floor":27.0,"turns":5.0},{"damage":17.0,"enemies":"Snake Plant","floor":28.0,"turns":3.0},{"damage":14,"enemies":"Centurion and Healer","floor":31,"turns":1}],"seed_played":"5335304734648313238","potions_obtained":[{"floor":1.0,"key":"Block Potion"},{"floor":8.0,"key":"SpeedPotion"},{"floor":10.0,"key":"Dexterity Potion"},{"floor":13.0,"key":"Strength Potion"},{"floor":18.0,"key":"Weak Potion"},{"floor":24.0,"key":"Block Potion"}],"is_trial":false,"path_per_floor":["M","M","$","M","$","R","M","E","T","M","?","M","E","?","R","B",null,"M","?","M","$","?","R","M","R","T","M","M","R","?","M"],"character_chosen":"THE_SILENT","items_purchased":["Noxious Fumes","Noxious Fumes","Pantograph","Noxious Fumes","Dash"],"campfire_rested":4,"item_purchase_floors":[3,5,21,21,21],"current_hp_per_floor":[63,63,63,56,56,70,61,52,52,49,46,42,26,26,47,6,70,63,63,47,47,47,47,24,45,45,25,8,29,13,0],"gold":138,"neow_bonus":"REMOVE_CARD","is_prod":false,"is_daily":false,"chose_seed":false,"campfire_upgraded":0,"win_rate":0,"timestamp":1566314815,"path_taken":["M","M","$","M","?","R","M","E","T","M","?","M","E","?","R","BOSS","M","?","M","$","?","R","M","R","T","M","M","R","?","M"],"build_version":"2019-07-17","purchased_purges":0,"victory":false,"max_hp_per_floor":[70,70,70,70,70,70,70,70,70,70,70,70,70,70,70,70,70,70,70,70,70,70,70,70,70,70,70,70,70,70,70],"card_choices":[{"not_picked":["Crippling Poison","Bouncing Flask"],"picked":"Terror","floor":1.0},{"not_picked":["Eviscerate","Blade Dance"],"picked":"Well Laid Plans","floor":2.0},{"not_picked":["All Out Attack","Deadly Poison"],"picked":"Infinite Blades","floor":4.0},{"not_picked":["Bane","Prepared"],"picked":"Blur","floor":7.0},{"not_picked":["Adrenaline","Dodge and Roll"],"picked":"Infinite Blades","floor":8.0},{"not_picked":["Flying Knee","Prepared"],"picked":"PiercingWail","floor":10.0},{"not_picked":["Eviscerate","Dagger Throw"],"picked":"Infinite Blades","floor":11.0},{"not_picked":["Poisoned Stab","Slice"],"picked":"Deadly Poison","floor":12.0},{"not_picked":["Poisoned Stab","Die Die Die"],"picked":"Finisher","floor":13.0},{"not_picked":["Storm of Steel","Tools of the Trade"],"picked":"Corpse Explosion","floor":16.0},{"not_picked":["Acrobatics","Slice"],"picked":"Endless Agony","floor":17.0},{"not_picked":["Sucker Punch","Backstab"],"picked":"Dash","floor":17.0},{"not_picked":["Acrobatics","Quick Slash"],"picked":"Deadly Poison","floor":17.0},{"not_picked":["Predator","Outmaneuver"],"picked":"Blade Dance","floor":17.0},{"not_picked":["Acrobatics","Flying Knee"],"picked":"Distraction","floor":17.0},{"not_picked":["Dash","Dodge and Roll"],"picked":"Catalyst+1","floor":18.0},{"not_picked":["Sucker Punch+1","Choke"],"picked":"Endless Agony","floor":20.0},{"not_picked":["Bane+1","Eviscerate"],"picked":"All Out Attack","floor":24.0},{"not_picked":["Tools of the Trade","Outmaneuver+1"],"picked":"Choke+1","floor":27.0},{"not_picked":["Deadly Poison","Blade Dance"],"picked":"Backflip+1","floor":28.0}],"player_experience":391624,"relics_obtained":[{"floor":8.0,"key":"Omamori"},{"floor":9.0,"key":"Kunai"},{"floor":13.0,"key":"Bronze Scales"},{"floor":30.0,"key":"Nilry\u0027s Codex"}],"event_choices":[{"damage_healed":0.0,"max_hp_gain":0.0,"max_hp_loss":0.0,"gold_gain":30.0,"event_name":"Dead Adventurer","player_choice":"Searched \u00273\u0027 times","floor":11.0,"gold_loss":0.0,"damage_taken":0.0,"relics_obtained":["Dead Branch"]},{"damage_healed":0.0,"max_hp_gain":0.0,"max_hp_loss":0.0,"gold_gain":0.0,"event_name":"Golden Idol","player_choice":"Take Wound","floor":14.0,"gold_loss":0.0,"damage_taken":0.0,"relics_obtained":["Golden Idol"],"cards_obtained":["Injury"]},{"damage_healed":0.0,"max_hp_gain":0.0,"max_hp_loss":0.0,"gold_gain":0.0,"event_name":"Drug Dealer","player_choice":"Obtain J.A.X.","floor":19.0,"gold_loss":0.0,"damage_taken":0.0,"cards_obtained":["J.A.X."]},{"damage_healed":0.0,"max_hp_gain":0.0,"max_hp_loss":0.0,"gold_gain":0.0,"event_name":"Ghosts","player_choice":"Ignored","floor":22.0,"gold_loss":0.0,"damage_taken":0.0},{"damage_healed":0.0,"max_hp_gain":0.0,"max_hp_loss":0.0,"gold_gain":0.0,"event_name":"Cursed Tome","player_choice":"Obtained Book","floor":30.0,"gold_loss":0.0,"damage_taken":16.0}],"is_beta":false,"boss_relics":[{"not_picked":["Ectoplasm","Eternal Feather"],"picked":"Orrery"}],"items_purged_floors":[],"is_endless":false,"potions_floor_spawned":[1,8,10,13,18,20,24],"killed_by":"Centurion and Healer","ascension_level":2}