{"gold_per_floor":[361,372,372,382,397,397,397,397,397,409,509,527,479,7,7,104,104,119,139,139,139],"floor_reached":21,"playtime":2803,"items_purged":[],"score":180,"play_id":"141bde3b-b7c7-4e6f-a4ae-db4151fbd743","local_time":"20190729130141","is_ascension_mode":true,"campfire_choices":[{"floor":6,"key":"REST"},{"data":"Endless Agony","floor":8,"key":"SMITH"},{"floor":15,"key":"REST"}],"neow_cost":"TEN_PERCENT_HP_LOSS","seed_source_timestamp":16876778349488,"circlet_count":0,"master_deck":["Strike_G","Strike_G","Strike_G","Strike_G","Strike_G","Defend_G","Defend_G","Defend_G","Defend_G","Defend_G","Survivor","Neutralize","Accuracy+1","Footwork","Finisher","Endless Agony+1","Backflip","Deflect","Discovery","Well Laid Plans","Slice","Prepared+1","Corpse Explosion","Deadly Poison","Decay"],"relics":["Ring of the Snake","Smiling Mask","Prayer Wheel","HoveringKite"],"potions_floor_usage":[],"damage_taken":[{"damage":0,"enemies":"Jaw Worm","floor":1,"turns":4},{"damage":4,"enemies":"2 Louse","floor":2,"turns":4},{"damage":0,"enemies":"Cultist","floor":4,"turns":4},{"damage":3,"enemies":"3 Louse","floor":5,"turns":5},{"damage":0,"enemies":"Blue Slaver","floor":10,"turns":4},{"damage":4,"enemies":"Large Slime","floor":12,"turns":7},{"damage":49,"enemies":"Slime Boss","floor":16,"turns":22},{"damage":13,"enemies":"Shell Parasite","floor":18,"turns":12},{"damage":41,"enemies":"Spheric Guardian","floor":19,"turns":8},{"damage":16,"enemies":"Cultist and Chosen","floor":21,"turns":4}],"seed_played":"-4850576302905129557","potions_obtained":[{"floor":1,"key":"Explosive Potion"},{"floor":4,"key":"PowerPotion"},{"floor":10,"key":"LiquidBronze"},{"floor":16,"key":"Energy Potion"}],"is_trial":false,"path_per_floor":["M","M","?","M","M","R","?","R","T","M","?","M","?","$","R","B",null,"M","M","?","M"],"character_chosen":"THE_SILENT","items_purchased":["Prayer Wheel","Discovery","Well Laid Plans"],"campfire_rested":2,"item_purchase_floors":[14,14,14],"current_hp_per_floor":[63,59,59,59,56,63,63,63,63,63,63,59,59,59,63,14,63,50,9,9,0],"gold":139,"neow_bonus":"TWO_FIFTY_GOLD","is_prod":false,"is_daily":false,"chose_seed":false,"campfire_upgraded":1,"win_rate":0,"timestamp":1564398101,"path_taken":["M","M","?","M","M","R","?","R","T","M","?","?","?","$","R","BOSS","M","M","?","M"],"build_version":"2019-07-17","purchased_purges":0,"victory":false,"max_hp_per_floor":[63,63,63,63,63,63,63,63,63,63,63,63,63,63,63,63,63,63,63,63,63],"card_choices":[{"not_picked":["Calculated Gamble","Cloak And Dagger"],"picked":"Accuracy","floor":1},{"not_picked":["Deadly Poison","Backstab"],"picked":"Footwork","floor":2},{"not_picked":["Outmaneuver","Riddle With Holes"],"picked":"Finisher","floor":4},{"not_picked":["Quick Slash","Cloak And Dagger"],"picked":"Endless Agony","floor":5},{"not_picked":["Dagger Spray","Outmaneuver"],"picked":"Backflip","floor":10},{"not_picked":["Acrobatics","Backflip"],"picked":"Deflect","floor":12},{"not_picked":["Quick Slash","Masterful Stab"],"picked":"Slice","floor":18},{"not_picked":["Poisoned Stab","Dodge and Roll"],"picked":"Prepared+1","floor":18},{"not_picked":["Dodge and Roll","Backflip"],"picked":"Corpse Explosion","floor":19},{"not_picked":["Accuracy","Dagger Spray"],"picked":"Deadly Poison","floor":19}],"player_experience":261420,"relics_obtained":[{"floor":9,"key":"Smiling Mask"}],"event_choices":[{"damage_healed":0,"gold_gain":0,"player_choice":"Grow","damage_taken":0,"max_hp_gain":0,"max_hp_loss":0,"event_name":"Living Wall","floor":3,"gold_loss":0,"cards_upgraded":["Accuracy"]},{"damage_healed":0,"gold_gain":0,"player_choice":"Ignored","damage_taken":0,"max_hp_gain":0,"max_hp_loss":0,"event_name":"Golden Wing","floor":7,"gold_loss":0},{"damage_healed":0,"gold_gain":100,"player_choice":"Pray","damage_taken":0,"max_hp_gain":0,"max_hp_loss":0,"event_name":"Golden Shrine","floor":11,"gold_loss":0},{"damage_healed":0,"gold_gain":0,"player_choice":"Left Gold","damage_taken":0,"max_hp_gain":0,"max_hp_loss":0,"event_name":"World of Goop","floor":13,"gold_loss":48},{"damage_healed":0,"gold_gain":0,"player_choice":"Smashed Altar","damage_taken":0,"max_hp_gain":0,"max_hp_loss":0,"event_name":"Forgotten Altar","floor":20,"gold_loss":0,"cards_obtained":["Decay"]}],"is_beta":false,"boss_relics":[{"not_picked":["Velvet Choker","Runic Dome"],"picked":"HoveringKite"}],"items_purged_floors":[],"is_endless":false,"potions_floor_spawned":[1,4,10,16],"killed_by":"Cultist and Chosen","ascension_level":1}