{"gold_per_floor":[117,42,42,59,59,90,103,129,153,7,24,24,24,34,34,34],"floor_reached":16,"playtime":1730,"items_purged":["Strike_G","Cloak And Dagger"],"score":149,"play_id":"d9e2291a-9305-461b-93a3-1430061c2590","local_time":"20180812202450","is_ascension_mode":true,"campfire_choices":[{"floor":15,"key":"REST"}],"neow_cost":"NONE","seed_source_timestamp":8100033541275,"circlet_count":0,"master_deck":["Defend_G","Defend_G","Defend_G","Defend_G","Defend_G","Strike_G","Strike_G","Strike_G","Survivor+1","Neutralize","Underhanded Strike","Reflex+1","Concentrate","Backflip","Slice"],"relics":["Ring of the Snake","NeowsBlessing","Vajra","Happy Flower","War Paint"],"potions_floor_usage":[16,16],"damage_taken":[{"damage":0,"enemies":"Cultist","floor":1,"turns":1},{"damage":0,"enemies":"2 Louse","floor":4,"turns":1},{"damage":0,"enemies":"Gremlin Nob","floor":6,"turns":1},{"damage":0,"enemies":"Jaw Worm","floor":7,"turns":4},{"damage":51,"enemies":"3 Sentries","floor":8,"turns":16},{"damage":10,"enemies":"Exordium Wildlife","floor":11,"turns":9},{"damage":1,"enemies":"Large Slime","floor":14,"turns":10},{"damage":72,"enemies":"Hexaghost","floor":16,"turns":16}],"seed_played":"-139581868501810974","potions_obtained":[{"floor":8,"key":"SpeedPotion"},{"floor":14,"key":"Regen Potion"}],"is_trial":false,"path_per_floor":["M","$","?","M","$","E","M","E","T","$","M","$","?","M","R"],"character_chosen":"THE_SILENT","items_purchased":["Backflip"],"campfire_rested":1,"item_purchase_floors":[10],"current_hp_per_floor":[70,70,70,70,70,70,70,19,19,19,9,9,32,31,52,0],"gold":34,"neow_bonus":"THREE_ENEMY_KILL","is_prod":false,"is_daily":false,"chose_seed":false,"campfire_upgraded":0,"win_rate":0,"timestamp":1534076690,"path_taken":["M","?","?","M","$","E","?","E","T","$","M","$","?","M","R","BOSS"],"build_version":"2018-08-09","purchased_purges":2,"victory":false,"max_hp_per_floor":[70,70,70,70,70,70,70,70,70,70,70,70,70,70,70,70],"card_choices":[{"not_picked":["Finisher","Concentrate"],"picked":"Underhanded Strike","floor":1},{"not_picked":["Crippling Poison","Slice"],"picked":"Cloak And Dagger","floor":4},{"not_picked":["Bane","PiercingWail","Endless Agony"],"picked":"SKIP","floor":6},{"not_picked":["Crippling Poison","Eviscerate"],"picked":"Reflex","floor":7},{"not_picked":["Bane","Blade Dance"],"picked":"Concentrate","floor":8},{"not_picked":["Concentrate","PiercingWail"],"picked":"Slice","floor":11},{"not_picked":["Catalyst","Distraction","Sucker Punch"],"picked":"SKIP","floor":14}],"player_experience":105598,"relics_obtained":[{"floor":6,"key":"Vajra"},{"floor":8,"key":"Happy Flower"},{"floor":9,"key":"War Paint"}],"event_choices":[{"event_name":"Purifier","player_choice":"One Purge","floor":3,"damage_taken":0},{"event_name":"Big Fish","player_choice":"Banana","floor":13,"damage_taken":0}],"is_beta":false,"boss_relics":[],"items_purged_floors":[2,10],"is_endless":false,"potions_floor_spawned":[8,14],"killed_by":"Hexaghost","ascension_level":2}