{"gold_per_floor":[114,132,57,57,132,142,173,173,173,205,205,16,50,61,61,162,162,181,162,25,37,37,37,37,65,147,157,184,195,214,0,0,98,98,109,109,129,129,129,156,156,31,55,0,13,13,13,27,27,27],"floor_reached":51,"playtime":5570,"items_purged":["Strike_B","Strike_B","Loop+1"],"score":1100,"play_id":"fd4b6d6f-1557-4599-95e2-6bcafee2c36f","local_time":"20190822121107","is_ascension_mode":true,"campfire_choices":[{"floor":8.0,"key":"REST"},{"data":"Zap","floor":11.0,"key":"SMITH"},{"data":"Conserve Battery","floor":15.0,"key":"SMITH"},{"data":"Loop","floor":23.0,"key":"SMITH"},{"data":"Chill","floor":32.0,"key":"SMITH"},{"floor":41,"key":"REST"},{"data":"Madness","floor":49,"key":"SMITH"}],"neow_cost":"NONE","seed_source_timestamp":88675617095473,"circlet_count":0,"master_deck":["AscendersBane","Strike_B","Defend_B","Defend_B","Defend_B","Defend_B","Zap+1","Dualcast","Conserve Battery+1","White Noise","Chill","Chill","All For One","Ball Lightning","Genetic Algorithm","Core Surge","Conserve Battery+1","Chill+1","Glacier+1","Cold Snap","Capacitor","Cold Snap","Biased Cognition","Madness","Madness+1","Reinforced Body+1"],"special_seed":0,"relics":["Cracked Core","Bag of Marbles","Dead Branch","Bird Faced Urn","Pantograph","Potion Belt","Eternal Feather","Shuriken","Bottled Flame","Happy Flower","Inserter","Singing Bowl","Omamori","Red Mask"],"potions_floor_usage":[33,37,45],"damage_taken":[{"damage":0.0,"enemies":"Cultist","floor":1.0,"turns":3.0},{"damage":2.0,"enemies":"Jaw Worm","floor":2.0,"turns":3.0},{"damage":0.0,"enemies":"Small Slimes","floor":6.0,"turns":3.0},{"damage":9.0,"enemies":"Lagavulin","floor":7.0,"turns":6.0},{"damage":9.0,"enemies":"Gremlin Nob","floor":10.0,"turns":3.0},{"damage":0.0,"enemies":"3 Sentries","floor":13.0,"turns":2.0},{"damage":0.0,"enemies":"Exordium Thugs","floor":14.0,"turns":2.0},{"damage":40.0,"enemies":"Slime Boss","floor":16.0,"turns":8.0},{"damage":0.0,"enemies":"Chosen","floor":18.0,"turns":4.0},{"damage":3.0,"enemies":"2 Thieves","floor":19.0,"turns":4.0},{"damage":21.0,"enemies":"Cultist and Chosen","floor":21.0,"turns":5.0},{"damage":0.0,"enemies":"Gremlin Leader","floor":25.0,"turns":8.0},{"damage":9.0,"enemies":"Snecko","floor":27.0,"turns":5.0},{"damage":33.0,"enemies":"Book of Stabbing","floor":28.0,"turns":6.0},{"damage":3.0,"enemies":"Chosen and Byrds","floor":29.0,"turns":7.0},{"damage":7.0,"enemies":"Shelled Parasite and Fungi","floor":30.0,"turns":6.0},{"damage":64,"enemies":"Collector","floor":33,"turns":15},{"damage":0,"enemies":"Orb Walker","floor":35,"turns":6},{"damage":0,"enemies":"3 Darklings","floor":37,"turns":7},{"damage":34,"enemies":"Nemesis","floor":40,"turns":7},{"damage":3,"enemies":"Transient","floor":45,"turns":5},{"damage":27,"enemies":"Writhing Mass","floor":48,"turns":8},{"damage":65,"enemies":"Awakened One","floor":50,"turns":27}],"seed_played":"-2748700483510911690","potions_obtained":[{"floor":7.0,"key":"EssenceOfSteel"},{"floor":10.0,"key":"PowerPotion"},{"floor":18.0,"key":"EssenceOfSteel"},{"floor":19.0,"key":"Swift Potion"},{"floor":30.0,"key":"GamblersBrew"},{"floor":35,"key":"Explosive Potion"},{"floor":37,"key":"Swift Potion"}],"is_trial":false,"path_per_floor":["M","M","$","?","?","M","E","R","T","E","R","$","E","M","R","B",null,"M","M","$","M","$","R","?","E","T","M","E","M","M","?","R","B",null,"M","?","M","?","?","E","R","$","T","?","M","$","$","M","R","B",null],"character_chosen":"DEFECT","items_purchased":["All For One","Ball Lightning","Loop"],"campfire_rested":2,"item_purchase_floors":[12,12,20],"current_hp_per_floor":[68,66,66,59,52,52,43,65,65,58,58,58,62,64,64,37,66,68,69,69,54,54,66,66,75,75,66,37,40,37,37,49,31,64,75,75,75,75,66,42,77,77,77,77,76,76,76,59,74,20],"gold":27,"neow_bonus":"RANDOM_COMMON_RELIC","is_prod":false,"is_daily":false,"chose_seed":false,"campfire_upgraded":5,"win_rate":0,"timestamp":1566472267,"path_taken":["M","M","?","?","?","?","E","R","T","E","R","$","E","M","R","BOSS","M","M","$","M","$","R","?","E","T","M","E","M","?","?","R","BOSS","M","?","?","?","?","E","R","$","T","?","M","?","$","M","R","BOSS"],"build_version":"2019-07-17","purchased_purges":3,"victory":true,"max_hp_per_floor":[75,75,75,75,75,75,75,75,75,75,75,75,75,75,75,75,75,75,75,75,75,75,75,75,75,75,75,75,75,75,75,75,75,75,75,75,75,75,75,77,77,77,77,77,79,79,79,79,79,79],"card_choices":[{"not_picked":["Barrage","Redo"],"picked":"Conserve Battery","floor":1.0},{"not_picked":["Capacitor","Barrage"],"picked":"White Noise","floor":2.0},{"not_picked":["Beam Cell","Barrage"],"picked":"Chill","floor":6.0},{"not_picked":["Go for the Eyes","Redo","Static Discharge"],"picked":"SKIP","floor":7.0},{"not_picked":["Skim","Stack"],"picked":"Chill","floor":10.0},{"not_picked":["Conserve Battery","Fusion"],"picked":"Genetic Algorithm","floor":13.0},{"not_picked":["Hologram","Barrage","Streamline"],"picked":"SKIP","floor":14.0},{"not_picked":["Echo Form","Machine Learning"],"picked":"Core Surge","floor":16.0},{"not_picked":["Lockon","Sweeping Beam+1"],"picked":"Conserve Battery+1","floor":18.0},{"not_picked":["Cold Snap","Stack"],"picked":"Chill","floor":19.0},{"not_picked":["BootSequence+1","Gash+1"],"picked":"Glacier+1","floor":21.0},{"not_picked":["Barrage","Heatsinks"],"picked":"Cold Snap","floor":25.0},{"not_picked":["Chaos","Consume","Steam"],"picked":"SKIP","floor":27.0},{"not_picked":["Echo Form","Compile Driver"],"picked":"Capacitor","floor":28.0},{"not_picked":["Hologram+1","Leap","Gash"],"picked":"SKIP","floor":29.0},{"not_picked":["Conserve Battery","Doom and Gloom+1"],"picked":"Cold Snap","floor":30.0},{"not_picked":["Meteor Strike","Seek"],"picked":"Biased Cognition","floor":33},{"not_picked":["Stack","Tempest","Melter"],"picked":"SKIP","floor":35},{"not_picked":["Turbo","Leap","Double Energy"],"picked":"SKIP","floor":37},{"not_picked":["Stack+1","Thunder Strike","Lockon"],"picked":"Singing Bowl","floor":40},{"not_picked":["Leap+1","Gash","Compile Driver+1"],"picked":"Singing Bowl","floor":45},{"not_picked":["Skim","Heatsinks+1"],"picked":"Reinforced Body+1","floor":48}],"player_experience":506078,"relics_obtained":[{"floor":7.0,"key":"Dead Branch"},{"floor":9.0,"key":"Bird Faced Urn"},{"floor":10.0,"key":"Pantograph"},{"floor":13.0,"key":"Potion Belt"},{"floor":25.0,"key":"Shuriken"},{"floor":26.0,"key":"Bottled Flame"},{"floor":28.0,"key":"Happy Flower"},{"floor":40,"key":"Singing Bowl"},{"floor":43,"key":"Omamori"}],"event_choices":[{"cards_removed":["Strike_B"],"damage_healed":0.0,"max_hp_gain":0.0,"max_hp_loss":0.0,"gold_gain":0.0,"event_name":"Golden Wing","player_choice":"Card Removal","floor":4.0,"gold_loss":0.0,"damage_taken":7.0},{"damage_healed":0.0,"max_hp_gain":0.0,"max_hp_loss":0.0,"gold_gain":75.0,"event_name":"FaceTrader","player_choice":"Touch","floor":5.0,"gold_loss":0.0,"damage_taken":7.0},{"damage_healed":0.0,"max_hp_gain":0.0,"max_hp_loss":0.0,"gold_gain":0.0,"event_name":"Match and Keep!","player_choice":"0 cards matched","floor":24.0,"gold_loss":0.0,"damage_taken":0.0,"cards_obtained":[]},{"damage_healed":0.0,"max_hp_gain":0.0,"max_hp_loss":0.0,"gold_gain":0.0,"event_name":"Masked Bandits","player_choice":"Paid Fearfully","floor":31.0,"gold_loss":214.0,"damage_taken":0.0},{"damage_healed":0,"gold_gain":0,"player_choice":"0 cards matched","damage_taken":0,"max_hp_gain":0,"max_hp_loss":0,"event_name":"Match and Keep!","floor":36,"gold_loss":0,"cards_obtained":[]},{"damage_healed":0,"gold_gain":0,"player_choice":"Ignored","damage_taken":0,"max_hp_gain":0,"max_hp_loss":0,"event_name":"Mysterious Sphere","floor":38,"gold_loss":0},{"damage_healed":0,"gold_gain":0,"player_choice":"Embrace Madness","damage_taken":9,"max_hp_gain":0,"max_hp_loss":0,"event_name":"Winding Halls","floor":39,"gold_loss":0,"cards_obtained":["Madness","Madness"]},{"damage_healed":0,"gold_gain":0,"player_choice":"Paid","damage_taken":0,"relics_obtained":["Red Mask"],"max_hp_gain":0,"max_hp_loss":0,"event_name":"Tomb of Lord Red Mask","floor":44,"gold_loss":55}],"is_beta":false,"boss_relics":[{"not_picked":["Velvet Choker","Fusion Hammer"],"picked":"Eternal Feather"},{"not_picked":["Black Star","Philosopher\u0027s Stone"],"picked":"Inserter"}],"items_purged_floors":[3,20,42],"is_endless":false,"potions_floor_spawned":[7,10,18,19,30,35,37],"ascension_level":10}