{"gold_per_floor":[111,111,16,34,34,62,81,81,106,106,131,22,22],"floor_reached":13,"playtime":453,"items_purged":["Strike_B"],"score":118,"play_id":"8c192759-4598-4cda-9304-719f1c2dc1f6","local_time":"20190131094043","is_ascension_mode":true,"campfire_choices":[{"data":"Echo Form","floor":8,"key":"SMITH"},{"data":"Buffer","floor":10,"key":"SMITH"}],"neow_cost":"PERCENT_DAMAGE","seed_source_timestamp":4888402669738738,"circlet_count":0,"master_deck":["Strike_B+1","Defend_B","Defend_B","Defend_B","Defend_B","Zap+1","Dualcast","Buffer+1","Static Discharge","Conserve Battery","Capacitor","Echo Form+1","Loop","Loop"],"relics":["Cracked Core","Dream Catcher","Boot","Ancient Tea Set"],"potions_floor_usage":[6,11],"damage_taken":[{"damage":1,"enemies":"Jaw Worm","floor":1,"turns":5},{"damage":0,"enemies":"Small Slimes","floor":4,"turns":3},{"damage":8,"enemies":"Lagavulin","floor":6,"turns":7},{"damage":0,"enemies":"2 Louse","floor":7,"turns":1},{"damage":23,"enemies":"3 Sentries","floor":11,"turns":8},{"damage":5,"enemies":"Lots of Slimes","floor":13,"turns":1}],"seed_played":"8341174803071428863","potions_obtained":[{"floor":4,"key":"Explosive Potion"},{"floor":7,"key":"Fire Potion"}],"is_trial":false,"path_per_floor":["M","?","$","M","?","E","M","R","T","R","E","$","M"],"character_chosen":"DEFECT","items_purchased":["Conserve Battery","Capacitor","Loop"],"campfire_rested":0,"item_purchase_floors":[3,3,12],"current_hp_per_floor":[49,34,34,34,34,26,26,26,26,26,3,3,0],"gold":22,"neow_bonus":"TRANSFORM_TWO_CARDS","is_prod":false,"is_daily":false,"chose_seed":false,"campfire_upgraded":2,"win_rate":0,"timestamp":1548945643,"path_taken":["M","?","$","M","?","E","M","R","T","R","E","$","M"],"build_version":"2019-01-23","purchased_purges":1,"victory":false,"max_hp_per_floor":[75,75,75,75,75,75,75,75,75,75,75,75,75],"card_choices":[{"not_picked":["Ball Lightning","Redo","Reinforced Body"],"picked":"SKIP","floor":1},{"not_picked":["Lockon","Doom and Gloom","Coolheaded"],"picked":"SKIP","floor":4},{"not_picked":["Force Field","Cold Snap"],"picked":"Echo Form","floor":6},{"not_picked":["Steam","Hologram","Coolheaded"],"picked":"SKIP","floor":7},{"not_picked":["White Noise","Meteor Strike"],"picked":"Loop","floor":11}],"player_experience":377478,"relics_obtained":[{"floor":6,"key":"Dream Catcher"},{"floor":9,"key":"Boot"},{"floor":11,"key":"Ancient Tea Set"}],"event_choices":[{"damage_healed":0,"gold_gain":0,"player_choice":"Entered Light","damage_taken":15,"max_hp_gain":0,"max_hp_loss":0,"event_name":"Shining Light","floor":2,"gold_loss":0,"cards_upgraded":["Zap","Strike_B"]},{"damage_healed":0,"gold_gain":0,"player_choice":"Leave","damage_taken":0,"max_hp_gain":0,"max_hp_loss":0,"event_name":"The Cleric","floor":5,"gold_loss":0}],"is_beta":false,"boss_relics":[],"items_purged_floors":[12],"is_endless":false,"potions_floor_spawned":[4,7],"killed_by":"Lots of Slimes","ascension_level":6}