{"gold_per_floor":[365,378,396,44,57,57,84,84,84,95,95,124,139,154,154,253,253,267,213,227,243,153,153,183,199,199,199,199,199,211,4,4,103,103,122,139,93,112,131,131,165,165,191,191,66,86,86],"floor_reached":47,"playtime":2329,"items_purged":["Defend_R"],"score":795,"play_id":"039d75c8-526f-489c-9c48-b311542ffbe5","local_time":"20190203210544","is_ascension_mode":true,"campfire_choices":[{"data":"True Grit","floor":6.0,"key":"SMITH"},{"data":"Flame Barrier","floor":8.0,"key":"SMITH"},{"data":"Metallicize","floor":11.0,"key":"SMITH"},{"data":"Inflame","floor":15.0,"key":"SMITH"},{"data":"Armaments","floor":23.0,"key":"SMITH"},{"data":"True Grit","floor":28.0,"key":"SMITH"},{"data":"True Grit","floor":32.0,"key":"SMITH"},{"data":"Shrug It Off","floor":40.0,"key":"SMITH"},{"floor":42.0,"key":"RECALL"}],"neow_cost":"PERCENT_DAMAGE","seed_source_timestamp":0,"circlet_count":0,"master_deck":["Strike_R","Strike_R","Strike_R","Strike_R","Strike_R","Defend_R","Defend_R","Defend_R","Bash","Inflame","Wild Strike","Pommel Strike","Twin Strike","Flame Barrier+1","Inflame+1","True Grit+1","Metallicize+1","Twin Strike","Twin Strike","Demon Form","Perfected Strike","Shrug It Off+1","Wild Strike+1","Demon Form","Armaments+1","Iron Wave","True Grit+1","Perfected Strike+1","True Grit+1","Iron Wave+1","Finesse","Feed+1","Perfected Strike+1","Shrug It Off","Pommel Strike+1","Clumsy","Metallicize","Armaments","Fire Breathing+1","Wild Strike+1"],"special_seed":0,"relics":["Burning Blood","Gremlin Horn","Pear","Kunai","Coffee Dripper","Vajra","Molten Egg 2","Cursed Key","Prayer Wheel"],"potions_floor_usage":[47],"damage_taken":[{"damage":1.0,"enemies":"Cultist","floor":1.0,"turns":4.0},{"damage":0.0,"enemies":"Small Slimes","floor":2.0,"turns":3.0},{"damage":1.0,"enemies":"2 Louse","floor":3.0,"turns":2.0},{"damage":10.0,"enemies":"Large Slime","floor":5.0,"turns":4.0},{"damage":16.0,"enemies":"3 Sentries","floor":7.0,"turns":8.0},{"damage":3.0,"enemies":"3 Louse","floor":10.0,"turns":4.0},{"damage":19.0,"enemies":"Lagavulin","floor":12.0,"turns":7.0},{"damage":7.0,"enemies":"Exordium Thugs","floor":13.0,"turns":4.0},{"damage":4.0,"enemies":"Gremlin Gang","floor":14.0,"turns":4.0},{"damage":30.0,"enemies":"The Guardian","floor":16.0,"turns":10.0},{"damage":0.0,"enemies":"Spheric Guardian","floor":18.0,"turns":3.0},{"damage":4.0,"enemies":"Chosen","floor":20.0,"turns":5.0},{"damage":16.0,"enemies":"Shelled Parasite and Fungi","floor":21.0,"turns":6.0},{"damage":10.0,"enemies":"Gremlin Leader","floor":24.0,"turns":8.0},{"damage":0.0,"enemies":"Snake Plant","floor":25.0,"turns":2.0},{"damage":0.0,"enemies":"3 Cultists","floor":30.0,"turns":5.0},{"damage":37.0,"enemies":"Collector","floor":33.0,"turns":8.0},{"damage":10.0,"enemies":"3 Darklings","floor":35.0,"turns":5.0},{"damage":4.0,"enemies":"3 Shapes","floor":36.0,"turns":3.0},{"damage":0.0,"enemies":"Jaw Worm Horde","floor":38.0,"turns":4.0},{"damage":5.0,"enemies":"Spire Growth","floor":39.0,"turns":5.0},{"damage":53.0,"enemies":"Nemesis","floor":41.0,"turns":7.0},{"damage":0.0,"enemies":"Sphere and 2 Shapes","floor":46.0,"turns":2.0},{"damage":91,"enemies":"Giant Head","floor":47,"turns":6}],"seed_played":"-5447770326929748625","potions_obtained":[{"floor":1.0,"key":"Energy Potion"},{"floor":3.0,"key":"Ancient Potion"},{"floor":10.0,"key":"Ancient Potion"},{"floor":12.0,"key":"Ancient Potion"},{"floor":16.0,"key":"Block Potion"},{"floor":33.0,"key":"Ancient Potion"},{"floor":38.0,"key":"Regen Potion"}],"is_trial":false,"path_per_floor":["M","M","M","$","M","R","E","R","T","M","R","E","M","M","R","B",null,"M","$","M","M","$","R","E","M","T","?","R","?","M","$","R","B",null,"M","M","$","M","M","R","E","R","T","?","$","M","E"],"character_chosen":"IRONCLAD","items_purchased":["Pommel Strike","Twin Strike","Flame Barrier","Inflame","True Grit","Shrug It Off","Armaments","Iron Wave","Iron Wave+1","LiquidBronze","Finesse","Shrug It Off","Metallicize","Armaments"],"campfire_rested":0,"item_purchase_floors":[4,4,4,4,4,19,22,22,31,31,31,37,45,45],"current_hp_per_floor":[56,62,67,67,63,63,53,53,63,66,66,53,52,54,54,30,75,81,81,83,73,73,73,69,75,75,57,57,57,63,63,63,32,79,75,81,81,87,92,92,45,45,45,45,45,51,0],"gold":86,"neow_bonus":"TWO_FIFTY_GOLD","is_prod":false,"is_daily":false,"chose_seed":false,"campfire_upgraded":8,"win_rate":0,"timestamp":1549245944,"path_taken":["M","M","?","$","M","R","E","R","T","M","R","E","M","M","R","BOSS","M","$","M","M","$","R","E","M","T","?","R","?","M","$","R","BOSS","M","M","$","M","M","R","E","R","T","?","$","M","E"],"build_version":"2019-01-23","purchased_purges":1,"victory":false,"max_hp_per_floor":[80,80,80,80,80,80,80,80,90,90,90,90,90,90,90,90,90,90,90,90,90,90,90,90,90,90,95,95,95,95,95,95,95,95,95,99,99,99,103,103,103,103,103,103,103,103,103],"card_choices":[{"not_picked":["Power Through","Second Wind"],"picked":"Inflame","floor":1.0},{"not_picked":["True Grit","Whirlwind"],"picked":"Wild Strike","floor":2.0},{"not_picked":["Body Slam","Sword Boomerang","Cleave"],"picked":"SKIP","floor":3.0},{"not_picked":["Uppercut","Thunderclap","Anger"],"picked":"SKIP","floor":5.0},{"not_picked":["Combust","Thunderclap","Infernal Blade"],"picked":"SKIP","floor":7.0},{"not_picked":["Second Wind","Havoc"],"picked":"Metallicize","floor":10.0},{"not_picked":["Fire Breathing","Reaper"],"picked":"Twin Strike","floor":12.0},{"not_picked":["Dual Wield","Cleave","Entrench"],"picked":"SKIP","floor":13.0},{"not_picked":["Flex","Heavy Blade"],"picked":"Twin Strike","floor":14.0},{"not_picked":["Brutality","Double Tap"],"picked":"Demon Form","floor":16.0},{"not_picked":["True Grit","Iron Wave"],"picked":"Perfected Strike","floor":18.0},{"not_picked":["Body Slam","Anger"],"picked":"Wild Strike+1","floor":20.0},{"not_picked":["Disarm+1","Sword Boomerang+1"],"picked":"Demon Form","floor":21.0},{"not_picked":["Combust","Reckless Charge","Clash"],"picked":"SKIP","floor":24.0},{"not_picked":["Clash","Entrench+1"],"picked":"True Grit","floor":25.0},{"not_picked":["Anger+1","Cleave+1"],"picked":"True Grit","floor":30.0},{"not_picked":["Reaper+1","Limit Break"],"picked":"Feed+1","floor":33.0},{"not_picked":["Havoc","Flex+1","Body Slam+1"],"picked":"SKIP","floor":35.0},{"not_picked":["Anger+1","Wild Strike+1"],"picked":"Perfected Strike+1","floor":36.0},{"not_picked":["Carnage+1","Searing Blow+1","Warcry+1"],"picked":"SKIP","floor":38.0},{"not_picked":["Pummel+1","Seeing Red","Rupture"],"picked":"SKIP","floor":39.0},{"not_picked":["Carnage+1","Rage"],"picked":"Pommel Strike+1","floor":41.0},{"not_picked":["Anger+1","Body Slam+1"],"picked":"Fire Breathing+1","floor":46.0},{"not_picked":["Barricade","Sword Boomerang+1"],"picked":"Wild Strike+1","floor":46.0}],"player_experience":391938,"relics_obtained":[{"floor":7.0,"key":"Gremlin Horn"},{"floor":9.0,"key":"Pear"},{"floor":12.0,"key":"Kunai"},{"floor":24.0,"key":"Vajra"},{"floor":26.0,"key":"Molten Egg 2"},{"floor":41.0,"key":"Prayer Wheel"}],"event_choices":[{"damage_healed":0.0,"max_hp_gain":5.0,"max_hp_loss":0.0,"gold_gain":0.0,"event_name":"Forgotten Altar","player_choice":"Shed Blood","floor":27.0,"gold_loss":0.0,"damage_taken":23.0},{"damage_healed":0.0,"max_hp_gain":0.0,"max_hp_loss":0.0,"gold_gain":0.0,"event_name":"The Library","player_choice":"Read","floor":29.0,"gold_loss":0.0,"damage_taken":0.0,"cards_obtained":["Perfected Strike"]},{"damage_healed":0.0,"max_hp_gain":0.0,"max_hp_loss":0.0,"gold_gain":0.0,"event_name":"Mysterious Sphere","player_choice":"Ignored","floor":44.0,"gold_loss":0.0,"damage_taken":0.0}],"is_beta":false,"boss_relics":[{"not_picked":["Fusion Hammer","Pandora\u0027s Box"],"picked":"Coffee Dripper"},{"not_picked":["Empty Cage","Runic Pyramid"],"picked":"Cursed Key"}],"items_purged_floors":[4],"is_endless":false,"potions_floor_spawned":[1,3,10,12,16,20,33,38],"killed_by":"Giant Head","ascension_level":9}