{"gold_per_floor":[117,42,56,69,87,87,120,120,174,202,114,114,39,56,56,151,151,164,164,14,27,46,46],"floor_reached":23,"playtime":2445,"items_purged":["Decay","Strike_G"],"score":276,"play_id":"51a802a1-67dd-451d-8948-b11da24dd3db","local_time":"20181029193620","is_ascension_mode":true,"campfire_choices":[{"data":"Infinite Blades","floor":6,"key":"SMITH"},{"floor":8,"key":"REST"},{"floor":12,"key":"REST"},{"data":"Infinite Blades","floor":15,"key":"SMITH"}],"neow_cost":"CURSE","seed_source_timestamp":0,"circlet_count":0,"master_deck":["Defend_G","Defend_G","Defend_G","Defend_G","Strike_G","Strike_G","Strike_G","Survivor","Neutralize","Infinite Blades+1","Infinite Blades","Infinite Blades+1","Finisher","Finisher","Backflip+1","Infinite Blades+1"],"special_seed":0,"relics":["Ring of the Snake","Pocketwatch","Matryoshka","PreservedInsect","Potion Belt","MawBank","Empty Cage","Boot"],"potions_floor_usage":[16,16,16,22],"damage_taken":[{"damage":1.0,"enemies":"Cultist","floor":1.0,"turns":4.0},{"damage":0.0,"enemies":"Jaw Worm","floor":3.0,"turns":5.0},{"damage":0,"enemies":"2 Louse","floor":4,"turns":3},{"damage":10,"enemies":"Large Slime","floor":5,"turns":6},{"damage":35,"enemies":"Lagavulin","floor":7,"turns":8},{"damage":20,"enemies":"3 Sentries","floor":10,"turns":6},{"damage":0,"enemies":"2 Fungi Beasts","floor":14,"turns":4},{"damage":11,"enemies":"The Guardian","floor":16,"turns":14},{"damage":12,"enemies":"3 Byrds","floor":18,"turns":5},{"damage":13,"enemies":"Shell Parasite","floor":21,"turns":6},{"damage":18,"enemies":"Snake Plant","floor":22,"turns":5},{"damage":24,"enemies":"Slavers","floor":23,"turns":1}],"seed_played":"-4141775875496166289","potions_obtained":[{"floor":5,"key":"Energy Potion"},{"floor":10,"key":"GamblersBrew"},{"floor":14,"key":"Block Potion"},{"floor":22,"key":"Fire Potion"}],"is_trial":false,"path_per_floor":["M","$","M","M","M","R","E","R","T","E","$","R","$","M","R","B",null,"M","?","$","M","M"],"character_chosen":"THE_SILENT","items_purchased":["GhostInAJar","Boot"],"campfire_rested":2,"item_purchase_floors":[13,20],"current_hp_per_floor":[69,69,69,69,59,59,24,45,45,25,25,46,46,46,46,35,61,49,49,49,36,18,0],"gold":46,"neow_bonus":"ONE_RARE_RELIC","is_prod":false,"is_daily":false,"chose_seed":false,"campfire_upgraded":2,"win_rate":0,"timestamp":1540812980,"path_taken":["M","$","M","M","?","R","E","R","T","E","$","R","$","M","R","BOSS","M","?","$","M","M","E"],"build_version":"2018-10-25v2","purchased_purges":2,"victory":false,"max_hp_per_floor":[70,70,70,70,70,70,70,70,70,70,70,70,70,70,70,70,70,70,70,70,70,70,70],"card_choices":[{"not_picked":["Dagger Spray","Quick Slash"],"picked":"Infinite Blades","floor":1.0},{"not_picked":["Acrobatics","All Out Attack","Underhanded Strike"],"picked":"SKIP","floor":3.0},{"not_picked":["Outmaneuver","Dash","Glass Knife"],"picked":"SKIP","floor":4},{"not_picked":["Noxious Fumes","Flying Knee"],"picked":"Infinite Blades","floor":5},{"not_picked":["Quick Slash","Underhanded Strike"],"picked":"Infinite Blades","floor":7},{"not_picked":["Deadly Poison","Tools of the Trade"],"picked":"Finisher","floor":10},{"not_picked":["Dash","Quick Slash","Backflip"],"picked":"SKIP","floor":14},{"not_picked":["PiercingWail","Sucker Punch"],"picked":"Finisher","floor":18},{"not_picked":["Well Laid Plans","Prepared"],"picked":"Backflip+1","floor":21},{"not_picked":["Quick Slash","Dagger Spray"],"picked":"Infinite Blades+1","floor":22}],"player_experience":531786,"relics_obtained":[{"floor":7,"key":"Matryoshka"},{"floor":9,"key":"PreservedInsect"},{"floor":9,"key":"Potion Belt"},{"floor":10,"key":"MawBank"}],"event_choices":[{"damage_healed":0,"gold_gain":0,"player_choice":"Ignored","damage_taken":0,"max_hp_gain":0,"max_hp_loss":0,"event_name":"Vampires","floor":19,"gold_loss":0}],"is_beta":false,"boss_relics":[{"not_picked":["Orrery","Philosopher\u0027s Stone"],"picked":"Empty Cage"}],"items_purged_floors":[2,11],"is_endless":false,"potions_floor_spawned":[5,10,14,22],"killed_by":"Slavers","ascension_level":5}