{"gold_per_floor":[117,130,141,291,51,84,95,95,119,119,119,119,145,163,163,240,240,253,253,263,24,74,91,91,103,177,177],"floor_reached":27,"playtime":1389,"items_purged":["Doubt"],"score":471,"play_id":"341470cb-171a-4e62-bf7e-d0f73ab63f01","local_time":"20190822110839","is_ascension_mode":true,"campfire_choices":[{"floor":8,"key":"REST"},{"data":"Sunder","floor":11,"key":"SMITH"},{"floor":15,"key":"REST"},{"floor":24,"key":"REST"}],"neow_cost":"NONE","seed_source_timestamp":1092021755482506,"circlet_count":0,"master_deck":["AscendersBane","Strike_B","Strike_B","Strike_B","Defend_B","Defend_B","Defend_B","Defend_B","Zap","Dualcast","Coolheaded","Sunder+1","Hologram","Conserve Battery","Capacitor","Machine Learning","Conserve Battery","Capacitor","Undo","Compile Driver","BootSequence+1","Seek","Meteor Strike","Core Surge"],"relics":["Cracked Core","Vajra","Happy Flower","Pen Nib","Omamori","FaceOfCleric","Singing Bowl","Orrery","Bottled Tornado"],"potions_floor_usage":[6,20,27,27],"damage_taken":[{"damage":4,"enemies":"Jaw Worm","floor":1,"turns":5},{"damage":0,"enemies":"2 Louse","floor":2,"turns":3},{"damage":0,"enemies":"Cultist","floor":3,"turns":4},{"damage":24,"enemies":"Lagavulin","floor":6,"turns":7},{"damage":24,"enemies":"Gremlin Gang","floor":7,"turns":6},{"damage":6,"enemies":"3 Sentries","floor":13,"turns":8},{"damage":11,"enemies":"Blue Slaver","floor":14,"turns":3},{"damage":45,"enemies":"The Guardian","floor":16,"turns":13},{"damage":17,"enemies":"Shell Parasite","floor":18,"turns":9},{"damage":4,"enemies":"Spheric Guardian","floor":20,"turns":6},{"damage":37,"enemies":"3 Cultists","floor":23,"turns":7},{"damage":24,"enemies":"Cultist and Chosen","floor":25,"turns":7},{"damage":29,"enemies":"Book of Stabbing","floor":27,"turns":4}],"seed_played":"8522749840820238531","potions_obtained":[{"floor":1,"key":"Strength Potion"},{"floor":3,"key":"Energy Potion"},{"floor":7,"key":"SkillPotion"},{"floor":16,"key":"PowerPotion"},{"floor":20,"key":"Fruit Juice"},{"floor":25,"key":"LiquidBronze"}],"is_trial":false,"path_per_floor":["M","M","M","?","$","E","M","R","T","?","R","?","E","M","R","B",null,"M","?","M","$","?","M","R","M","T","E"],"character_chosen":"DEFECT","items_purchased":["Vajra","Meteor Strike","Core Surge"],"campfire_rested":3,"item_purchase_floors":[5,21,21],"current_hp_per_floor":[67,67,67,67,67,43,19,42,42,37,37,37,34,24,48,4,65,49,49,53,53,53,19,48,27,27,0],"gold":177,"neow_bonus":"TEN_PERCENT_HP_BONUS","is_prod":false,"is_daily":false,"chose_seed":false,"campfire_upgraded":1,"win_rate":0,"timestamp":1566486519,"path_taken":["M","M","M","?","$","E","M","R","T","?","R","?","E","M","R","BOSS","M","?","?","$","?","M","R","M","T","E"],"build_version":"2019-07-17","purchased_purges":1,"victory":false,"max_hp_per_floor":[78,78,78,78,78,78,78,78,78,78,78,78,81,82,82,83,85,86,86,94,94,94,97,97,100,100,100],"card_choices":[{"not_picked":["Blizzard","Streamline"],"picked":"Coolheaded","floor":1},{"not_picked":["Steam Power","Storm","Double Energy"],"picked":"SKIP","floor":2},{"not_picked":["Stack","Beam Cell"],"picked":"Sunder","floor":3},{"not_picked":["Meteor Strike","Sweeping Beam"],"picked":"Hologram","floor":6},{"not_picked":["Cold Snap","Coolheaded"],"picked":"Conserve Battery","floor":7},{"not_picked":["Rebound","Reinforced Body","Static Discharge"],"picked":"Singing Bowl","floor":13},{"not_picked":["Undo","Barrage"],"picked":"Capacitor","floor":14},{"not_picked":["Thunder Strike","All For One"],"picked":"Machine Learning","floor":16},{"not_picked":["Recycle","Steam"],"picked":"Conserve Battery","floor":17},{"not_picked":["Streamline","Coolheaded"],"picked":"Capacitor","floor":17},{"not_picked":["Storm","Redo","Gash"],"picked":"Singing Bowl","floor":17},{"not_picked":["Rebound","Lockon"],"picked":"Undo","floor":17},{"not_picked":["Scrape","Heatsinks"],"picked":"Compile Driver","floor":17},{"not_picked":["Cold Snap","Redo"],"picked":"BootSequence+1","floor":18},{"not_picked":["Redo","Hologram","Gash"],"picked":"Singing Bowl","floor":20},{"not_picked":["Blizzard","Reboot","Beam Cell"],"picked":"Singing Bowl","floor":23},{"not_picked":["White Noise","Streamline","Cold Snap"],"picked":"Singing Bowl","floor":25}],"player_experience":1093662,"relics_obtained":[{"floor":6,"key":"Happy Flower"},{"floor":9,"key":"Pen Nib"},{"floor":13,"key":"Singing Bowl"},{"floor":26,"key":"Bottled Tornado"}],"event_choices":[{"damage_healed":0,"gold_gain":150,"player_choice":"AGREE","damage_taken":0,"max_hp_gain":0,"max_hp_loss":0,"event_name":"Liars Game","floor":4,"gold_loss":0,"cards_obtained":["Doubt"]},{"damage_healed":0,"gold_gain":0,"player_choice":"Success","damage_taken":5,"relics_obtained":["Omamori"],"max_hp_gain":0,"max_hp_loss":0,"event_name":"Scrap Ooze","floor":10,"gold_loss":0},{"damage_healed":0,"gold_gain":0,"player_choice":"Trade","damage_taken":0,"relics_obtained":["FaceOfCleric"],"max_hp_gain":0,"max_hp_loss":0,"event_name":"FaceTrader","floor":12,"gold_loss":0},{"damage_healed":0,"gold_gain":0,"cards_transformed":["Strike_B"],"player_choice":"Transformed","damage_taken":0,"max_hp_gain":0,"max_hp_loss":0,"event_name":"Transmorgrifier","floor":19,"gold_loss":0,"cards_obtained":["Seek"]},{"damage_healed":0,"gold_gain":50,"player_choice":"Stole From Cult","damage_taken":0,"max_hp_gain":0,"max_hp_loss":0,"event_name":"Nest","floor":22,"gold_loss":0}],"is_beta":false,"boss_relics":[{"not_picked":["Runic Dome","Nuclear Battery"],"picked":"Orrery"}],"items_purged_floors":[5],"is_endless":false,"potions_floor_spawned":[1,3,7,16,20,25],"killed_by":"Book of Stabbing","ascension_level":20}