{"gold_per_floor":[115,48,60,60,79,79,35,363,386,398,436,467,491,514,526,612,674,697,722,734,796,822,834,880,546,546,562,17,43,43,43,43,43],"floor_reached":33,"playtime":1622,"items_purged":[],"score":656,"play_id":"021c1e9e-00c3-4b21-8743-2a032248d566","local_time":"20190822110610","is_ascension_mode":true,"campfire_choices":[{"data":"Dagger Spray","floor":6,"key":"SMITH"},{"floor":10,"key":"REST"},{"data":"Leg Sweep","floor":15,"key":"SMITH"},{"data":"Adrenaline","floor":23,"key":"SMITH"},{"data":"Backstab","floor":30,"key":"SMITH"},{"floor":32,"key":"REST"}],"neow_cost":"NONE","seed_source_timestamp":1526185043914,"circlet_count":0,"master_deck":["AscendersBane","Strike_G+1","Strike_G+1","Strike_G+1","Strike_G+1","Defend_G+1","Defend_G+1","Defend_G+1","Defend_G+1","Defend_G+1","Survivor","Neutralize","Riddle With Holes+1","Deflect","Dagger Spray+1","Backstab+1","Leg Sweep+1","Quick Slash","Riddle With Holes","Skewer","Dagger Spray","Adrenaline+1","Sucker Punch","PiercingWail+1","Riddle With Holes","Escape Plan","Dodge and Roll","Dagger Spray","Distraction","Skewer"],"relics":["Black Star","Vajra","Old Coin","MawBank","Gremlin Horn","Meat on the Bone","Tiny House","MutagenicStrength","Shovel","Paper Crane","Turnip","Ninja Scroll","Du-Vu Doll","Sling","The Courier","Orichalcum"],"potions_floor_usage":[8,13,14,19,24,24,33,33],"damage_taken":[{"damage":7,"enemies":"Small Slimes","floor":1,"turns":5},{"damage":0,"enemies":"2 Louse","floor":3,"turns":2},{"damage":3,"enemies":"Cultist","floor":5,"turns":4},{"damage":25,"enemies":"Gremlin Nob","floor":8,"turns":4},{"damage":35,"enemies":"3 Sentries","floor":11,"turns":9},{"damage":3,"enemies":"Exordium Thugs","floor":12,"turns":4},{"damage":0,"enemies":"Large Slime","floor":13,"turns":3},{"damage":0,"enemies":"Blue Slaver","floor":14,"turns":2},{"damage":16,"enemies":"Slime Boss","floor":16,"turns":9},{"damage":6,"enemies":"Spheric Guardian","floor":18,"turns":3},{"damage":2,"enemies":"3 Byrds","floor":19,"turns":3},{"damage":21,"enemies":"Snecko","floor":22,"turns":4},{"damage":0,"enemies":"Gremlin Leader","floor":24,"turns":1},{"damage":8,"enemies":"Snake Plant","floor":27,"turns":4},{"damage":0,"enemies":"Slavers","floor":29,"turns":1},{"damage":69,"enemies":"Champ","floor":33,"turns":12}],"seed_played":"-6148109190901884142","potions_obtained":[{"floor":5,"key":"FearPotion"},{"floor":12,"key":"SteroidPotion"},{"floor":13,"key":"Fire Potion"},{"floor":16,"key":"Strength Potion"},{"floor":17,"key":"FearPotion"},{"floor":19,"key":"GamblersBrew"},{"floor":22,"key":"EntropicBrew"}],"is_trial":false,"path_per_floor":["M","?","M","?","M","R","$","E","T","R","E","M","M","M","R","B",null,"M","M","?","?","M","R","E","$","T","M","$","E","R","?","R","B"],"character_chosen":"THE_SILENT","items_purchased":["Backstab","Turnip","Dagger Spray","Du-Vu Doll","Sling"],"campfire_rested":2,"item_purchase_floors":[7,25,25,28,28],"current_hp_per_floor":[52,52,52,52,49,49,49,24,24,43,8,17,29,41,41,37,64,58,56,56,56,47,47,47,47,47,39,39,39,39,39,60,0],"gold":43,"neow_bonus":"BOSS_RELIC","is_prod":false,"is_daily":false,"chose_seed":false,"campfire_upgraded":4,"win_rate":0,"timestamp":1566497170,"path_taken":["M","?","M","?","?","R","?","E","T","R","E","M","M","M","R","BOSS","M","M","?","?","?","R","E","?","T","M","$","E","R","?","R","BOSS"],"build_version":"2019-07-17","purchased_purges":0,"victory":false,"max_hp_per_floor":[66,66,66,66,66,66,66,66,66,66,66,66,66,66,66,66,71,71,71,71,71,71,71,71,71,71,71,71,71,71,71,71,71],"card_choices":[{"not_picked":["Bane","Outmaneuver"],"picked":"Riddle With Holes","floor":1},{"not_picked":["Flechettes","Bane"],"picked":"Deflect","floor":3},{"not_picked":["Glass Knife","Dash"],"picked":"Dagger Spray","floor":5},{"not_picked":["Underhanded Strike","PiercingWail"],"picked":"Leg Sweep","floor":8},{"not_picked":["Accuracy","Deflect"],"picked":"Quick Slash","floor":11},{"not_picked":["Backflip","Calculated Gamble"],"picked":"Riddle With Holes","floor":12},{"not_picked":["Deadly Poison","Deflect"],"picked":"Skewer","floor":13},{"not_picked":["Calculated Gamble","Prepared"],"picked":"Dagger Spray","floor":14},{"not_picked":["A Thousand Cuts","Doppelganger"],"picked":"Adrenaline","floor":16},{"not_picked":["Prepared","Dodge and Roll"],"picked":"Sucker Punch","floor":17},{"not_picked":["Masterful Stab","Deadly Poison"],"picked":"PiercingWail+1","floor":18},{"not_picked":["Catalyst","Quick Slash"],"picked":"Riddle With Holes","floor":19},{"not_picked":["Setup","Quick Slash"],"picked":"Escape Plan","floor":22},{"not_picked":["Bane","Eviscerate"],"picked":"Dodge and Roll","floor":24},{"not_picked":["PiercingWail","Phantasmal Killer"],"picked":"Distraction","floor":27},{"not_picked":["Acrobatics","Burst"],"picked":"Skewer","floor":29}],"player_experience":721570,"relics_obtained":[{"floor":8,"key":"Vajra"},{"floor":8,"key":"Old Coin"},{"floor":9,"key":"MawBank"},{"floor":11,"key":"Gremlin Horn"},{"floor":11,"key":"Meat on the Bone"},{"floor":24,"key":"Shovel"},{"floor":24,"key":"Paper Crane"},{"floor":26,"key":"Ninja Scroll"},{"floor":29,"key":"The Courier"},{"floor":29,"key":"Orichalcum"}],"event_choices":[{"damage_healed":0,"gold_gain":0,"player_choice":"Left Gold","damage_taken":0,"max_hp_gain":0,"max_hp_loss":0,"event_name":"World of Goop","floor":2,"gold_loss":67},{"cards_removed":["Strike_G"],"damage_healed":0,"gold_gain":0,"player_choice":"Purged","damage_taken":0,"max_hp_gain":0,"max_hp_loss":0,"event_name":"Purifier","floor":4,"gold_loss":0},{"damage_healed":0,"gold_gain":0,"player_choice":"Inject Mutagens","damage_taken":0,"relics_obtained":["MutagenicStrength"],"max_hp_gain":0,"max_hp_loss":0,"event_name":"Drug Dealer","floor":20,"gold_loss":0},{"damage_healed":0,"gold_gain":50,"player_choice":"Pray","damage_taken":0,"max_hp_gain":0,"max_hp_loss":0,"event_name":"Golden Shrine","floor":21,"gold_loss":0},{"damage_healed":0,"gold_gain":0,"player_choice":"Simplicity","damage_taken":0,"max_hp_gain":0,"max_hp_loss":0,"event_name":"Back to Basics","floor":31,"gold_loss":0,"cards_upgraded":["Strike_G","Strike_G","Strike_G","Strike_G","Defend_G","Defend_G","Defend_G","Defend_G","Defend_G"]}],"is_beta":false,"boss_relics":[{"not_picked":["Fusion Hammer","Coffee Dripper"],"picked":"Tiny House"}],"items_purged_floors":[],"is_endless":false,"potions_floor_spawned":[5,12,13,16,19,22,29],"killed_by":"Champ","ascension_level":18}