{"gold_per_floor":[118,137,137,151,166,166,136,136,136,151,161,161,172,189,189,290,290,304,319,339,299,299],"floor_reached":22,"playtime":2868,"items_purged":[],"score":182,"play_id":"43a0ee36-230e-4e7f-8e7a-0d7ec8c59eca","local_time":"20190709104031","is_ascension_mode":false,"campfire_choices":[{"floor":6,"key":"REST"},{"data":"Armaments","floor":12,"key":"SMITH"},{"data":"Dual Wield","floor":15,"key":"SMITH"}],"neow_cost":"NONE","seed_source_timestamp":12945072211705,"circlet_count":0,"master_deck":["Strike_R","Strike_R","Strike_R","Strike_R","Strike_R","Defend_R+1","Defend_R","Defend_R","Defend_R","Bash+1","Anger","Pummel","Armaments+1","Rage","Dual Wield","Flame Barrier","Heavy Blade","Anger","Dual Wield+1","Demon Form","Infernal Blade","Second Wind","Seeing Red+1"],"relics":["Burning Blood","Meat on the Bone","Sozu"],"potions_floor_usage":[20],"damage_taken":[{"damage":7,"enemies":"2 Louse","floor":1,"turns":3},{"damage":5,"enemies":"Cultist","floor":2,"turns":4},{"damage":6,"enemies":"Jaw Worm","floor":4,"turns":5},{"damage":39,"enemies":"Gremlin Gang","floor":5,"turns":6},{"damage":0,"enemies":"Looter","floor":7,"turns":4},{"damage":17,"enemies":"Exordium Thugs","floor":10,"turns":6},{"damage":7,"enemies":"2 Fungi Beasts","floor":11,"turns":4},{"damage":32,"enemies":"Exordium Wildlife","floor":13,"turns":6},{"damage":5,"enemies":"3 Louse","floor":14,"turns":3},{"damage":44,"enemies":"Hexaghost","floor":16,"turns":10},{"damage":37,"enemies":"2 Thieves","floor":18,"turns":5},{"damage":16,"enemies":"Chosen","floor":19,"turns":5},{"damage":33,"enemies":"Snake Plant","floor":20,"turns":4},{"damage":37,"enemies":"Cultist and Chosen","floor":22,"turns":7}],"seed_played":"-5270710717986794303","potions_obtained":[{"floor":4,"key":"Energy Potion"},{"floor":10,"key":"Fire Potion"},{"floor":13,"key":"EssenceOfSteel"},{"floor":16,"key":"Weak Potion"}],"is_trial":false,"path_per_floor":["M","M","?","M","M","R","M","$","T","M","M","R","M","M","R","B",null,"M","M","M","?","M"],"character_chosen":"IRONCLAD","items_purchased":[],"campfire_rested":1,"item_purchase_floors":[],"current_hp_per_floor":[79,80,80,80,47,71,77,77,77,66,65,65,51,52,52,26,80,49,51,36,36,0],"gold":299,"neow_bonus":"UPGRADE_CARD","is_prod":false,"is_daily":false,"chose_seed":false,"campfire_upgraded":2,"win_rate":0.0,"timestamp":1562661631,"path_taken":["M","M","?","M","M","R","M","$","T","M","M","R","M","M","R","BOSS","M","M","M","?","M"],"build_version":"2019-07-05","purchased_purges":0,"victory":false,"max_hp_per_floor":[80,80,80,80,80,80,80,80,80,80,80,80,80,80,80,80,80,80,80,80,80,80],"card_choices":[{"not_picked":["Clothesline","Flex"],"picked":"Anger","floor":1},{"not_picked":["Flex","Clothesline"],"picked":"Pummel","floor":2},{"not_picked":["Perfected Strike","Sword Boomerang"],"picked":"Armaments","floor":4},{"not_picked":["Ghostly Armor","Reckless Charge"],"picked":"Rage","floor":5},{"not_picked":["Headbutt","Clash"],"picked":"Dual Wield","floor":7},{"not_picked":["Flex","Power Through"],"picked":"Flame Barrier","floor":10},{"not_picked":["Flex","Shockwave"],"picked":"Heavy Blade","floor":11},{"not_picked":["Offering","Pommel Strike"],"picked":"Anger","floor":13},{"not_picked":["Clothesline","Armaments"],"picked":"Dual Wield","floor":14},{"not_picked":["Berserk","Limit Break"],"picked":"Demon Form","floor":16},{"not_picked":["Clothesline","Hemokinesis"],"picked":"Infernal Blade","floor":18},{"not_picked":["Entrench","Perfected Strike"],"picked":"Second Wind","floor":19},{"not_picked":["Clash","Burning Pact"],"picked":"Seeing Red","floor":20}],"player_experience":10447,"relics_obtained":[{"floor":9,"key":"Meat on the Bone"}],"event_choices":[{"damage_healed":0,"gold_gain":0,"player_choice":"Leave","damage_taken":0,"max_hp_gain":0,"max_hp_loss":0,"event_name":"The Cleric","floor":3,"gold_loss":0},{"damage_healed":0,"gold_gain":0,"player_choice":"Upgraded Two","damage_taken":0,"max_hp_gain":0,"max_hp_loss":0,"event_name":"Designer","floor":21,"gold_loss":40,"cards_upgraded":["Defend_R","Seeing Red"]}],"is_beta":false,"boss_relics":[{"not_picked":["Runic Dome","Calling Bell"],"picked":"Sozu"}],"items_purged_floors":[],"is_endless":false,"potions_floor_spawned":[4,10,13,14,16],"killed_by":"Cultist and Chosen","ascension_level":0}