{"gold_per_floor":[214,214,166,187,362,362,401,401,401,421,421,452,11,32,32,153,153,171,171,90,105,31,74,95,116,116,116,134,134,152,28,28,152,152,170,186,186,207,17,17,17],"floor_reached":41,"playtime":4508,"items_purged":["Doubt"],"score":488,"play_id":"d31a42c4-db78-4df7-b92e-f99eeae77285","local_time":"20190729102553","is_ascension_mode":true,"campfire_choices":[{"floor":6.0,"key":"REST"},{"floor":8.0,"key":"REST"},{"data":"Armaments","floor":11.0,"key":"SMITH"},{"floor":15.0,"key":"REST"},{"floor":29.0,"key":"REST"},{"floor":32.0,"key":"REST"},{"floor":40.0,"key":"REST"}],"neow_cost":"NONE","seed_source_timestamp":4822341820714,"circlet_count":0,"master_deck":["Strike_R","Strike_R","Strike_R","Strike_R","Strike_R","Defend_R","Defend_R","Defend_R","Defend_R","Bash","Feel No Pain","Armaments+1","Flex","Dropkick","Anger","Entrench","Sadistic Nature","Double Tap","Infernal Blade","Inflame","Demon Form","Dual Wield+1","RitualDagger+1","Exhume","Inflame","Rage","Anger+1","Flame Barrier+1","Dual Wield+1","Headbutt+1","Barricade","Rage","Headbutt+1","Barricade","Flex","Blood for Blood+1","Finesse","Flex","Dropkick+1"],"special_seed":0,"relics":["Burning Blood","Golden Idol","Red Skull","Bag of Preparation","Molten Egg 2","Fusion Hammer","Shuriken","Ornamental Fan","Philosopher\u0027s Stone"],"potions_floor_usage":[],"damage_taken":[{"damage":6.0,"enemies":"Cultist","floor":1.0,"turns":4.0},{"damage":6.0,"enemies":"2 Louse","floor":4.0,"turns":5.0},{"damage":55.0,"enemies":"Gremlin Nob","floor":7.0,"turns":6.0},{"damage":15.0,"enemies":"Jaw Worm","floor":10.0,"turns":6.0},{"damage":17.0,"enemies":"3 Sentries","floor":12.0,"turns":7.0},{"damage":0.0,"enemies":"Exordium Wildlife","floor":14.0,"turns":3.0},{"damage":37.0,"enemies":"Slime Boss","floor":16.0,"turns":9.0},{"damage":20.0,"enemies":"3 Byrds","floor":18.0,"turns":5.0},{"damage":29.0,"enemies":"2 Thieves","floor":21.0,"turns":4.0},{"damage":29.0,"enemies":"Slavers","floor":23.0,"turns":4.0},{"damage":7.0,"enemies":"Cultist and Chosen","floor":24.0,"turns":3.0},{"damage":13.0,"enemies":"Shelled Parasite and Fungi","floor":25.0,"turns":4.0},{"damage":0.0,"enemies":"Snecko","floor":28.0,"turns":3.0},{"damage":0.0,"enemies":"Chosen and Byrds","floor":30.0,"turns":4.0},{"damage":45.0,"enemies":"Champ","floor":33.0,"turns":8.0},{"damage":62.0,"enemies":"3 Darklings","floor":35.0,"turns":4.0},{"damage":0.0,"enemies":"Orb Walker","floor":36.0,"turns":2.0},{"damage":4.0,"enemies":"4 Shapes","floor":38.0,"turns":9.0},{"damage":57,"enemies":"Nemesis","floor":41,"turns":5}],"seed_played":"2191702652596960437","potions_obtained":[{"floor":1.0,"key":"FairyPotion"},{"floor":4.0,"key":"LiquidBronze"},{"floor":18.0,"key":"Swift Potion"},{"floor":24.0,"key":"Weak Potion"},{"floor":25.0,"key":"Ancient Potion"},{"floor":28.0,"key":"AttackPotion"},{"floor":30.0,"key":"SteroidPotion"},{"floor":35.0,"key":"SkillPotion"},{"floor":36.0,"key":"LiquidBronze"},{"floor":38.0,"key":"FearPotion"}],"is_trial":false,"path_per_floor":["M","?","$","M","?","R","E","R","T","M","R","E","$","M","R","B",null,"M","?","$","M","$","E","M","M","T","?","M","R","M","$","R","B",null,"M","M","?","M","$","R","E"],"character_chosen":"IRONCLAD","items_purchased":["Armaments","Sadistic Nature","Double Tap","Infernal Blade","Exhume","Rage","Rage","Headbutt+1","Finesse","Flex","Dropkick+1"],"campfire_rested":6,"item_purchase_floors":[3,13,13,13,20,22,31,31,39,39,39],"current_hp_per_floor":[80,60,60,60,60,80,31,55,55,46,46,35,35,41,65,34,80,66,60,60,37,37,14,13,14,14,14,20,44,50,50,74,35,80,24,30,30,32,32,56,0],"gold":17,"neow_bonus":"HUNDRED_GOLD","is_prod":false,"is_daily":false,"chose_seed":false,"campfire_upgraded":1,"win_rate":0,"timestamp":1564388753,"path_taken":["M","?","$","M","?","R","E","R","T","M","R","E","$","M","R","BOSS","M","?","$","M","$","E","M","M","T","?","M","R","M","$","R","BOSS","M","M","?","M","$","R","E"],"build_version":"2019-07-17","purchased_purges":1,"victory":false,"max_hp_per_floor":[80,80,80,80,80,80,80,80,80,80,80,80,80,80,80,80,80,80,80,80,80,80,80,80,80,80,80,80,80,80,80,80,80,80,80,80,80,80,80,80,80],"card_choices":[{"not_picked":["Disarm","Sword Boomerang"],"picked":"Feel No Pain","floor":1.0},{"not_picked":["Intimidate","Dropkick"],"picked":"Flex","floor":4.0},{"not_picked":["Bloodletting","Havoc"],"picked":"Dropkick","floor":7.0},{"not_picked":["Sword Boomerang","Flame Barrier"],"picked":"Anger","floor":10.0},{"not_picked":["Warcry","Intimidate"],"picked":"Entrench","floor":12.0},{"not_picked":["Flex","Ghostly Armor"],"picked":"Inflame","floor":14.0},{"not_picked":["Berserk","Impervious"],"picked":"Demon Form","floor":16.0},{"not_picked":["True Grit+1","Feel No Pain"],"picked":"Dual Wield+1","floor":18.0},{"not_picked":["Havoc","Clothesline+1"],"picked":"Inflame","floor":21.0},{"not_picked":["Flex+1","Battle Trance+1"],"picked":"Anger+1","floor":23.0},{"not_picked":["Ghostly Armor","Sentinel"],"picked":"Flame Barrier+1","floor":24.0},{"not_picked":["Twin Strike+1","Hemokinesis+1"],"picked":"Dual Wield+1","floor":25.0},{"not_picked":["Thunderclap+1","Corruption"],"picked":"Headbutt+1","floor":28.0},{"not_picked":["Twin Strike+1","Clash+1"],"picked":"Barricade","floor":30.0},{"not_picked":["Offering","Fiend Fire+1"],"picked":"Barricade","floor":33.0},{"not_picked":["Clash+1","Sever Soul+1"],"picked":"Flex","floor":35.0},{"not_picked":["Twin Strike+1","Clothesline+1"],"picked":"Pommel Strike+1","floor":36.0},{"not_picked":["Wild Strike+1","Havoc+1"],"picked":"Blood for Blood+1","floor":38.0}],"player_experience":256912,"relics_obtained":[{"floor":7.0,"key":"Red Skull"},{"floor":9.0,"key":"Bag of Preparation"},{"floor":12.0,"key":"Molten Egg 2"},{"floor":23.0,"key":"Shuriken"},{"floor":26.0,"key":"Ornamental Fan"}],"event_choices":[{"damage_healed":0.0,"max_hp_gain":0.0,"max_hp_loss":0.0,"gold_gain":0.0,"event_name":"Golden Idol","player_choice":"Take Damage","floor":2.0,"gold_loss":0.0,"damage_taken":20.0,"relics_obtained":["Golden Idol"]},{"damage_healed":0.0,"max_hp_gain":0.0,"max_hp_loss":0.0,"gold_gain":175.0,"event_name":"Liars Game","player_choice":"AGREE","floor":5.0,"gold_loss":0.0,"damage_taken":0.0,"cards_obtained":["Doubt"]},{"damage_healed":0.0,"max_hp_gain":0.0,"max_hp_loss":0.0,"gold_gain":0.0,"event_name":"Nest","player_choice":"Joined the Cult","floor":19.0,"gold_loss":0.0,"damage_taken":6.0,"cards_obtained":["RitualDagger"]},{"damage_healed":0.0,"max_hp_gain":0.0,"max_hp_loss":0.0,"gold_gain":0.0,"event_name":"Ghosts","player_choice":"Ignored","floor":27.0,"gold_loss":0.0,"damage_taken":0.0},{"cards_removed":["Pommel Strike"],"damage_healed":0.0,"max_hp_gain":0.0,"max_hp_loss":0.0,"gold_gain":0.0,"event_name":"Falling","player_choice":"Removed Attack","floor":37.0,"gold_loss":0.0,"damage_taken":0.0}],"is_beta":false,"boss_relics":[{"not_picked":["Busted Crown","Sozu"],"picked":"Fusion Hammer"},{"not_picked":["Orrery","Black Blood"],"picked":"Philosopher\u0027s Stone"}],"items_purged_floors":[13],"is_endless":false,"potions_floor_spawned":[1,4,18,24,25,28,30,35,36,38],"killed_by":"Nemesis","ascension_level":2}