{"gold_per_floor":[109,56,76,76,76,104,117,130,130,130,140,175,175,191,191,286,286,296,3,17,17],"floor_reached":21,"playtime":2482,"items_purged":[],"score":210,"play_id":"c7616af2-d9c9-4826-a024-36cf3c8a0b6b","local_time":"20190821125242","is_ascension_mode":true,"campfire_choices":[{"floor":10,"key":"REST"},{"floor":13,"key":"REST"},{"floor":15,"key":"REST"}],"neow_cost":"NONE","seed_source_timestamp":17790009592253,"circlet_count":0,"master_deck":["Strike_G","Strike_G","Strike_G","Strike_G","Strike_G","Defend_G","Defend_G","Defend_G","Defend_G","Defend_G","Survivor","Neutralize","Underhanded Strike","Deflect","Cloak And Dagger","Setup","Blur","Poisoned Stab","Noxious Fumes","Backflip","Adrenaline","Deadly Poison","Infinite Blades","Backflip","Slice","Slice+1"],"relics":["Ring of the Snake","Boot","Oddly Smooth Stone","Bottled Flame","Black Star","Blood Vial"],"potions_floor_usage":[6,8,11,12,20,20],"damage_taken":[{"damage":0,"enemies":"Small Slimes","floor":1,"turns":3},{"damage":0,"enemies":"Cultist","floor":3,"turns":4},{"damage":41,"enemies":"Gremlin Nob","floor":6,"turns":6},{"damage":0,"enemies":"2 Louse","floor":7,"turns":2},{"damage":0,"enemies":"2 Fungi Beasts","floor":8,"turns":5},{"damage":0,"enemies":"Red Slaver","floor":11,"turns":5},{"damage":29,"enemies":"Lagavulin","floor":12,"turns":13},{"damage":6,"enemies":"Exordium Thugs","floor":14,"turns":5},{"damage":33,"enemies":"The Guardian","floor":16,"turns":15},{"damage":34,"enemies":"Spheric Guardian","floor":18,"turns":8},{"damage":13,"enemies":"2 Thieves","floor":20,"turns":4},{"damage":29,"enemies":"Snecko","floor":21,"turns":6}],"seed_played":"-5600081231863889074","potions_obtained":[{"floor":1,"key":"PowerPotion"},{"floor":6,"key":"Explosive Potion"},{"floor":7,"key":"Swift Potion"},{"floor":8,"key":"Weak Potion"},{"floor":14,"key":"Dexterity Potion"},{"floor":18,"key":"LiquidBronze"}],"is_trial":false,"path_per_floor":["M","$","M","$","?","E","M","M","T","R","M","E","R","M","R","B",null,"M","$","M","M"],"character_chosen":"THE_SILENT","items_purchased":["Deflect","Infinite Blades","Backflip","Slice","Blood Vial"],"campfire_rested":3,"item_purchase_floors":[2,19,19,19,19],"current_hp_per_floor":[70,70,70,70,70,29,29,29,29,50,50,21,42,36,57,24,70,36,36,25,0],"gold":17,"neow_bonus":"RANDOM_COMMON_RELIC","is_prod":false,"is_daily":false,"chose_seed":false,"campfire_upgraded":0,"win_rate":0,"timestamp":1566384762,"path_taken":["M","$","M","$","?","E","M","M","T","R","?","E","R","M","R","BOSS","M","$","M","M"],"build_version":"2019-07-17","purchased_purges":0,"victory":false,"max_hp_per_floor":[70,70,70,70,70,70,70,70,70,70,70,70,70,70,70,70,70,70,70,70,70],"card_choices":[{"not_picked":["Riddle With Holes","Prepared"],"picked":"Underhanded Strike","floor":1},{"not_picked":["Blade Dance","PiercingWail"],"picked":"Cloak And Dagger","floor":3},{"not_picked":["Masterful Stab","Acrobatics"],"picked":"Setup","floor":6},{"not_picked":["All Out Attack","Bane"],"picked":"Blur","floor":7},{"not_picked":["Underhanded Strike","Flying Knee"],"picked":"Poisoned Stab","floor":8},{"not_picked":["Calculated Gamble","Quick Slash","Bane"],"picked":"SKIP","floor":11},{"not_picked":["Flechettes","Deadly Poison"],"picked":"Noxious Fumes","floor":12},{"not_picked":["Slice","Die Die Die"],"picked":"Backflip","floor":14},{"not_picked":["Malaise","Grand Finale"],"picked":"Adrenaline","floor":16},{"not_picked":["Deflect","Reflex"],"picked":"Deadly Poison","floor":18},{"not_picked":["Expertise+1","Backstab"],"picked":"Slice+1","floor":20}],"player_experience":404145,"relics_obtained":[{"floor":6,"key":"Oddly Smooth Stone"},{"floor":12,"key":"Bottled Flame"}],"event_choices":[{"damage_healed":0,"gold_gain":0,"player_choice":"Bought 0 Potions","damage_taken":0,"max_hp_gain":0,"max_hp_loss":0,"event_name":"The Woman in Blue","floor":5,"gold_loss":0}],"is_beta":false,"boss_relics":[{"not_picked":["Empty Cage","Calling Bell"],"picked":"Black Star"}],"items_purged_floors":[],"is_endless":false,"potions_floor_spawned":[1,6,7,8,14,18],"killed_by":"Snecko","ascension_level":2}