{"gold_per_floor":[113,128,53,65,84,84,110,130,130,117,117,151,151,163,163,266,266,266,266,13,13,13,13,13,13,13,13,13,13,13,13,13,13],"floor_reached":33,"playtime":4422,"items_purged":["Strike_G","Strike_G"],"score":283,"play_id":"a0d1b8e3-f013-4482-b220-8ad477113da1","local_time":"20180728232335","is_ascension_mode":false,"campfire_choices":[{"data":"Backflip","floor":6.0,"key":"SMITH"},{"floor":13.0,"key":"REST"},{"data":"Envenom","floor":15.0,"key":"SMITH"},{"floor":23,"key":"REST"},{"floor":28,"key":"REST"},{"floor":32,"key":"REST"}],"neow_cost":"NONE","seed_source_timestamp":0,"circlet_count":0,"master_deck":["Defend_G","Defend_G","Defend_G","Defend_G+1","Defend_G","Strike_G","Strike_G","Strike_G","Survivor","Neutralize","Poisoned Stab","Dodge and Roll","Backflip+1","Slice","Envenom+1","Deadly Poison","Quick Slash","Phantasmal Killer","Deadly Poison","Slice","Caltrops","Quick Slash","Deadly Poison","Infinite Blades+1","Quick Slash","Prepared+1"],"special_seed":0,"relics":["Ring of the Snake","Mercury Hourglass","Lantern","Potion Belt","Ectoplasm","Mummified Hand","Bronze Scales"],"potions_floor_usage":[21,24,31,33,33,33],"damage_taken":[{"damage":0.0,"enemies":"Cultist","floor":1.0,"turns":5.0},{"damage":0.0,"enemies":"2 Louse","floor":2.0,"turns":4.0},{"damage":0.0,"enemies":"Small Slimes","floor":4.0,"turns":4.0},{"damage":0.0,"enemies":"Exordium Wildlife","floor":5.0,"turns":5.0},{"damage":36.0,"enemies":"Lagavulin","floor":7.0,"turns":12.0},{"damage":0.0,"enemies":"Looter","floor":8.0,"turns":3.0},{"damage":0.0,"enemies":"Exordium Thugs","floor":10.0,"turns":4.0},{"damage":0.0,"enemies":"Blue Slaver","floor":11.0,"turns":2.0},{"damage":7.0,"enemies":"3 Sentries","floor":12.0,"turns":6.0},{"damage":0.0,"enemies":"2 Fungi Beasts","floor":14.0,"turns":3.0},{"damage":11.0,"enemies":"Hexaghost","floor":16.0,"turns":8.0},{"damage":0.0,"enemies":"Chosen","floor":18.0,"turns":5.0},{"damage":26.0,"enemies":"Spheric Guardian","floor":19.0,"turns":6.0},{"damage":12,"enemies":"Cultist and Chosen","floor":21,"turns":5},{"damage":22,"enemies":"Book of Stabbing","floor":24,"turns":5},{"damage":15,"enemies":"Snecko","floor":25,"turns":4},{"damage":1,"enemies":"Centurion and Healer","floor":29,"turns":6},{"damage":18,"enemies":"Snake Plant","floor":31,"turns":2},{"damage":45,"enemies":"Automaton","floor":33,"turns":6}],"seed_played":"-2882723232525154919","potions_obtained":[{"floor":2.0,"key":"EssenceOfSteel"},{"floor":7.0,"key":"AttackPotion"},{"floor":8.0,"key":"SmokeBomb"},{"floor":14.0,"key":"EntropicBrew"},{"floor":24,"key":"Dexterity Potion"},{"floor":25,"key":"Explosive Potion"},{"floor":29,"key":"LiquidBronze"}],"is_trial":false,"path_per_floor":["M","M","$","M","M","R","E","M","T","M","M","E","R","M","R","B",null,"M","M","$","M","?","R","E","M","T","?","R","M","$","M","R"],"character_chosen":"THE_SILENT","items_purchased":["Caltrops","Quick Slash","Deadly Poison"],"campfire_rested":4,"item_purchase_floors":[20,20,20],"current_hp_per_floor":[70,70,70,70,70,70,34,34,34,34,34,27,48,48,48,37,70,70,44,44,32,32,53,31,16,16,16,37,36,36,18,39,0],"gold":13,"neow_bonus":"UPGRADE_CARD","is_prod":false,"is_daily":false,"chose_seed":false,"campfire_upgraded":2,"win_rate":0.0,"timestamp":1532791415,"path_taken":["M","M","$","?","M","R","E","M","T","M","M","E","R","M","R","BOSS","M","M","$","M","?","R","E","M","T","?","R","M","?","M","R","BOSS"],"build_version":"2018-07-26","purchased_purges":2,"victory":false,"max_hp_per_floor":[70,70,70,70,70,70,70,70,70,70,70,70,70,70,70,70,70,70,70,70,70,70,70,70,70,70,70,70,70,70,70,70,70],"card_choices":[{"not_picked":["PiercingWail","Predator"],"picked":"Poisoned Stab","floor":1.0},{"not_picked":["Crippling Poison","Blade Dance"],"picked":"Dodge and Roll","floor":2.0},{"not_picked":["Outmaneuver","Reflex"],"picked":"Backflip","floor":4.0},{"not_picked":["Acrobatics","Predator"],"picked":"Slice","floor":5.0},{"not_picked":["Predator","Deflect"],"picked":"Envenom","floor":7.0},{"not_picked":["PiercingWail","Footwork"],"picked":"Deadly Poison","floor":8.0},{"not_picked":["Acrobatics","PiercingWail"],"picked":"Quick Slash","floor":10.0},{"not_picked":["Acrobatics","Terror","PiercingWail"],"picked":"SKIP","floor":12.0},{"not_picked":["Tactician","After Image","Flechettes"],"picked":"SKIP","floor":14.0},{"not_picked":["Unload","Doppelganger"],"picked":"Phantasmal Killer","floor":16.0},{"not_picked":["Dodge and Roll","Crippling Poison"],"picked":"Deadly Poison","floor":18.0},{"not_picked":["Dash+1","PiercingWail"],"picked":"Slice","floor":19.0},{"not_picked":["Prepared","Leg Sweep","Choke"],"picked":"SKIP","floor":21},{"not_picked":["Noxious Fumes","Poisoned Stab+1","Outmaneuver"],"picked":"SKIP","floor":24},{"not_picked":["Tools of the Trade","Slice"],"picked":"Infinite Blades+1","floor":25},{"not_picked":["Underhanded Strike","Outmaneuver"],"picked":"Quick Slash","floor":29},{"not_picked":["Distraction","Outmaneuver"],"picked":"Prepared+1","floor":31}],"player_experience":40218,"relics_obtained":[{"floor":7.0,"key":"Mercury Hourglass"},{"floor":9.0,"key":"Lantern"},{"floor":12.0,"key":"Potion Belt"},{"floor":24,"key":"Mummified Hand"},{"floor":26,"key":"Bronze Scales"}],"event_choices":[{"event_name":"Drug Dealer","player_choice":"Ignored","floor":22,"damage_taken":0},{"event_name":"Addict","player_choice":"Ignored","floor":27,"damage_taken":0}],"is_beta":false,"boss_relics":[{"not_picked":["Fusion Hammer","Tiny House"],"picked":"Ectoplasm"}],"items_purged_floors":[3,20],"is_endless":false,"potions_floor_spawned":[2,7,8,14,24,25,29],"killed_by":"Automaton","ascension_level":0}