{"gold_per_floor":[118,131,19,34,53,78,78,138,161,161,186,201,201,211,211,315,315,332,332,411,424,41,41,76,95,121,121,134,134,10,39,39,134,134,144,194,194,206,81,115,115,115,160,190,190,201,201,5,5,5,5,5,5,34,34],"floor_reached":56,"playtime":16287,"items_purged":["Strike_B","Strike_B","Defend_B"],"score":1222,"play_id":"e701977a-807c-4627-acd8-14fa08559b36","local_time":"20190823011845","is_ascension_mode":true,"campfire_choices":[{"floor":10.0,"key":"REST"},{"data":"Biased Cognition","floor":13.0,"key":"SMITH"},{"data":"Defragment","floor":15.0,"key":"SMITH"},{"data":"Fission","floor":23.0,"key":"SMITH"},{"data":"Self Repair","floor":27.0,"key":"SMITH"},{"data":"Storm","floor":29.0,"key":"SMITH"},{"data":"Defragment","floor":32.0,"key":"SMITH"},{"data":"Machine Learning","floor":42.0,"key":"SMITH"},{"data":"Static Discharge","floor":45.0,"key":"SMITH"},{"floor":49,"key":"RECALL"},{"data":"Apotheosis","floor":52,"key":"SMITH"}],"neow_cost":"NONE","seed_source_timestamp":629704653708900,"circlet_count":0,"master_deck":["Strike_B","Defend_B","Defend_B","Defend_B","Zap","Dualcast","Reinforced Body","Defragment+1","FTL","Defragment+1","FTL","Biased Cognition+1","Defragment","Conserve Battery","Self Repair+1","Go for the Eyes","Fission+1","Cold Snap+1","Force Field","Heatsinks","Dramatic Entrance","Ball Lightning","Storm+1","Gash+1","Cold Snap","Hologram+1","Buffer","Undo+1","Cold Snap+1","Machine Learning+1","Static Discharge+1","Glacier","Thunder Strike","Apotheosis+1"],"special_seed":0,"relics":["Cracked Core","Strawberry","Blood Vial","Tiny Chest","Bronze Scales","Centennial Puzzle","Inserter","Bottled Tornado","Lantern","Dodecahedron","Boot","Juzu Bracelet","Sozu","Bird Faced Urn","Potion Belt","Happy Flower","Pen Nib","StoneCalendar"],"potions_floor_usage":[55],"damage_taken":[{"damage":1.0,"enemies":"Cultist","floor":1.0,"turns":4.0},{"damage":0.0,"enemies":"Small Slimes","floor":2.0,"turns":4.0},{"damage":0.0,"enemies":"Jaw Worm","floor":4.0,"turns":4.0},{"damage":0.0,"enemies":"Large Slime","floor":5.0,"turns":4.0},{"damage":13.0,"enemies":"3 Sentries","floor":6.0,"turns":5.0},{"damage":23.0,"enemies":"Gremlin Nob","floor":8.0,"turns":4.0},{"damage":4.0,"enemies":"Exordium Wildlife","floor":12.0,"turns":5.0},{"damage":4.0,"enemies":"3 Louse","floor":14.0,"turns":3.0},{"damage":11.0,"enemies":"The Guardian","floor":16.0,"turns":9.0},{"damage":6.0,"enemies":"Chosen","floor":18.0,"turns":4.0},{"damage":0.0,"enemies":"Spheric Guardian","floor":21.0,"turns":3.0},{"damage":22.0,"enemies":"Gremlin Leader","floor":24.0,"turns":5.0},{"damage":13.0,"enemies":"Snake Plant","floor":25.0,"turns":3.0},{"damage":17.0,"enemies":"Sentry and Sphere","floor":28.0,"turns":4.0},{"damage":8.0,"enemies":"Book of Stabbing","floor":31.0,"turns":3.0},{"damage":7.0,"enemies":"Automaton","floor":33.0,"turns":6.0},{"damage":3.0,"enemies":"3 Shapes","floor":35.0,"turns":3.0},{"damage":21.0,"enemies":"2 Orb Walkers","floor":36.0,"turns":4.0},{"damage":9.0,"enemies":"3 Darklings","floor":38.0,"turns":4.0},{"damage":22.0,"enemies":"Reptomancer","floor":40.0,"turns":5.0},{"damage":18.0,"enemies":"Nemesis","floor":44.0,"turns":5.0},{"damage":0.0,"enemies":"Sphere and 2 Shapes","floor":46.0,"turns":3.0},{"damage":37,"enemies":"Donu and Deca","floor":50,"turns":6},{"damage":20,"enemies":"Shield and Spear","floor":54,"turns":3},{"damage":49,"enemies":"The Heart","floor":55,"turns":6}],"seed_played":"-687640601941682164","potions_obtained":[{"floor":1.0,"key":"Dexterity Potion"},{"floor":2.0,"key":"Dexterity Potion"},{"floor":4.0,"key":"Strength Potion"},{"floor":5.0,"key":"SteroidPotion"},{"floor":21.0,"key":"Poison Potion"},{"floor":28.0,"key":"FearPotion"},{"floor":33.0,"key":"FearPotion"}],"is_trial":false,"path_per_floor":["M","M","$","M","M","E","?","E","T","R","T","M","R","M","R","B",null,"M","?","T","M","$","R","E","M","T","R","M","R","$","E","R","B",null,"M","?","T","M","$","E","$","R","T","E","R","M","?","$","R","B",null,"R","$","E","B",null],"character_chosen":"DEFECT","items_purchased":["FTL","Defragment","Heatsinks","Lantern","Dramatic Entrance","Cold Snap","Apotheosis"],"campfire_rested":1,"item_purchase_floors":[3,3,22,22,22,30,48],"current_hp_per_floor":[81,81,81,81,81,68,50,29,29,53,53,51,51,56,56,54,82,82,82,82,82,82,82,67,63,63,63,58,58,58,62,62,67,82,79,70,70,82,82,80,80,80,80,72,72,82,82,82,82,69,82,82,82,78,47],"gold":34,"neow_bonus":"RANDOM_COMMON_RELIC","is_prod":false,"is_daily":false,"chose_seed":false,"campfire_upgraded":9,"win_rate":1,"timestamp":1566512325,"path_taken":["M","M","$","M","?","E","?","E","T","R","?","M","R","M","R","BOSS","M","?","?","M","$","R","E","M","T","R","M","R","$","E","R","BOSS","M","?","?","M","$","E","$","R","T","E","R","M","?","$","R","BOSS","R","$","E","BOSS"],"build_version":"2019-07-17","purchased_purges":3,"victory":true,"max_hp_per_floor":[82,82,82,82,82,82,82,82,82,82,82,82,82,82,82,82,82,82,82,82,82,82,82,82,82,82,82,82,82,82,82,82,82,82,82,82,82,82,82,82,82,82,82,82,82,82,82,82,82,82,82,82,82,82,82],"card_choices":[{"not_picked":["White Noise","Undo"],"picked":"Reinforced Body","floor":1.0},{"not_picked":["Doom and Gloom","Cold Snap"],"picked":"Defragment","floor":2.0},{"not_picked":["Streamline","Leap"],"picked":"FTL","floor":4.0},{"not_picked":["Rebound","Cold Snap"],"picked":"Biased Cognition","floor":5.0},{"not_picked":["Compile Driver","Storm"],"picked":"Defragment","floor":6.0},{"not_picked":["Blizzard","Tempest"],"picked":"Conserve Battery","floor":8.0},{"not_picked":["Ball Lightning","Leap"],"picked":"Self Repair","floor":12.0},{"not_picked":["Leap","Stack"],"picked":"Go for the Eyes","floor":14.0},{"not_picked":["Reboot","Buffer"],"picked":"Fission","floor":16.0},{"not_picked":["Hologram","Self Repair"],"picked":"Cold Snap+1","floor":18.0},{"not_picked":["Barrage","Leap"],"picked":"Force Field","floor":21.0},{"not_picked":["Stack","Biased Cognition"],"picked":"Ball Lightning","floor":24.0},{"not_picked":["Coolheaded","Beam Cell+1"],"picked":"Storm","floor":25.0},{"not_picked":["Sweeping Beam","Aggregate"],"picked":"Gash+1","floor":28.0},{"not_picked":["Rebound","Redo"],"picked":"Hologram+1","floor":31.0},{"not_picked":["Creative AI","Rainbow"],"picked":"Buffer","floor":33.0},{"not_picked":["Rebound+1","Hello World"],"picked":"Undo+1","floor":35.0},{"not_picked":["Defragment","Force Field"],"picked":"Cold Snap+1","floor":36.0},{"not_picked":["Steam+1","Coolheaded","Go for the Eyes"],"picked":"SKIP","floor":38.0},{"not_picked":["Heatsinks","Beam Cell"],"picked":"Machine Learning","floor":40.0},{"not_picked":["Amplify","Force Field+1"],"picked":"Static Discharge","floor":44.0},{"not_picked":["Leap+1","Steam"],"picked":"Glacier","floor":46.0},{"not_picked":["Hologram","Redo+1","Rebound+1"],"picked":"SKIP","floor":54}],"player_experience":115692,"relics_obtained":[{"floor":8.0,"key":"Tiny Chest"},{"floor":9.0,"key":"Bronze Scales"},{"floor":11.0,"key":"Centennial Puzzle"},{"floor":20.0,"key":"Bottled Tornado"},{"floor":24.0,"key":"Dodecahedron"},{"floor":26.0,"key":"Boot"},{"floor":31.0,"key":"Juzu Bracelet"},{"floor":36.0,"key":"Bird Faced Urn"},{"floor":40.0,"key":"Potion Belt"},{"floor":43.0,"key":"Happy Flower"},{"floor":44.0,"key":"Pen Nib"},{"floor":54,"key":"StoneCalendar"}],"event_choices":[{"damage_healed":0.0,"max_hp_gain":0.0,"max_hp_loss":0.0,"gold_gain":0.0,"event_name":"Scrap Ooze","player_choice":"Success","floor":7.0,"gold_loss":0.0,"damage_taken":18.0,"relics_obtained":["Blood Vial"]},{"damage_healed":0.0,"max_hp_gain":0.0,"max_hp_loss":0.0,"gold_gain":0.0,"event_name":"Ghosts","player_choice":"Ignored","floor":19.0,"gold_loss":0.0,"damage_taken":0.0},{"damage_healed":0.0,"max_hp_gain":0.0,"max_hp_loss":0.0,"gold_gain":0.0,"event_name":"Mysterious Sphere","player_choice":"Fight","floor":36.0,"gold_loss":0.0,"damage_taken":0.0},{"damage_healed":0,"gold_gain":0,"cards_transformed":["Strike_B"],"player_choice":"Transformed","damage_taken":0,"max_hp_gain":0,"max_hp_loss":0,"event_name":"Transmorgrifier","floor":47,"gold_loss":0,"cards_obtained":["Thunder Strike"]}],"is_beta":false,"boss_relics":[{"not_picked":["Lizard Tail","Fusion Hammer"],"picked":"Inserter"},{"not_picked":["Runic Pyramid","Tiny House"],"picked":"Sozu"}],"items_purged_floors":[22,30,39],"is_endless":false,"potions_floor_spawned":[1,2,4,5,21,28,33,38,44,54],"ascension_level":1}