{"gold_per_floor":[118,137,153,170,170,211,211,211],"floor_reached":8,"playtime":376,"items_purged":[],"score":70,"play_id":"83ecc7e4-467f-4cd0-827f-674bcec85135","local_time":"20190113220158","is_ascension_mode":true,"campfire_choices":[{"data":"Strike_B","floor":7,"key":"PURGE"}],"neow_cost":"NONE","seed_source_timestamp":3377691607964501,"circlet_count":0,"master_deck":["Strike_B","Strike_B","Strike_B","Defend_B","Defend_B","Defend_B","Defend_B","Zap","Dualcast","Capacitor","Go for the Eyes","Self Repair","Gash","Loop"],"relics":["Cracked Core","Strawberry","Golden Idol","Peace Pipe"],"potions_floor_usage":[6,6,8],"damage_taken":[{"damage":0,"enemies":"2 Louse","floor":1,"turns":1},{"damage":4,"enemies":"Jaw Worm","floor":2,"turns":3},{"damage":0,"enemies":"Cultist","floor":3,"turns":3},{"damage":15,"enemies":"Large Slime","floor":4,"turns":7},{"damage":31,"enemies":"Lagavulin","floor":6,"turns":6},{"damage":30,"enemies":"The Mushroom Lair","floor":8,"turns":3}],"seed_played":"3237182289868120457","potions_obtained":[{"floor":2,"key":"SneckoOil"},{"floor":4,"key":"EssenceOfSteel"},{"floor":6,"key":"Explosive Potion"}],"is_trial":false,"path_per_floor":["M","M","M","M","?","E","R","?"],"character_chosen":"DEFECT","items_purchased":[],"campfire_rested":0,"item_purchase_floors":[],"current_hp_per_floor":[82,78,78,70,50,26,26,0],"gold":211,"neow_bonus":"RANDOM_COMMON_RELIC","is_prod":false,"is_daily":false,"chose_seed":false,"campfire_upgraded":0,"win_rate":0,"timestamp":1547434918,"path_taken":["M","M","M","M","?","E","R","?"],"build_version":"2019-01-10","purchased_purges":0,"victory":false,"max_hp_per_floor":[82,82,82,82,82,82,82,82],"card_choices":[{"not_picked":["Stack","Sweeping Beam"],"picked":"Capacitor","floor":1},{"not_picked":["Scrape","Auto Shields"],"picked":"Go for the Eyes","floor":2},{"not_picked":["Force Field","Streamline"],"picked":"Self Repair","floor":3},{"not_picked":["Glacier","Coolheaded"],"picked":"Gash","floor":4},{"not_picked":["Barrage","Leap"],"picked":"Loop","floor":6}],"player_experience":211309,"relics_obtained":[{"floor":6,"key":"Peace Pipe"}],"event_choices":[{"damage_healed":0,"gold_gain":0,"player_choice":"Take Damage","damage_taken":20,"relics_obtained":["Golden Idol"],"max_hp_gain":0,"max_hp_loss":0,"event_name":"Golden Idol","floor":5,"gold_loss":0},{"damage_healed":0,"gold_gain":0,"player_choice":"Fought Mushrooms","damage_taken":0,"max_hp_gain":0,"max_hp_loss":0,"event_name":"Mushrooms","floor":8,"gold_loss":0}],"is_beta":false,"boss_relics":[],"items_purged_floors":[],"is_endless":false,"potions_floor_spawned":[2,4,6],"killed_by":"The Mushroom Lair","ascension_level":4}