{"gold_per_floor":[111,124,0,16,116,116,2,20,71,82,92,14,49,65,65,165,165,184,16,16,196,206,206,206,206,288,315,315,315,333,343,343,443,443,454,473,139,156,167,167,267,162,162,180,180,190,190,190,190,190],"floor_reached":51,"playtime":4527,"items_purged":[],"score":674,"play_id":"3f0b1e9c-1dff-4e60-b202-11bf31402d8c","local_time":"20190724122328","is_ascension_mode":false,"campfire_choices":[{"data":"Caltrops","floor":6.0,"key":"SMITH"},{"data":"Noxious Fumes","floor":15.0,"key":"SMITH"},{"floor":23.0,"key":"REST"},{"floor":28.0,"key":"REST"},{"floor":32.0,"key":"REST"},{"floor":40.0,"key":"REST"},{"floor":45.0,"key":"REST"},{"data":"Noxious Fumes","floor":49.0,"key":"SMITH"}],"neow_cost":"NONE","seed_source_timestamp":0,"circlet_count":0,"master_deck":["Strike_G+1","Strike_G+1","Strike_G+1","Defend_G+1","Defend_G+1","Defend_G+1","Defend_G+1","Defend_G+1","Survivor","Neutralize","Tools of the Trade","Cloak And Dagger","Dash","Caltrops+1","Poisoned Stab","Slice","Noxious Fumes+1","Catalyst","Blur","Footwork","Deflect","Terror","PiercingWail","Noxious Fumes+1","Envenom","Dagger Throw","Magnetism","Purity","Blur+1","Slice+1","Escape Plan","Deadly Poison","Burst","Accuracy+1","Blade Dance+1","Infinite Blades","PiercingWail","Quick Slash","Mayhem","Noxious Fumes+1","PiercingWail+1","Backflip+1","Caltrops","Catalyst","PiercingWail","Prepared+1"],"special_seed":0,"relics":["Ring of the Snake","Vajra","Omamori","Philosopher\u0027s Stone","Dodecahedron","Pear","Letter Opener","Red Mask","WristBlade","Ice Cream","Art of War"],"potions_floor_usage":[50,50],"damage_taken":[{"damage":1.0,"enemies":"Cultist","floor":1.0,"turns":7.0},{"damage":0.0,"enemies":"2 Louse","floor":2.0,"turns":4.0},{"damage":0.0,"enemies":"Jaw Worm","floor":4.0,"turns":4.0},{"damage":3.0,"enemies":"Blue Slaver","floor":8.0,"turns":4.0},{"damage":0.0,"enemies":"Gremlin Gang","floor":10.0,"turns":4.0},{"damage":0.0,"enemies":"Looter","floor":11.0,"turns":4.0},{"damage":4.0,"enemies":"Gremlin Nob","floor":13.0,"turns":4.0},{"damage":2.0,"enemies":"Blue Slaver","floor":14.0,"turns":4.0},{"damage":24.0,"enemies":"Slime Boss","floor":16.0,"turns":8.0},{"damage":6.0,"enemies":"Chosen","floor":18.0,"turns":5.0},{"damage":7.0,"enemies":"Shell Parasite","floor":22.0,"turns":5.0},{"damage":44.0,"enemies":"Masked Bandits","floor":27.0,"turns":4.0},{"damage":8.0,"enemies":"Snake Plant","floor":30.0,"turns":5.0},{"damage":14.0,"enemies":"Snecko","floor":31.0,"turns":5.0},{"damage":46.0,"enemies":"Collector","floor":33.0,"turns":11.0},{"damage":1.0,"enemies":"3 Shapes","floor":35.0,"turns":5.0},{"damage":12.0,"enemies":"Orb Walker","floor":36.0,"turns":4.0},{"damage":25.0,"enemies":"4 Shapes","floor":38.0,"turns":5.0},{"damage":27.0,"enemies":"Jaw Worm Horde","floor":39.0,"turns":5.0},{"damage":0.0,"enemies":"Mind Bloom Boss Battle","floor":41.0,"turns":6.0},{"damage":37.0,"enemies":"Writhing Mass","floor":44.0,"turns":7.0},{"damage":15.0,"enemies":"Sphere and 2 Shapes","floor":46.0,"turns":5.0},{"damage":64,"enemies":"Time Eater","floor":50,"turns":10}],"seed_played":"1190673764541475861","potions_obtained":[{"floor":2.0,"key":"SneckoOil"},{"floor":8.0,"key":"SmokeBomb"},{"floor":10.0,"key":"Swift Potion"},{"floor":13.0,"key":"GamblersBrew"},{"floor":18.0,"key":"Regen Potion"},{"floor":30.0,"key":"Explosive Potion"},{"floor":41.0,"key":"SkillPotion"},{"floor":46.0,"key":"SkillPotion"}],"is_trial":false,"path_per_floor":["M","M","$","M","?","R","$","M","T","M","M","$","E","M","R","B",null,"M","$","?","?","M","R","?","T","T","?","R","?","M","M","R","B",null,"M","M","$","M","M","R","?","$","T","M","R","M","?","?","R","B",null],"character_chosen":"THE_SILENT","items_purchased":["Caltrops","Poisoned Stab","Noxious Fumes","Catalyst","Terror","Magnetism","Infinite Blades","PiercingWail","Quick Slash","Mayhem","Caltrops","Catalyst"],"campfire_rested":5,"item_purchase_floors":[3,3,7,7,12,19,37,37,37,37,42,42],"current_hp_per_floor":[69,69,69,69,69,69,69,66,66,66,66,66,62,60,60,36,70,64,64,64,36,29,50,50,60,60,16,40,40,47,33,57,11,80,79,67,67,42,15,39,39,39,39,2,26,11,11,70,70,6],"gold":190,"neow_bonus":"TRANSFORM_CARD","is_prod":false,"is_daily":false,"chose_seed":false,"campfire_upgraded":3,"win_rate":0.0,"timestamp":1563963808,"path_taken":["M","?","$","M","?","R","$","M","T","M","M","?","E","M","R","BOSS","M","$","?","?","?","R","?","?","T","?","R","?","M","?","R","BOSS","M","M","$","M","M","R","?","$","T","M","R","M","?","?","R","BOSS"],"build_version":"2019-07-17","purchased_purges":0,"victory":true,"max_hp_per_floor":[70,70,70,70,70,70,70,70,70,70,70,70,70,70,70,70,70,70,70,70,70,70,70,70,80,80,80,80,80,80,80,80,80,80,80,80,80,80,80,80,80,80,80,80,80,80,80,70,70,70],"card_choices":[{"not_picked":["Slice","Dagger Spray"],"picked":"Cloak And Dagger","floor":1.0},{"not_picked":["Blade Dance","Prepared"],"picked":"Dash","floor":2.0},{"not_picked":["Reflex","Poisoned Stab"],"picked":"Slice","floor":4.0},{"not_picked":["Leg Sweep","Heel Hook"],"picked":"Blur","floor":8.0},{"not_picked":["Slice","Caltrops"],"picked":"Footwork","floor":10.0},{"not_picked":["Leg Sweep","Expertise"],"picked":"Deflect","floor":11.0},{"not_picked":["Outmaneuver","Underhanded Strike"],"picked":"PiercingWail","floor":13.0},{"not_picked":["Backstab","Wraith Form v2"],"picked":"Noxious Fumes","floor":14.0},{"not_picked":["Tools of the Trade","Doppelganger"],"picked":"Envenom","floor":16.0},{"not_picked":["Riddle With Holes","Sucker Punch"],"picked":"Dagger Throw","floor":18.0},{"not_picked":["Crippling Poison","Flying Knee"],"picked":"Blur+1","floor":22.0},{"not_picked":["After Image","Flying Knee"],"picked":"Slice+1","floor":27.0},{"not_picked":["Blade Dance","Bane"],"picked":"Escape Plan","floor":30.0},{"not_picked":["Crippling Poison","Blade Dance+1"],"picked":"Deadly Poison","floor":31.0},{"not_picked":["Tools of the Trade","Glass Knife"],"picked":"Burst","floor":33.0},{"not_picked":["Endless Agony","Dash+1"],"picked":"Accuracy+1","floor":35.0},{"not_picked":["Endless Agony","Footwork"],"picked":"Blade Dance+1","floor":36.0},{"not_picked":["Cloak And Dagger","Flying Knee+1"],"picked":"Noxious Fumes+1","floor":38.0},{"not_picked":["Outmaneuver+1","Deflect"],"picked":"PiercingWail+1","floor":39.0},{"not_picked":["Crippling Poison","Dagger Throw+1"],"picked":"Backflip+1","floor":41.0},{"not_picked":["Backflip","Quick Slash"],"picked":"PiercingWail","floor":44.0},{"not_picked":["Blade Dance+1","Deadly Poison+1"],"picked":"Prepared+1","floor":46.0}],"player_experience":190230,"relics_obtained":[{"floor":9.0,"key":"Vajra"},{"floor":13.0,"key":"Omamori"},{"floor":25.0,"key":"Pear"},{"floor":26.0,"key":"Letter Opener"},{"floor":27.0,"key":"Red Mask"},{"floor":41.0,"key":"Ice Cream"},{"floor":43.0,"key":"Art of War"}],"event_choices":[{"damage_healed":0.0,"max_hp_gain":0.0,"max_hp_loss":0.0,"gold_gain":100.0,"event_name":"Golden Shrine","player_choice":"Pray","floor":5.0,"gold_loss":0.0,"damage_taken":0.0},{"damage_healed":0.0,"max_hp_gain":0.0,"max_hp_loss":0.0,"gold_gain":0.0,"event_name":"Back to Basics","player_choice":"Simplicity","floor":20.0,"gold_loss":0.0,"damage_taken":0.0,"cards_upgraded":["Strike_G","Strike_G","Strike_G","Strike_G","Defend_G","Defend_G","Defend_G","Defend_G","Defend_G"]},{"damage_healed":0.0,"max_hp_gain":0.0,"max_hp_loss":0.0,"gold_gain":180.0,"event_name":"Knowing Skull","player_choice":"GOLD CARD GOLD ","floor":21.0,"potions_obtained":[],"gold_loss":0.0,"damage_taken":28.0,"cards_obtained":["Purity"]},{"damage_healed":0.0,"max_hp_gain":0.0,"max_hp_loss":0.0,"gold_gain":0.0,"event_name":"Addict","player_choice":"Stole Relic","floor":24.0,"gold_loss":0.0,"damage_taken":0.0,"relics_obtained":["Dodecahedron"],"cards_obtained":["Shame"]},{"damage_healed":0.0,"max_hp_gain":0.0,"max_hp_loss":0.0,"gold_gain":0.0,"event_name":"Masked Bandits","player_choice":"Fought Bandits","floor":27.0,"gold_loss":0.0,"damage_taken":0.0},{"damage_healed":0.0,"max_hp_gain":0.0,"max_hp_loss":0.0,"gold_gain":0.0,"event_name":"The Woman in Blue","player_choice":"Bought 0 Potions","floor":29.0,"gold_loss":0.0,"damage_taken":0.0},{"damage_healed":0.0,"max_hp_gain":0.0,"max_hp_loss":0.0,"gold_gain":0.0,"event_name":"MindBloom","player_choice":"Fight","floor":41.0,"gold_loss":0.0,"damage_taken":0.0},{"cards_removed":["Strike_G"],"damage_healed":0.0,"max_hp_gain":0.0,"max_hp_loss":0.0,"gold_gain":0.0,"event_name":"Falling","player_choice":"Removed Attack","floor":47.0,"gold_loss":0.0,"damage_taken":0.0},{"damage_healed":70.0,"max_hp_gain":0.0,"max_hp_loss":10.0,"gold_gain":0.0,"event_name":"The Moai Head","player_choice":"Heal","floor":48.0,"gold_loss":0.0,"damage_taken":0.0}],"is_beta":false,"boss_relics":[{"not_picked":["HoveringKite","Coffee Dripper"],"picked":"Philosopher\u0027s Stone"},{"not_picked":["Velvet Choker","Calling Bell"],"picked":"WristBlade"}],"items_purged_floors":[],"is_endless":false,"potions_floor_spawned":[2,8,10,13,18,30,31,41,46],"ascension_level":0}