{"gold_per_floor":[113,129,54,54,54,71,71,86,86,86,142,152,152,168,168,272,272,288,288,306,319,319],"floor_reached":22,"playtime":1253,"items_purged":["Strike_B"],"score":187,"play_id":"b2784d9c-41af-4906-8328-ca46d2bb95d7","local_time":"20190110212559","is_ascension_mode":true,"campfire_choices":[{"data":"Redo","floor":10,"key":"SMITH"},{"data":"Dualcast","floor":13,"key":"SMITH"},{"floor":15,"key":"REST"}],"neow_cost":"NONE","seed_source_timestamp":3115446720112022,"circlet_count":0,"master_deck":["Strike_B","Strike_B+1","Defend_B","Defend_B","Defend_B","Zap","Dualcast+1","FTL","Redo+1","Beam Cell+1","Stack","Steam Power","Electrodynamics","Reboot","Steam+1","Go for the Eyes+1","Consume"],"relics":["Empty Cage","Mercury Hourglass","Whetstone","Calipers","Inserter","Nilry\u0027s Codex"],"potions_floor_usage":[16,16],"damage_taken":[{"damage":3,"enemies":"Jaw Worm","floor":1,"turns":4},{"damage":4,"enemies":"Small Slimes","floor":2,"turns":3},{"damage":0,"enemies":"2 Louse","floor":6,"turns":1},{"damage":0,"enemies":"Large Slime","floor":8,"turns":4},{"damage":30,"enemies":"Gremlin Nob","floor":11,"turns":4},{"damage":0,"enemies":"Looter","floor":12,"turns":2},{"damage":18,"enemies":"Red Slaver","floor":14,"turns":4},{"damage":28,"enemies":"Hexaghost","floor":16,"turns":8},{"damage":20,"enemies":"Spheric Guardian","floor":18,"turns":4},{"damage":5,"enemies":"3 Byrds","floor":20,"turns":2},{"damage":16,"enemies":"Centurion and Healer","floor":21,"turns":6},{"damage":26,"enemies":"Masked Bandits","floor":22,"turns":2}],"seed_played":"7547586589781708555","potions_obtained":[{"floor":2,"key":"Ancient Potion"},{"floor":11,"key":"SteroidPotion"},{"floor":12,"key":"FocusPotion"},{"floor":14,"key":"GamblersBrew"},{"floor":21,"key":"FearPotion"}],"is_trial":false,"path_per_floor":["M","M","$","?","?","M","$","M","T","R","?","M","R","M","R","B",null,"M","?","M","M","?"],"character_chosen":"DEFECT","items_purchased":[],"campfire_rested":1,"item_purchase_floors":[],"current_hp_per_floor":[72,68,68,61,66,66,66,66,66,66,36,36,36,18,42,14,80,60,44,39,23,0],"gold":319,"neow_bonus":"BOSS_RELIC","is_prod":false,"is_daily":false,"chose_seed":false,"campfire_upgraded":2,"win_rate":0,"timestamp":1547173559,"path_taken":["M","M","$","?","?","M","$","M","T","R","?","M","R","M","R","BOSS","M","?","M","M","?"],"build_version":"2019-01-10","purchased_purges":1,"victory":false,"max_hp_per_floor":[75,75,75,75,80,80,80,80,80,80,80,80,80,80,80,80,80,80,80,80,80,80],"card_choices":[{"not_picked":["Barrage","Beam Cell"],"picked":"FTL","floor":1},{"not_picked":["Lockon","Compile Driver"],"picked":"Redo","floor":2},{"not_picked":["Recycle","Reinforced Body"],"picked":"Beam Cell","floor":6},{"not_picked":["Glacier","Turbo"],"picked":"Stack","floor":8},{"not_picked":["Conserve Battery","Double Energy"],"picked":"Steam Power","floor":11},{"not_picked":["Double Energy","Hologram","Sweeping Beam"],"picked":"SKIP","floor":12},{"not_picked":["Redo","Self Repair"],"picked":"Electrodynamics","floor":14},{"not_picked":["Echo Form","Electrodynamics"],"picked":"Reboot","floor":16},{"not_picked":["Sweeping Beam","Cold Snap"],"picked":"Steam+1","floor":18},{"not_picked":["Barrage","Steam"],"picked":"Go for the Eyes+1","floor":20},{"not_picked":["Hologram+1","Stack"],"picked":"Consume","floor":21}],"player_experience":159629,"relics_obtained":[{"floor":9,"key":"Whetstone"},{"floor":11,"key":"Calipers"},{"floor":19,"key":"Nilry\u0027s Codex"}],"event_choices":[{"damage_healed":0,"gold_gain":0,"player_choice":"Success","damage_taken":7,"relics_obtained":["Mercury Hourglass"],"max_hp_gain":0,"max_hp_loss":0,"event_name":"Scrap Ooze","floor":4,"gold_loss":0},{"damage_healed":0,"gold_gain":0,"player_choice":"Donut","damage_taken":0,"max_hp_gain":5,"max_hp_loss":0,"event_name":"Big Fish","floor":5,"gold_loss":0},{"damage_healed":0,"gold_gain":0,"player_choice":"Searched \u00272\u0027 times","damage_taken":0,"max_hp_gain":0,"max_hp_loss":0,"event_name":"Dead Adventurer","floor":11,"gold_loss":0},{"damage_healed":0,"gold_gain":0,"player_choice":"Obtained Book","damage_taken":16,"max_hp_gain":0,"max_hp_loss":0,"event_name":"Cursed Tome","floor":19,"gold_loss":0},{"damage_healed":0,"gold_gain":0,"player_choice":"Fought Bandits","damage_taken":0,"max_hp_gain":0,"max_hp_loss":0,"event_name":"Masked Bandits","floor":22,"gold_loss":0}],"is_beta":false,"boss_relics":[{"not_picked":["White Beast Statue","Fusion Hammer"],"picked":"Inserter"}],"items_purged_floors":[3],"is_endless":false,"potions_floor_spawned":[2,11,12,14,21],"killed_by":"Masked Bandits","ascension_level":1}