{"gold_per_floor":[112,130,106,117,36,36,36,36,117,68,68,68,88,63,63,163,163,182,182,200,220,28,58,58,69,69,69,83,83,103,62,62,159,459,471,491,35,50,50,50,68,88,88,88,188,215,17,28,28,28],"floor_reached":51,"playtime":6461,"items_purged":["Pain"],"score":744,"play_id":"2bc6aced-0b15-403e-8fb5-f0a26ca50b45","local_time":"20190726145157","is_ascension_mode":true,"campfire_choices":[{"data":"Anger","floor":6.0,"key":"SMITH"},{"data":"Seeing Red","floor":8.0,"key":"SMITH"},{"data":"Pommel Strike","floor":11.0,"key":"SMITH"},{"data":"Anger","floor":15.0,"key":"SMITH"},{"floor":24.0,"key":"REST"},{"data":"Apotheosis","floor":32.0,"key":"SMITH"},{"data":"Fire Breathing","floor":40.0,"key":"SMITH"},{"floor":44.0,"key":"REST"},{"floor":49.0,"key":"REST"}],"neow_cost":"NONE","seed_source_timestamp":0,"circlet_count":0,"master_deck":["Defend_R","Defend_R","Defend_R","Defend_R","Bash","Seeing Red+1","Pommel Strike+1","Shrug It Off","Anger+1","Ghostly Armor","Shrug It Off+1","Flex","Anger+1","Barricade","Thunderclap+1","Feel No Pain+1","Apotheosis+1","Bite","Bite","Bite","Bite","Bite","Armaments","Rampage","Pommel Strike","Battle Trance","Parasite","Pommel Strike","Magnetism","Fire Breathing+1","Headbutt","Impervious","Seeing Red+1","Parasite","Pommel Strike+1","Iron Wave","Headbutt"],"special_seed":0,"relics":["Burning Blood","Self Forming Clay","Busted Crown","Meat on the Bone","Calling Bell","Dream Catcher","Dodecahedron","Old Coin","Girya","Charon\u0027s Ashes","Bottled Tornado","Strange Spoon"],"potions_floor_usage":[50,50],"damage_taken":[{"damage":5.0,"enemies":"2 Louse","floor":1.0,"turns":3.0},{"damage":2.0,"enemies":"Small Slimes","floor":2.0,"turns":4.0},{"damage":1.0,"enemies":"Jaw Worm","floor":4.0,"turns":4.0},{"damage":1.0,"enemies":"2 Fungi Beasts","floor":13.0,"turns":4.0},{"damage":28.0,"enemies":"The Guardian","floor":16.0,"turns":13.0},{"damage":14.0,"enemies":"Shell Parasite","floor":18.0,"turns":6.0},{"damage":0.0,"enemies":"Chosen","floor":20.0,"turns":6.0},{"damage":19.0,"enemies":"Snake Plant","floor":21.0,"turns":8.0},{"damage":22.0,"enemies":"Book of Stabbing","floor":23.0,"turns":7.0},{"damage":14.0,"enemies":"Sentry and Sphere","floor":25.0,"turns":8.0},{"damage":63.0,"enemies":"3 Cultists","floor":28.0,"turns":7.0},{"damage":2.0,"enemies":"Centurion and Healer","floor":30.0,"turns":9.0},{"damage":50.0,"enemies":"Automaton","floor":33.0,"turns":13.0},{"damage":34.0,"enemies":"Orb Walker","floor":35.0,"turns":6.0},{"damage":34.0,"enemies":"3 Darklings","floor":36.0,"turns":6.0},{"damage":48.0,"enemies":"Jaw Worm Horde","floor":38.0,"turns":12.0},{"damage":2.0,"enemies":"Writhing Mass","floor":41.0,"turns":16.0},{"damage":91.0,"enemies":"Maw","floor":42.0,"turns":15.0},{"damage":0.0,"enemies":"Mind Bloom Boss Battle","floor":45.0,"turns":10.0},{"damage":74.0,"enemies":"Nemesis","floor":46.0,"turns":9.0},{"damage":42.0,"enemies":"Spire Growth","floor":48.0,"turns":7.0},{"damage":79,"enemies":"Donu and Deca","floor":50,"turns":13}],"seed_played":"1384924004084184752","potions_obtained":[{"floor":13.0,"key":"SpeedPotion"},{"floor":16.0,"key":"GamblersBrew"},{"floor":23.0,"key":"LiquidBronze"},{"floor":28.0,"key":"BloodPotion"},{"floor":35.0,"key":"SkillPotion"},{"floor":45.0,"key":"GamblersBrew"},{"floor":48.0,"key":"Poison Potion"}],"is_trial":false,"path_per_floor":["M","M","$","M","$","R","?","R","T","$","R","?","M","$","R","B",null,"M","?","M","M","$","E","R","M","T","?","M","?","M","$","R","B",null,"M","M","$","M","?","R","M","M","T","R","?","E","$","M","R","B",null],"character_chosen":"IRONCLAD","items_purchased":["Shrug It Off","Ghostly Armor","Shrug It Off","Anger","Apotheosis","Battle Trance","Magnetism","Fire Breathing","Headbutt","Impervious","Strange Spoon"],"campfire_rested":3,"item_purchase_floors":[3,5,10,14,22,31,37,37,37,37,47],"current_hp_per_floor":[88,88,88,88,88,88,88,88,88,88,88,88,88,88,88,66,88,80,80,86,73,73,57,83,77,77,77,52,52,86,86,86,71,88,67,61,61,55,55,55,83,31,31,57,80,46,46,53,79,50],"gold":28,"neow_bonus":"TEN_PERCENT_HP_BONUS","is_prod":false,"is_daily":false,"chose_seed":false,"campfire_upgraded":6,"win_rate":0,"timestamp":1564145517,"path_taken":["M","M","$","M","$","R","?","R","T","$","R","?","M","?","R","BOSS","M","?","M","M","$","E","R","M","T","?","M","?","M","$","R","BOSS","M","M","$","M","?","R","M","?","T","R","?","E","?","M","R","BOSS"],"build_version":"2019-07-17","purchased_purges":1,"victory":true,"max_hp_per_floor":[88,88,88,88,88,88,88,88,88,88,88,88,88,88,88,88,88,88,88,88,88,88,88,88,88,88,88,88,88,88,88,88,88,88,88,88,88,88,88,88,88,88,88,88,88,88,88,88,88,88],"card_choices":[{"not_picked":["Sword Boomerang","True Grit"],"picked":"Seeing Red","floor":1.0},{"not_picked":["Thunderclap","True Grit"],"picked":"Pommel Strike","floor":2.0},{"not_picked":["Heavy Blade","Burning Pact"],"picked":"Anger","floor":4.0},{"not_picked":["Second Wind","Perfected Strike"],"picked":"Flex","floor":13.0},{"not_picked":["Exhume","Demon Form"],"picked":"Barricade","floor":16.0},{"not_picked":["Perfected Strike"],"picked":"SKIP","floor":18.0},{"not_picked":[],"picked":"Thunderclap+1","floor":20.0},{"not_picked":[],"picked":"Feel No Pain+1","floor":21.0},{"not_picked":["Havoc"],"picked":"SKIP","floor":23.0},{"not_picked":["True Grit"],"picked":"SKIP","floor":25.0},{"not_picked":[],"picked":"Armaments","floor":28.0},{"not_picked":[],"picked":"Pommel Strike","floor":30.0},{"not_picked":["Whirlwind+1"],"picked":"SKIP","floor":35.0},{"not_picked":[],"picked":"Pommel Strike","floor":36.0},{"not_picked":[],"picked":"Seeing Red+1","floor":38.0},{"not_picked":[],"picked":"Pommel Strike+1","floor":41.0},{"not_picked":[],"picked":"Iron Wave","floor":42.0},{"not_picked":[],"picked":"Headbutt","floor":46.0},{"not_picked":["Clothesline"],"picked":"SKIP","floor":48.0}],"player_experience":224106,"relics_obtained":[{"floor":9.0,"key":"Self Forming Clay"},{"floor":23.0,"key":"Blood Vial"},{"floor":26.0,"key":"Meat on the Bone"},{"floor":34.0,"key":"Dream Catcher"},{"floor":34.0,"key":"Dodecahedron"},{"floor":34.0,"key":"Old Coin"},{"floor":43.0,"key":"Girya"},{"floor":45.0,"key":"Charon\u0027s Ashes"},{"floor":46.0,"key":"Bottled Tornado"}],"event_choices":[{"damage_healed":0.0,"max_hp_gain":0.0,"max_hp_loss":0.0,"gold_gain":0.0,"event_name":"The Cleric","player_choice":"Leave","floor":7.0,"gold_loss":0.0,"damage_taken":0.0},{"damage_healed":0.0,"max_hp_gain":0.0,"max_hp_loss":0.0,"gold_gain":0.0,"event_name":"Living Wall","player_choice":"Grow","floor":12.0,"gold_loss":0.0,"damage_taken":0.0,"cards_upgraded":["Shrug It Off"]},{"damage_healed":0.0,"max_hp_gain":0.0,"max_hp_loss":0.0,"gold_gain":0.0,"event_name":"Ghosts","player_choice":"Ignored","floor":19.0,"gold_loss":0.0,"damage_taken":0.0},{"damage_healed":0.0,"max_hp_gain":0.0,"max_hp_loss":0.0,"gold_gain":0.0,"event_name":"Vampires","player_choice":"Became a vampire (Vial)","floor":27.0,"relics_lost":["Blood Vial"],"gold_loss":0.0,"damage_taken":0.0,"cards_obtained":["Bite","Bite","Bite","Bite","Bite"]},{"damage_healed":0.0,"max_hp_gain":0.0,"max_hp_loss":0.0,"gold_gain":0.0,"event_name":"The Library","player_choice":"Read","floor":29.0,"gold_loss":0.0,"damage_taken":0.0,"cards_obtained":["Rampage"]},{"cards_removed":["Pain"],"damage_healed":0.0,"max_hp_gain":0.0,"max_hp_loss":0.0,"gold_gain":0.0,"event_name":"Purifier","player_choice":"Purged","floor":39.0,"gold_loss":0.0,"damage_taken":0.0},{"damage_healed":0.0,"max_hp_gain":0.0,"max_hp_loss":0.0,"gold_gain":0.0,"event_name":"MindBloom","player_choice":"Fight","floor":45.0,"gold_loss":0.0,"damage_taken":0.0}],"is_beta":false,"boss_relics":[{"not_picked":["Empty Cage","Pandora\u0027s Box"],"picked":"Busted Crown"},{"not_picked":["Eternal Feather","Tiny House"],"picked":"Calling Bell"}],"items_purged_floors":[37],"is_endless":false,"potions_floor_spawned":[13,16,23,28,30,35,36,45,48],"ascension_level":1}