{"gold_per_floor":[110,285,33,33,49,65,76,93,93,107,120,120,133,163,163,259,259,272,32,32,32,32,32,52,71,94,111,127,139,139,11,11,11],"floor_reached":33,"playtime":3111,"items_purged":["Pain"],"score":291,"play_id":"4e5e9d63-c7e4-44d8-9fe2-fdc8e71a0cbc","local_time":"20190725133416","is_ascension_mode":true,"campfire_choices":[{"data":"Armaments","floor":12.0,"key":"SMITH"},{"floor":15.0,"key":"REST"},{"floor":23.0,"key":"REST"},{"floor":32,"key":"REST"}],"neow_cost":"NONE","seed_source_timestamp":15776125217458,"circlet_count":0,"master_deck":["Strike_R","Strike_R","Strike_R","Strike_R","Strike_R","Defend_R","Defend_R","Defend_R","Defend_R","Bash","Body Slam","Combust","Doubt","Sadistic Nature","Rupture","Warcry","Double Tap","Anger","Pommel Strike","Armaments+1","Rage","Shrug It Off","Armaments","Reaper","Pommel Strike","Inflame","Chrysalis","Shame","Iron Wave","Shrug It Off+1","Regret","Feel No Pain","Impervious","Inflame","Armaments"],"special_seed":0,"relics":["Burning Blood","Calipers","Charon\u0027s Ashes","Cursed Key","Paper Frog","Strawberry","Mercury Hourglass"],"potions_floor_usage":[29,29,33],"damage_taken":[{"damage":9.0,"enemies":"Small Slimes","floor":1.0,"turns":4.0},{"damage":13.0,"enemies":"2 Louse","floor":5.0,"turns":3.0},{"damage":5.0,"enemies":"Cultist","floor":6.0,"turns":4.0},{"damage":13.0,"enemies":"Lots of Slimes","floor":7.0,"turns":4.0},{"damage":12.0,"enemies":"Looter","floor":8.0,"turns":3.0},{"damage":18.0,"enemies":"Blue Slaver","floor":10.0,"turns":5.0},{"damage":5.0,"enemies":"2 Fungi Beasts","floor":11.0,"turns":3.0},{"damage":9.0,"enemies":"Looter","floor":13.0,"turns":3.0},{"damage":26.0,"enemies":"Lagavulin","floor":14.0,"turns":6.0},{"damage":18.0,"enemies":"Slime Boss","floor":16.0,"turns":9.0},{"damage":32.0,"enemies":"Spheric Guardian","floor":18.0,"turns":6.0},{"damage":29.0,"enemies":"3 Byrds","floor":24.0,"turns":8.0},{"damage":46.0,"enemies":"Sentry and Sphere","floor":25.0,"turns":6.0},{"damage":25.0,"enemies":"Snake Plant","floor":27.0,"turns":5.0},{"damage":15.0,"enemies":"Centurion and Healer","floor":28.0,"turns":8.0},{"damage":17,"enemies":"Snecko","floor":29,"turns":7},{"damage":59,"enemies":"Champ","floor":33,"turns":10}],"seed_played":"-7728731344828757620","potions_obtained":[{"floor":8.0,"key":"Explosive Potion"},{"floor":10.0,"key":"Energy Potion"},{"floor":11.0,"key":"Regen Potion"},{"floor":16.0,"key":"Swift Potion"},{"floor":25.0,"key":"Poison Potion"},{"floor":28.0,"key":"Poison Potion"},{"floor":29,"key":"Block Potion"}],"is_trial":false,"path_per_floor":["M","?","$","?","M","M","M","M","T","M","M","R","M","E","R","B",null,"M","$","?","$","?","R","M","M","T","M","M","M","T","$","R","B"],"character_chosen":"IRONCLAD","items_purchased":["Sadistic Nature","Rupture","Inflame","Chrysalis","Armaments"],"campfire_rested":3,"item_purchase_floors":[3,3,19,19,31],"current_hp_per_floor":[77,77,77,80,73,74,67,61,61,49,50,50,47,27,51,39,80,54,54,54,54,39,64,48,12,19,17,16,15,15,15,42,0],"gold":11,"neow_bonus":"THREE_CARDS","is_prod":false,"is_daily":false,"chose_seed":false,"campfire_upgraded":1,"win_rate":0,"timestamp":1564054456,"path_taken":["M","?","$","?","?","M","M","M","T","?","M","R","M","E","R","BOSS","M","$","?","$","?","R","M","M","T","M","M","M","?","$","R","BOSS"],"build_version":"2019-07-17","purchased_purges":1,"victory":false,"max_hp_per_floor":[80,80,80,80,80,80,80,80,80,80,80,80,80,80,80,80,80,80,80,80,80,85,85,85,85,92,92,92,92,92,92,92,92],"card_choices":[{"not_picked":["Wild Strike","Clash"],"picked":"Body Slam","floor":0.0},{"not_picked":["Iron Wave","Body Slam"],"picked":"Combust","floor":1.0},{"not_picked":["Body Slam","Twin Strike"],"picked":"Warcry","floor":5.0},{"not_picked":["Twin Strike","Thunderclap"],"picked":"Double Tap","floor":6.0},{"not_picked":["Wild Strike","Flex"],"picked":"Anger","floor":7.0},{"not_picked":["Shockwave","Sword Boomerang"],"picked":"Pommel Strike","floor":8.0},{"not_picked":["Corruption","Twin Strike"],"picked":"Armaments","floor":10.0},{"not_picked":["Twin Strike","Flex"],"picked":"Rage","floor":11.0},{"not_picked":["Hemokinesis","Entrench"],"picked":"Shrug It Off","floor":13.0},{"not_picked":["Searing Blow","Bloodletting"],"picked":"Armaments","floor":14.0},{"not_picked":["Dark Embrace","Berserk"],"picked":"Reaper","floor":16.0},{"not_picked":["Cleave","Havoc"],"picked":"Pommel Strike","floor":18.0},{"not_picked":["Sever Soul+1","Perfected Strike"],"picked":"Iron Wave","floor":24.0},{"not_picked":["Sword Boomerang","Shockwave+1"],"picked":"Shrug It Off+1","floor":25.0},{"not_picked":["Anger","Perfected Strike+1"],"picked":"Feel No Pain","floor":27.0},{"not_picked":["Sword Boomerang","Armaments"],"picked":"Impervious","floor":28.0},{"not_picked":["Sever Soul","Reckless Charge"],"picked":"Inflame","floor":29}],"player_experience":210533,"relics_obtained":[{"floor":9.0,"key":"Calipers"},{"floor":14.0,"key":"Charon\u0027s Ashes"},{"floor":26.0,"key":"Strawberry"},{"floor":30,"key":"Mercury Hourglass"}],"event_choices":[{"damage_healed":0.0,"max_hp_gain":0.0,"max_hp_loss":0.0,"gold_gain":175.0,"event_name":"Liars Game","player_choice":"AGREE","floor":2.0,"gold_loss":0.0,"damage_taken":0.0,"cards_obtained":["Doubt"]},{"damage_healed":3.0,"max_hp_gain":0.0,"max_hp_loss":0.0,"gold_gain":0.0,"event_name":"Wheel of Change","player_choice":"Full Heal","floor":4.0,"gold_loss":0.0,"damage_taken":0.0},{"damage_healed":0.0,"max_hp_gain":0.0,"max_hp_loss":0.0,"gold_gain":0.0,"event_name":"Addict","player_choice":"Stole Relic","floor":20.0,"gold_loss":0.0,"damage_taken":0.0,"relics_obtained":["Paper Frog"],"cards_obtained":["Shame"]},{"damage_healed":0.0,"max_hp_gain":5.0,"max_hp_loss":0.0,"gold_gain":0.0,"event_name":"Forgotten Altar","player_choice":"Shed Blood","floor":22.0,"gold_loss":0.0,"damage_taken":20.0}],"is_beta":false,"boss_relics":[{"not_picked":["Ectoplasm","Runic Dome"],"picked":"Cursed Key"}],"items_purged_floors":[31],"is_endless":false,"potions_floor_spawned":[8,10,11,16,25,28,29],"killed_by":"Champ","ascension_level":1}