{"gold_per_floor":[118,118,131,145,164,194,194,194,263,292,292,20,39,56,56,161,161,179,197,216,48,48],"floor_reached":22,"playtime":3248,"items_purged":[],"score":198,"play_id":"eea188af-dfdf-47d3-bbcd-30a726f5bcab","local_time":"20190711185817","is_ascension_mode":false,"campfire_choices":[{"floor":8,"key":"REST"},{"floor":15,"key":"REST"}],"neow_cost":"NONE","seed_source_timestamp":10946141805574,"circlet_count":0,"master_deck":["Strike_G","Strike_G","Strike_G","Strike_G","Strike_G","Defend_G","Defend_G","Defend_G","Defend_G","Defend_G","Survivor","Neutralize","Riddle With Holes","Flying Knee","Caltrops","Blade Dance","Corpse Explosion+1","Endless Agony","Infinite Blades","Magnetism","Dodge and Roll","Catalyst","Outmaneuver","After Image","Endless Agony","Dagger Spray","Backflip","Sadistic Nature"],"relics":["Ring of the Snake","Tingsha","Letter Opener","Oddly Smooth Stone","WristBlade"],"potions_floor_usage":[],"damage_taken":[{"damage":1,"enemies":"2 Louse","floor":1,"turns":3},{"damage":0,"enemies":"Small Slimes","floor":3,"turns":4},{"damage":1,"enemies":"Jaw Worm","floor":4,"turns":5},{"damage":9,"enemies":"Blue Slaver","floor":5,"turns":4},{"damage":29,"enemies":"3 Sentries","floor":6,"turns":9},{"damage":37,"enemies":"Lagavulin","floor":10,"turns":6},{"damage":6,"enemies":"Exordium Wildlife","floor":13,"turns":4},{"damage":1,"enemies":"Looter","floor":14,"turns":3},{"damage":10,"enemies":"Hexaghost","floor":16,"turns":9},{"damage":18,"enemies":"Shell Parasite","floor":18,"turns":8},{"damage":7,"enemies":"Spheric Guardian","floor":19,"turns":6},{"damage":16,"enemies":"Snecko","floor":20,"turns":6},{"damage":43,"enemies":"Cultist and Chosen","floor":22,"turns":6}],"seed_played":"-6333909928469909184","potions_obtained":[{"floor":1,"key":"GhostInAJar"},{"floor":4,"key":"SpeedPotion"},{"floor":6,"key":"SpeedPotion"}],"is_trial":false,"path_per_floor":["M","?","M","M","M","E","?","R","T","E","?","$","M","M","R","B",null,"M","M","M","$","M"],"character_chosen":"THE_SILENT","items_purchased":["Infinite Blades","Magnetism","Dodge and Roll","Sadistic Nature"],"campfire_rested":2,"item_purchase_floors":[12,12,12,21],"current_hp_per_floor":[76,76,76,75,66,37,42,66,66,29,29,29,23,22,46,36,82,64,57,41,41,0],"gold":48,"neow_bonus":"TEN_PERCENT_HP_BONUS","is_prod":false,"is_daily":false,"chose_seed":false,"campfire_upgraded":0,"win_rate":0.0,"timestamp":1562864297,"path_taken":["M","?","M","M","M","E","?","R","T","E","?","$","M","M","R","BOSS","M","M","M","$","M"],"build_version":"2019-07-05","purchased_purges":0,"victory":false,"max_hp_per_floor":[77,77,77,77,77,77,82,82,82,82,82,82,82,82,82,82,82,82,82,82,82,82],"card_choices":[{"not_picked":["Slice","Quick Slash"],"picked":"Riddle With Holes","floor":1},{"not_picked":["Bane","Infinite Blades"],"picked":"Flying Knee","floor":3},{"not_picked":["Slice","Bane"],"picked":"Caltrops","floor":4},{"not_picked":["Deadly Poison","Prepared"],"picked":"Blade Dance","floor":5},{"not_picked":["Underhanded Strike","Well Laid Plans"],"picked":"Corpse Explosion","floor":6},{"not_picked":["Dash","Calculated Gamble"],"picked":"Endless Agony","floor":10},{"not_picked":["Dagger Throw","Underhanded Strike"],"picked":"Catalyst","floor":13},{"not_picked":["Riddle With Holes","Underhanded Strike"],"picked":"Outmaneuver","floor":14},{"not_picked":["Malaise","Phantasmal Killer"],"picked":"After Image","floor":16},{"not_picked":["Deadly Poison+1","Underhanded Strike"],"picked":"Endless Agony","floor":18},{"not_picked":["Leg Sweep","Acrobatics"],"picked":"Dagger Spray","floor":19},{"not_picked":["Eviscerate","Acrobatics"],"picked":"Backflip","floor":20}],"player_experience":92679,"relics_obtained":[{"floor":6,"key":"Tingsha"},{"floor":9,"key":"Letter Opener"},{"floor":10,"key":"Oddly Smooth Stone"}],"event_choices":[{"damage_healed":0,"gold_gain":0,"player_choice":"Ignored","damage_taken":0,"max_hp_gain":0,"max_hp_loss":0,"event_name":"Golden Wing","floor":2,"gold_loss":0},{"damage_healed":0,"gold_gain":0,"player_choice":"Donut","damage_taken":0,"max_hp_gain":5,"max_hp_loss":0,"event_name":"Big Fish","floor":7,"gold_loss":0},{"damage_healed":0,"gold_gain":0,"player_choice":"Grow","damage_taken":0,"max_hp_gain":0,"max_hp_loss":0,"event_name":"Living Wall","floor":11,"gold_loss":0,"cards_upgraded":["Corpse Explosion"]}],"is_beta":false,"boss_relics":[{"not_picked":["Snecko Eye","Eternal Feather"],"picked":"WristBlade"}],"items_purged_floors":[],"is_endless":false,"potions_floor_spawned":[1,4,6,10,19],"killed_by":"Cultist and Chosen","ascension_level":0}