{"gold_per_floor":[109,123,123,123,33,33,46,46,46,46,65,75,91,122,122,122],"floor_reached":16,"playtime":1754,"items_purged":[],"score":102,"play_id":"49507884-ccc2-4b04-88bf-85e7390ab3d4","local_time":"20180725210410","is_ascension_mode":false,"campfire_choices":[{"data":"Outmaneuver","floor":6,"key":"SMITH"},{"floor":15,"key":"REST"}],"neow_cost":"","seed_source_timestamp":279422129852376,"circlet_count":0,"master_deck":["Defend_G","Defend_G","Defend_G+1","Defend_G","Defend_G","Strike_G","Strike_G","Strike_G","Strike_G","Strike_G","Survivor","Neutralize","Poisoned Stab","Outmaneuver+1","Mind Blast+1","Flying Knee","Quick Slash","Acrobatics","Terror","Calculated Gamble"],"relics":["Ring of the Snake","Bird Faced Urn","Pantograph","Boot"],"potions_floor_usage":[16,16,16],"damage_taken":[{"damage":5,"enemies":"Jaw Worm","floor":1,"turns":6},{"damage":2,"enemies":"2 Louse","floor":2,"turns":4},{"damage":3,"enemies":"Small Slimes","floor":7,"turns":3},{"damage":2,"enemies":"Red Slaver","floor":11,"turns":5},{"damage":1,"enemies":"Blue Slaver","floor":12,"turns":3},{"damage":0,"enemies":"Large Slime","floor":13,"turns":4},{"damage":33,"enemies":"3 Sentries","floor":14,"turns":9},{"damage":57,"enemies":"Hexaghost","floor":16,"turns":10}],"seed_played":"6986766026747257481","potions_obtained":[{"floor":11,"key":"Poison Potion"},{"floor":12,"key":"PowerPotion"},{"floor":13,"key":"Energy Potion"}],"is_trial":false,"path_per_floor":["M","M","?","?","$","R","M","$","T","?","M","M","M","E","R"],"character_chosen":"THE_SILENT","items_purchased":["Mind Blast"],"campfire_rested":1,"item_purchase_floors":[5],"current_hp_per_floor":[65,63,60,60,60,60,57,57,57,43,41,40,40,7,28,0],"gold":122,"neow_bonus":"","is_prod":false,"is_daily":false,"chose_seed":false,"campfire_upgraded":1,"win_rate":0.0,"timestamp":1532523850,"path_taken":["M","M","?","?","$","R","M","?","T","?","?","M","M","E","R","BOSS"],"build_version":"2018-07-19v2","purchased_purges":0,"victory":false,"max_hp_per_floor":[70,70,70,70,70,70,70,70,70,70,70,70,70,70,70,70],"card_choices":[{"not_picked":["Quick Slash","Deflect"],"picked":"Poisoned Stab","floor":1},{"not_picked":["Slice","Finisher"],"picked":"Outmaneuver","floor":2},{"not_picked":["Heel Hook","Dagger Spray"],"picked":"Flying Knee","floor":7},{"not_picked":["Poisoned Stab","Dodge and Roll"],"picked":"Quick Slash","floor":11},{"not_picked":["Well Laid Plans","Bouncing Flask"],"picked":"Acrobatics","floor":12},{"not_picked":["Dagger Spray","Underhanded Strike"],"picked":"Terror","floor":13},{"not_picked":["Deadly Poison","Blade Dance"],"picked":"Calculated Gamble","floor":14}],"player_experience":3405,"relics_obtained":[{"floor":9,"key":"Pantograph"},{"floor":14,"key":"Boot"}],"event_choices":[{"event_name":"Scrap Ooze","player_choice":"success","floor":3,"damage_taken":3},{"event_name":"Golden Wing","player_choice":"Ignored","floor":4,"damage_taken":0},{"event_name":"Shining Light","player_choice":"Entered Light","floor":10,"damage_taken":0}],"is_beta":false,"boss_relics":[],"items_purged_floors":[],"is_endless":false,"potions_floor_spawned":[11,12,13],"killed_by":"Hexaghost","ascension_level":0}