{"gold_per_floor":[109,109,109,34,54,54,85,85,85,33,33,33,73,96,96,221,221,235,360,381,395,295,331,344,139,139,238,238,303,303,303,303,428,428,442,455,83,98,145,163,202,202,253,266,279,297,297,330,330,330],"floor_reached":51,"playtime":8543,"items_purged":["Defend_R","Strike_R","Strike_R","Strike_R"],"score":1143,"play_id":"986611a0-4d27-49d1-8ca6-54d904d8cc16","local_time":"20190125173353","is_ascension_mode":true,"campfire_choices":[{"data":"Inflame","floor":6,"key":"SMITH"},{"data":"Clash","floor":8,"key":"SMITH"},{"data":"Iron Wave","floor":12,"key":"SMITH"},{"data":"Defend_R","floor":15,"key":"SMITH"},{"data":"Flame Barrier","floor":28,"key":"SMITH"},{"data":"Metallicize","floor":32,"key":"SMITH"},{"data":"Heavy Blade","floor":47,"key":"SMITH"},{"data":"Metallicize","floor":49,"key":"SMITH"}],"neow_cost":"NONE","seed_source_timestamp":4390270007241311,"circlet_count":0,"master_deck":["Strike_R","Defend_R+1","Defend_R+1","Bash+1","Clash+1","Inflame+1","Sever Soul","Iron Wave+1","Demon Form","Metallicize+1","Flame Barrier+1","Metallicize+1","Heavy Blade+1","Demon Form","Iron Wave+1","Doubt","Intimidate+1","Inflame+1","Inflame+1","Metallicize+1"],"relics":["Burning Blood","NeowsBlessing","Nunchaku","Bird Faced Urn","Golden Idol","Bag of Preparation","Velvet Choker","StoneCalendar","Dodecahedron","Mummified Hand","Vajra","Tiny Chest","Toxic Egg 2","Cursed Key","Bag of Marbles","Omamori","Boot","Strawberry","Letter Opener"],"potions_floor_usage":[13,21,23,23,33,33,36,41,50,50,50],"damage_taken":[{"damage":0,"enemies":"Cultist","floor":1,"turns":1},{"damage":0,"enemies":"Small Slimes","floor":5,"turns":1},{"damage":0,"enemies":"3 Sentries","floor":7,"turns":1},{"damage":0,"enemies":"Gremlin Nob","floor":13,"turns":2},{"damage":0,"enemies":"2 Louse","floor":14,"turns":2},{"damage":0,"enemies":"Slime Boss","floor":16,"turns":5},{"damage":0,"enemies":"Spheric Guardian","floor":18,"turns":3},{"damage":19,"enemies":"Colosseum Slavers","floor":19,"turns":5},{"damage":3,"enemies":"Colosseum Nobs","floor":19,"turns":5},{"damage":0,"enemies":"3 Byrds","floor":20,"turns":4},{"damage":8,"enemies":"Centurion and Healer","floor":21,"turns":5},{"damage":41,"enemies":"Slavers","floor":23,"turns":5},{"damage":11,"enemies":"Shelled Parasite and Fungi","floor":24,"turns":4},{"damage":7,"enemies":"Book of Stabbing","floor":29,"turns":5},{"damage":50,"enemies":"Collector","floor":33,"turns":7},{"damage":5,"enemies":"3 Darklings","floor":35,"turns":5},{"damage":27,"enemies":"3 Shapes","floor":36,"turns":4},{"damage":7,"enemies":"Jaw Worm Horde","floor":38,"turns":3},{"damage":46,"enemies":"Writhing Mass","floor":40,"turns":4},{"damage":33,"enemies":"Reptomancer","floor":41,"turns":5},{"damage":9,"enemies":"Maw","floor":44,"turns":6},{"damage":11,"enemies":"Transient","floor":45,"turns":5},{"damage":0,"enemies":"Writhing Mass","floor":46,"turns":5},{"damage":10,"enemies":"Nemesis","floor":48,"turns":5},{"damage":70,"enemies":"Awakened One","floor":50,"turns":9}],"seed_played":"-1967274959505761032","potions_obtained":[{"floor":5,"key":"Fire Potion"},{"floor":14,"key":"EssenceOfSteel"},{"floor":18,"key":"SpeedPotion"},{"floor":19,"key":"PowerPotion"},{"floor":23,"key":"AttackPotion"},{"floor":24,"key":"Strength Potion"},{"floor":35,"key":"FearPotion"},{"floor":45,"key":"SteroidPotion"},{"floor":46,"key":"PowerPotion"},{"floor":48,"key":"Energy Potion"}],"is_trial":false,"path_per_floor":["M","?","?","$","M","R","E","R","T","$","?","R","E","M","R","B",null,"M","?","M","M","$","E","M","$","T","?","R","E","?","T","R","B",null,"M","M","$","M","T","M","E","?","T","M","M","M","R","E","R","B",null],"character_chosen":"IRONCLAD","items_purchased":["Iron Wave","Metallicize","Bag of Marbles","Regen Potion"],"campfire_rested":0,"item_purchase_floors":[10,25,37,37],"current_hp_per_floor":[78,71,55,55,61,61,67,67,67,67,47,47,55,63,63,71,78,80,80,80,80,80,49,50,50,50,50,50,57,57,57,57,21,65,76,63,63,72,72,42,37,37,44,51,56,76,76,86,86,27],"gold":330,"neow_bonus":"THREE_ENEMY_KILL","is_prod":false,"is_daily":false,"chose_seed":false,"campfire_upgraded":8,"win_rate":0,"timestamp":1548455633,"path_taken":["M","?","?","$","M","R","E","R","T","$","?","R","E","M","R","BOSS","M","?","M","M","$","E","M","$","T","?","R","E","?","?","R","BOSS","M","M","$","M","?","M","E","?","T","?","?","M","R","E","R","BOSS"],"build_version":"2019-01-23","purchased_purges":4,"victory":true,"max_hp_per_floor":[80,80,80,80,80,80,80,80,80,80,80,80,80,80,80,80,80,80,80,80,80,80,80,80,80,80,80,80,80,80,80,80,80,80,80,80,80,80,80,80,80,80,87,87,87,87,87,87,87,87],"card_choices":[{"not_picked":["Headbutt","Wild Strike"],"picked":"Clash","floor":1},{"not_picked":["Wild Strike","Hemokinesis"],"picked":"Inflame","floor":5},{"not_picked":["Second Wind","Clothesline"],"picked":"Sever Soul","floor":7},{"not_picked":["Second Wind","Headbutt","Hemokinesis"],"picked":"SKIP","floor":13},{"not_picked":["Whirlwind","Sword Boomerang","Twin Strike"],"picked":"SKIP","floor":14},{"not_picked":["Impervious","Feed"],"picked":"Demon Form","floor":16},{"not_picked":["Spot Weakness+1","Battle Trance+1"],"picked":"Metallicize+1","floor":18},{"not_picked":["Anger","Body Slam","Sword Boomerang+1"],"picked":"SKIP","floor":20},{"not_picked":["Clothesline+1","Seeing Red","Flex"],"picked":"SKIP","floor":21},{"not_picked":["Armaments","Clothesline+1","Perfected Strike"],"picked":"SKIP","floor":23},{"not_picked":["Armaments","Clothesline+1","Perfected Strike"],"picked":"SKIP","floor":23},{"not_picked":["Clash","Double Tap"],"picked":"Flame Barrier","floor":24},{"not_picked":["Clothesline","Thunderclap"],"picked":"Heavy Blade","floor":29},{"not_picked":["Offering+1","Berserk"],"picked":"Demon Form","floor":33},{"not_picked":["Heavy Blade","Cleave","Power Through+1"],"picked":"SKIP","floor":35},{"not_picked":["Havoc+1","Whirlwind","Body Slam+1"],"picked":"SKIP","floor":36},{"not_picked":["Uppercut+1","Searing Blow+1"],"picked":"Iron Wave+1","floor":38},{"not_picked":["Iron Wave","Anger+1"],"picked":"Intimidate+1","floor":40},{"not_picked":["Sword Boomerang+1","Searing Blow+1","Pommel Strike+1"],"picked":"SKIP","floor":41},{"not_picked":["Disarm+1","Berserk"],"picked":"Inflame+1","floor":44},{"not_picked":["Perfected Strike+1","Heavy Blade"],"picked":"Inflame+1","floor":45},{"not_picked":["Feel No Pain+1","Entrench+1","Combust"],"picked":"SKIP","floor":46},{"not_picked":["Perfected Strike+1","Shrug It Off+1"],"picked":"Metallicize","floor":48}],"player_experience":322632,"relics_obtained":[{"floor":7,"key":"Nunchaku"},{"floor":9,"key":"Bird Faced Urn"},{"floor":13,"key":"Bag of Preparation"},{"floor":19,"key":"StoneCalendar"},{"floor":19,"key":"Dodecahedron"},{"floor":23,"key":"Mummified Hand"},{"floor":26,"key":"Vajra"},{"floor":29,"key":"Tiny Chest"},{"floor":31,"key":"Toxic Egg 2"},{"floor":39,"key":"Omamori"},{"floor":41,"key":"Boot"},{"floor":43,"key":"Strawberry"},{"floor":48,"key":"Letter Opener"}],"event_choices":[{"cards_removed":["Defend_R"],"damage_healed":0,"gold_gain":0,"player_choice":"Card Removal","damage_taken":7,"max_hp_gain":0,"max_hp_loss":0,"event_name":"Golden Wing","floor":2,"gold_loss":0},{"damage_healed":0,"gold_gain":0,"player_choice":"Entered Light","damage_taken":16,"max_hp_gain":0,"max_hp_loss":0,"event_name":"Shining Light","floor":3,"gold_loss":0,"cards_upgraded":["Bash","Defend_R"]},{"damage_healed":0,"gold_gain":0,"player_choice":"Take Damage","damage_taken":20,"relics_obtained":["Golden Idol"],"max_hp_gain":0,"max_hp_loss":0,"event_name":"Golden Idol","floor":11,"gold_loss":0},{"damage_healed":0,"gold_gain":0,"player_choice":"Fight","damage_taken":0,"max_hp_gain":0,"max_hp_loss":0,"event_name":"Colosseum","floor":19,"gold_loss":0},{"damage_healed":0,"gold_gain":0,"player_choice":"Fought Nobs","damage_taken":0,"max_hp_gain":0,"max_hp_loss":0,"event_name":"Colosseum","floor":19,"gold_loss":0},{"damage_healed":0,"gold_gain":99,"player_choice":"Stole From Cult","damage_taken":0,"max_hp_gain":0,"max_hp_loss":0,"event_name":"Nest","floor":27,"gold_loss":0},{"cards_removed":["Strike_R"],"damage_healed":0,"gold_gain":0,"player_choice":"Elegance","damage_taken":0,"max_hp_gain":0,"max_hp_loss":0,"event_name":"Back to Basics","floor":30,"gold_loss":0},{"damage_healed":0,"gold_gain":0,"player_choice":"0 cards matched","damage_taken":0,"max_hp_gain":0,"max_hp_loss":0,"event_name":"Match and Keep!","floor":42,"gold_loss":0,"cards_obtained":[]}],"is_beta":false,"boss_relics":[{"not_picked":["Sozu","Coffee Dripper"],"picked":"Velvet Choker"},{"not_picked":["Astrolabe","Tiny House"],"picked":"Cursed Key"}],"items_purged_floors":[4,22,25,37],"is_endless":false,"potions_floor_spawned":[5,14,18,19,23,24,35,45,46,48],"ascension_level":7}