{"gold_per_floor":[214,231,43,54,73,102,117,169,169,199,41,58,58],"floor_reached":13,"playtime":505,"items_purged":[],"score":179,"play_id":"ac266ae9-b449-41bb-bddc-214a8dbcfe90","local_time":"20190809104816","is_ascension_mode":true,"campfire_choices":[],"neow_cost":"NONE","seed_source_timestamp":2384894961707933,"circlet_count":0,"master_deck":["AscendersBane","Strike_G","Strike_G","Strike_G","Strike_G","Strike_G","Defend_G","Defend_G","Defend_G","Defend_G","Defend_G","Survivor","Neutralize","Flying Knee","Deadly Poison","Die Die Die","Infinite Blades","Footwork","Unload","Cloak And Dagger","Sucker Punch"],"relics":["Ring of the Snake","Frozen Egg 2","Paper Crane","Lantern","Bag of Preparation"],"potions_floor_usage":[13,13],"damage_taken":[{"damage":0,"enemies":"Cultist","floor":1,"turns":3},{"damage":0,"enemies":"2 Louse","floor":2,"turns":2},{"damage":0,"enemies":"Small Slimes","floor":4,"turns":1},{"damage":0,"enemies":"Exordium Wildlife","floor":5,"turns":2},{"damage":20,"enemies":"Gremlin Nob","floor":6,"turns":4},{"damage":5,"enemies":"3 Louse","floor":7,"turns":2},{"damage":26,"enemies":"3 Sentries","floor":10,"turns":7},{"damage":0,"enemies":"Red Slaver","floor":12,"turns":4},{"damage":23,"enemies":"Gremlin Nob","floor":13,"turns":3}],"seed_played":"-8036186150639403790","potions_obtained":[{"floor":4,"key":"LiquidBronze"},{"floor":5,"key":"SneckoOil"}],"is_trial":false,"path_per_floor":["M","M","$","M","M","E","M","?","T","E","$","M","E"],"character_chosen":"THE_SILENT","items_purchased":["Die Die Die","Infinite Blades","Bag of Preparation"],"campfire_rested":0,"item_purchase_floors":[3,3,11],"current_hp_per_floor":[59,59,59,59,59,39,34,34,34,8,8,8,0],"gold":58,"neow_bonus":"HUNDRED_GOLD","is_prod":false,"is_daily":false,"chose_seed":false,"campfire_upgraded":0,"win_rate":0,"timestamp":1565362096,"path_taken":["M","M","?","?","M","E","M","?","T","E","$","M","E"],"build_version":"2019-07-17","purchased_purges":0,"victory":false,"max_hp_per_floor":[66,66,66,66,66,66,66,66,66,66,66,66,66],"card_choices":[{"not_picked":["Acrobatics","Deflect"],"picked":"Flying Knee","floor":1},{"not_picked":["Terror","Dagger Throw"],"picked":"Deadly Poison","floor":2},{"not_picked":["Backflip","Acrobatics"],"picked":"Footwork","floor":4},{"not_picked":["Outmaneuver","Prepared"],"picked":"Unload","floor":5},{"not_picked":["Dagger Spray","Dagger Throw","Poisoned Stab"],"picked":"SKIP","floor":6},{"not_picked":["Poisoned Stab","Dagger Throw","Dagger Spray"],"picked":"SKIP","floor":7},{"not_picked":["Adrenaline","Dodge and Roll"],"picked":"Cloak And Dagger","floor":10},{"not_picked":["Heel Hook","Dagger Spray"],"picked":"Sucker Punch","floor":12}],"player_experience":1002866,"relics_obtained":[{"floor":6,"key":"Frozen Egg 2"},{"floor":9,"key":"Paper Crane"},{"floor":10,"key":"Lantern"}],"event_choices":[{"damage_healed":0,"gold_gain":52,"player_choice":"Gained Gold","damage_taken":0,"max_hp_gain":0,"max_hp_loss":0,"event_name":"Golden Wing","floor":8,"gold_loss":0}],"is_beta":false,"boss_relics":[],"items_purged_floors":[],"is_endless":false,"potions_floor_spawned":[4,5,6],"killed_by":"Gremlin Nob","ascension_level":17}