{"gold_per_floor":[111,111,111,136,63,63,101,101,101,124,140,164,164,180,180,304,304,327,327,327,345,359,359,392,31,31,51,51,75,94,113,113,238,238,258,61,61,61,394,394,412,429,429,449,449],"floor_reached":45,"playtime":2077,"items_purged":["Strike_B","Loop"],"score":665,"play_id":"abe9d26e-6562-47b3-bfab-672f1b093b81","local_time":"20190821151212","is_ascension_mode":true,"campfire_choices":[{"floor":6,"key":"REST"},{"floor":8,"key":"REST"},{"data":"Dualcast","floor":13,"key":"SMITH"},{"floor":15,"key":"REST"},{"floor":23,"key":"REST"},{"floor":28,"key":"REST"},{"floor":32,"key":"REST"},{"data":"Madness","floor":40,"key":"SMITH"}],"neow_cost":"NONE","seed_source_timestamp":17720423492359,"circlet_count":0,"master_deck":["Defend_B","Defend_B","Defend_B","Defend_B","Zap+1","Dualcast+1","Ball Lightning+1","Cold Snap","Ball Lightning","Glacier","Barrage","Gash+1","Gash","Gash","Core Surge","Capacitor+1","Hello World+1","Redo+1","Cold Snap+1","Go for the Eyes+1","Chill","Bandage Up","Gash+1","Blizzard+1","Biased Cognition","Consume+1","Madness+1","Madness","Steam+1"],"relics":["Cracked Core","Pen Nib","Ginger","Darkstone Periapt","Astrolabe","MutagenicStrength","Ancient Tea Set","Smiling Mask","Anchor","Whetstone","Eternal Feather","Juzu Bracelet","Bottled Tornado"],"potions_floor_usage":[7,16,16,22,33,35,42,45,45],"damage_taken":[{"damage":2,"enemies":"Jaw Worm","floor":1,"turns":3},{"damage":0,"enemies":"Cultist","floor":4,"turns":3},{"damage":18,"enemies":"Lagavulin","floor":7,"turns":5},{"damage":4,"enemies":"2 Louse","floor":10,"turns":2},{"damage":1,"enemies":"Exordium Thugs","floor":11,"turns":3},{"damage":0,"enemies":"Blue Slaver","floor":12,"turns":2},{"damage":0,"enemies":"Large Slime","floor":14,"turns":3},{"damage":2,"enemies":"Slime Boss","floor":16,"turns":7},{"damage":9,"enemies":"Spheric Guardian","floor":18,"turns":4},{"damage":12,"enemies":"Chosen","floor":21,"turns":4},{"damage":17,"enemies":"Snake Plant","floor":22,"turns":4},{"damage":24,"enemies":"Book of Stabbing","floor":24,"turns":5},{"damage":18,"enemies":"Shelled Parasite and Fungi","floor":27,"turns":5},{"damage":18,"enemies":"Centurion and Healer","floor":29,"turns":7},{"damage":11,"enemies":"Chosen and Byrds","floor":30,"turns":5},{"damage":8,"enemies":"Cultist and Chosen","floor":31,"turns":5},{"damage":10,"enemies":"Collector","floor":33,"turns":8},{"damage":5,"enemies":"3 Shapes","floor":35,"turns":6},{"damage":7,"enemies":"Orb Walker","floor":41,"turns":4},{"damage":15,"enemies":"3 Darklings","floor":42,"turns":6},{"damage":41,"enemies":"Sphere and 2 Shapes","floor":44,"turns":6},{"damage":30,"enemies":"Transient","floor":45,"turns":4}],"seed_played":"-797981612044054262","potions_obtained":[{"floor":1,"key":"LiquidBronze"},{"floor":10,"key":"Explosive Potion"},{"floor":14,"key":"Explosive Potion"},{"floor":16,"key":"FocusPotion"},{"floor":21,"key":"Block Potion"},{"floor":29,"key":"Explosive Potion"},{"floor":31,"key":"FearPotion"},{"floor":33,"key":"SkillPotion"},{"floor":41,"key":"Dexterity Potion"},{"floor":44,"key":"FearPotion"}],"is_trial":false,"path_per_floor":["M","?","?","M","$","R","E","R","T","M","M","M","R","M","R","B",null,"M","?","?","M","M","R","E","$","T","M","R","M","M","M","R","B",null,"M","$","?","?","?","R","M","M","T","M","M"],"character_chosen":"DEFECT","items_purchased":["Cold Snap","Ball Lightning","Loop","Anchor","Bandage Up","Juzu Bracelet"],"campfire_rested":6,"item_purchase_floors":[5,5,25,25,25,36],"current_hp_per_floor":[66,54,36,36,36,58,40,62,62,58,57,57,57,57,75,73,75,66,66,66,54,37,59,35,35,35,21,43,29,18,14,36,30,64,63,63,54,54,54,69,66,55,55,18,0],"gold":449,"neow_bonus":"UPGRADE_CARD","is_prod":false,"is_daily":false,"chose_seed":false,"campfire_upgraded":2,"win_rate":0,"timestamp":1566396732,"path_taken":["M","?","?","M","?","R","E","R","T","M","?","M","R","?","R","BOSS","M","?","?","M","M","R","E","$","T","?","R","M","M","M","R","BOSS","M","$","?","?","?","R","M","M","T","M","M"],"build_version":"2019-07-17","purchased_purges":2,"victory":false,"max_hp_per_floor":[75,75,75,75,75,75,75,75,75,75,75,75,75,75,75,75,75,75,75,75,75,75,75,75,75,75,75,75,75,75,75,75,75,75,75,75,75,75,75,75,75,75,75,75,75],"card_choices":[{"not_picked":["Hologram","Stack","Streamline"],"picked":"SKIP","floor":1},{"not_picked":["BootSequence","Chaos"],"picked":"Ball Lightning","floor":4},{"not_picked":["Turbo","Chill"],"picked":"Glacier","floor":7},{"not_picked":["Auto Shields","Melter"],"picked":"Barrage","floor":10},{"not_picked":["Lockon","Force Field"],"picked":"Gash","floor":11},{"not_picked":["Double Energy","Storm"],"picked":"Gash","floor":12},{"not_picked":["Seek","Steam Power"],"picked":"Gash","floor":14},{"not_picked":["Echo Form","Buffer"],"picked":"Core Surge","floor":16},{"not_picked":["Storm+1","Lockon+1","Ball Lightning"],"picked":"SKIP","floor":18},{"not_picked":["Steam Power+1","Coolheaded"],"picked":"Cold Snap+1","floor":21},{"not_picked":["Blizzard","Steam"],"picked":"Go for the Eyes+1","floor":22},{"not_picked":["Rebound","Reboot"],"picked":"Chill","floor":24},{"not_picked":["Redo","Sweeping Beam","Compile Driver+1"],"picked":"SKIP","floor":27},{"not_picked":["Hologram","Beam Cell"],"picked":"Gash+1","floor":29},{"not_picked":["Hologram+1","Coolheaded","Turbo+1"],"picked":"SKIP","floor":30},{"not_picked":["Conserve Battery","Sweeping Beam"],"picked":"Blizzard+1","floor":31},{"not_picked":["Seek","Core Surge"],"picked":"Biased Cognition","floor":33},{"not_picked":["Cold Snap+1","Undo+1"],"picked":"Consume+1","floor":35},{"not_picked":["Double Energy","Ball Lightning","Melter+1"],"picked":"SKIP","floor":41},{"not_picked":["Ball Lightning","FTL","Tempest"],"picked":"SKIP","floor":42},{"not_picked":["Static Discharge","Cold Snap+1"],"picked":"Steam+1","floor":44}],"player_experience":484216,"relics_obtained":[{"floor":7,"key":"Ginger"},{"floor":9,"key":"Darkstone Periapt"},{"floor":24,"key":"Smiling Mask"},{"floor":26,"key":"Whetstone"},{"floor":43,"key":"Bottled Tornado"}],"event_choices":[{"damage_healed":0,"gold_gain":0,"player_choice":"Success","damage_taken":12,"relics_obtained":["Pen Nib"],"max_hp_gain":0,"max_hp_loss":0,"event_name":"Scrap Ooze","floor":2,"gold_loss":0},{"damage_healed":0,"gold_gain":0,"player_choice":"Take Damage","damage_taken":18,"relics_obtained":["Golden Idol"],"max_hp_gain":0,"max_hp_loss":0,"event_name":"Golden Idol","floor":3,"gold_loss":0},{"damage_healed":0,"gold_gain":0,"player_choice":"Inject Mutagens","damage_taken":0,"relics_obtained":["MutagenicStrength"],"max_hp_gain":0,"max_hp_loss":0,"event_name":"Drug Dealer","floor":19,"gold_loss":0},{"damage_healed":0,"gold_gain":0,"player_choice":"Gave Potion","damage_taken":0,"relics_obtained":["Ancient Tea Set"],"max_hp_gain":0,"max_hp_loss":0,"event_name":"WeMeetAgain","floor":20,"gold_loss":0},{"damage_healed":0,"gold_gain":0,"player_choice":"Embrace Madness","damage_taken":9,"max_hp_gain":0,"max_hp_loss":0,"event_name":"Winding Halls","floor":37,"gold_loss":0,"cards_obtained":["Madness","Madness"]},{"damage_healed":0,"gold_gain":0,"player_choice":"Ignored","damage_taken":0,"max_hp_gain":0,"max_hp_loss":0,"event_name":"Mysterious Sphere","floor":38,"gold_loss":0},{"damage_healed":0,"gold_gain":333,"player_choice":"Gave Idol","damage_taken":0,"max_hp_gain":0,"max_hp_loss":0,"event_name":"The Moai Head","floor":39,"relics_lost":["Golden Idol"],"gold_loss":0}],"is_beta":false,"boss_relics":[{"not_picked":["Philosopher\u0027s Stone","Velvet Choker"],"picked":"Astrolabe"},{"not_picked":["Coffee Dripper","Orrery"],"picked":"Eternal Feather"}],"items_purged_floors":[25,36],"is_endless":false,"potions_floor_spawned":[1,10,14,16,21,29,31,33,41,44],"killed_by":"Transient","ascension_level":8}