{"gold_per_floor":[117,117,42,53,53,88,88,114,138,149,169,199,199,213,213,317,317,335,348,348,18,18,18,49,49,49,61,61,71,21,21],"floor_reached":31,"playtime":2543,"items_purged":["Defend_G"],"score":325,"play_id":"247b3266-55a9-4273-8d6f-5799fda8edbc","local_time":"20190815103616","is_ascension_mode":true,"campfire_choices":[{"floor":15.0,"key":"REST"},{"floor":23.0,"key":"RECALL"},{"floor":28.0,"key":"REST"}],"neow_cost":"NONE","seed_source_timestamp":7132598095519,"circlet_count":0,"master_deck":["Strike_G","Strike_G","Strike_G","Strike_G+1","Strike_G","Defend_G","Defend_G","Defend_G","Defend_G+1","Survivor","Neutralize","Dash","Infinite Blades","Escape Plan","PiercingWail","Slice","Deflect","Accuracy+1","Deflect","Noxious Fumes","Endless Agony","Sadistic Nature","Infinite Blades","Deflect","Deflect"],"special_seed":0,"relics":["Ring of the Snake","Lantern","Unceasing Top","Orichalcum","Oddly Smooth Stone","Pen Nib","Fusion Hammer","Bag of Preparation"],"potions_floor_usage":[31],"damage_taken":[{"damage":1.0,"enemies":"2 Louse","floor":1.0,"turns":3.0},{"damage":0.0,"enemies":"Cultist","floor":4.0,"turns":4.0},{"damage":17.0,"enemies":"Lagavulin","floor":6.0,"turns":9.0},{"damage":10.0,"enemies":"Gremlin Nob","floor":8.0,"turns":5.0},{"damage":0.0,"enemies":"Jaw Worm","floor":10.0,"turns":3.0},{"damage":3.0,"enemies":"Blue Slaver","floor":11.0,"turns":4.0},{"damage":9.0,"enemies":"3 Sentries","floor":12.0,"turns":9.0},{"damage":0.0,"enemies":"Looter","floor":14.0,"turns":4.0},{"damage":22.0,"enemies":"Hexaghost","floor":16.0,"turns":15.0},{"damage":1.0,"enemies":"2 Thieves","floor":18.0,"turns":4.0},{"damage":12.0,"enemies":"Shell Parasite","floor":19.0,"turns":7.0},{"damage":30.0,"enemies":"Gremlin Leader","floor":24.0,"turns":7.0},{"damage":5.0,"enemies":"Sentry and Sphere","floor":27.0,"turns":5.0},{"damage":29,"enemies":"Shelled Parasite and Fungi","floor":29,"turns":5},{"damage":12,"enemies":"Snake Plant","floor":31,"turns":2}],"seed_played":"2674542405873485865","potions_obtained":[{"floor":2.0,"key":"Explosive Potion"},{"floor":2.0,"key":"Energy Potion"},{"floor":2.0,"key":"GamblersBrew"},{"floor":4.0,"key":"PowerPotion"},{"floor":10.0,"key":"SmokeBomb"},{"floor":16.0,"key":"PowerPotion"},{"floor":18.0,"key":"Ancient Potion"},{"floor":29,"key":"Regen Potion"}],"is_trial":false,"path_per_floor":["M","?","$","M","?","E","?","E","T","M","M","E","?","M","R","B",null,"M","M","?","$","?","R","E","?","T","M","R","M","$","M"],"character_chosen":"THE_SILENT","items_purchased":["Infinite Blades","Sadistic Nature","Infinite Blades","Deflect"],"campfire_rested":2,"item_purchase_floors":[3,21,21,30],"current_hp_per_floor":[76,76,76,76,76,59,44,34,34,34,31,22,22,22,45,23,77,76,64,48,48,48,48,18,18,18,13,36,7,7,0],"gold":21,"neow_bonus":"TEN_PERCENT_HP_BONUS","is_prod":false,"is_daily":false,"chose_seed":false,"campfire_upgraded":0,"win_rate":0,"timestamp":1565858176,"path_taken":["M","?","$","?","?","E","?","E","T","M","M","E","?","M","R","BOSS","M","M","?","$","?","R","E","?","T","M","R","M","$","?"],"build_version":"2019-07-17","purchased_purges":1,"victory":false,"max_hp_per_floor":[77,77,77,77,77,77,77,77,77,77,77,77,77,77,77,77,77,77,77,77,77,77,77,77,77,77,77,77,77,77,77],"card_choices":[{"not_picked":["Dagger Throw","Bane"],"picked":"Dash","floor":1.0},{"not_picked":["Leg Sweep","Acrobatics"],"picked":"Escape Plan","floor":4.0},{"not_picked":["Dagger Spray","Blade Dance"],"picked":"PiercingWail","floor":6.0},{"not_picked":["Dash","Setup"],"picked":"Slice","floor":8.0},{"not_picked":["PiercingWail","Quick Slash"],"picked":"Deflect","floor":10.0},{"not_picked":["Sucker Punch","Dagger Throw","Dodge and Roll"],"picked":"SKIP","floor":11.0},{"not_picked":["Dodge and Roll","Poisoned Stab"],"picked":"Accuracy","floor":12.0},{"not_picked":["Predator","Concentrate"],"picked":"Deflect","floor":14.0},{"not_picked":["Deflect+1","Dagger Spray"],"picked":"Noxious Fumes","floor":18.0},{"not_picked":["Poisoned Stab","Sucker Punch+1"],"picked":"Endless Agony","floor":19.0},{"not_picked":["Bouncing Flask+1","Poisoned Stab","Underhanded Strike"],"picked":"SKIP","floor":24.0},{"not_picked":["Underhanded Strike+1","Quick Slash"],"picked":"Deflect","floor":27.0},{"not_picked":["Backflip+1","Underhanded Strike+1","Flying Knee"],"picked":"SKIP","floor":29}],"player_experience":375642,"relics_obtained":[{"floor":6.0,"key":"Lantern"},{"floor":8.0,"key":"Unceasing Top"},{"floor":9.0,"key":"Orichalcum"},{"floor":12.0,"key":"Oddly Smooth Stone"},{"floor":24.0,"key":"Bag of Preparation"}],"event_choices":[{"damage_healed":0.0,"max_hp_gain":0.0,"max_hp_loss":0.0,"gold_gain":0.0,"event_name":"Lab","player_choice":"Got Potions","floor":2.0,"gold_loss":0.0,"damage_taken":0.0},{"damage_healed":0.0,"max_hp_gain":0.0,"max_hp_loss":0.0,"gold_gain":0.0,"event_name":"Liars Game","player_choice":"Ignored","floor":5.0,"gold_loss":0.0,"damage_taken":0.0},{"damage_healed":0.0,"max_hp_gain":0.0,"max_hp_loss":0.0,"gold_gain":0.0,"event_name":"Shining Light","player_choice":"Entered Light","floor":7.0,"gold_loss":0.0,"damage_taken":15.0,"cards_upgraded":["Defend_G","Strike_G"]},{"damage_healed":0.0,"max_hp_gain":0.0,"max_hp_loss":0.0,"gold_gain":0.0,"event_name":"WeMeetAgain","player_choice":"Gave Potion","floor":13.0,"gold_loss":0.0,"damage_taken":0.0,"relics_obtained":["Pen Nib"]},{"damage_healed":0.0,"max_hp_gain":0.0,"max_hp_loss":0.0,"gold_gain":0.0,"event_name":"Cursed Tome","player_choice":"Obtained Book","floor":20.0,"gold_loss":0.0,"damage_taken":16.0},{"damage_healed":0.0,"max_hp_gain":0.0,"max_hp_loss":0.0,"gold_gain":0.0,"event_name":"Ghosts","player_choice":"Ignored","floor":22.0,"gold_loss":0.0,"damage_taken":0.0},{"damage_healed":0.0,"max_hp_gain":0.0,"max_hp_loss":0.0,"gold_gain":0.0,"event_name":"Upgrade Shrine","player_choice":"Upgraded","floor":25.0,"gold_loss":0.0,"damage_taken":0.0,"cards_upgraded":["Accuracy"]}],"is_beta":false,"boss_relics":[{"not_picked":["Orrery","Ectoplasm"],"picked":"Fusion Hammer"}],"items_purged_floors":[21],"is_endless":false,"potions_floor_spawned":[4,10,16,18,29],"killed_by":"Snake Plant","ascension_level":2}