{"gold_per_floor":[111,128,128,146,157,182,182,215,215,225,238,4,18,29,29,29],"floor_reached":16,"playtime":1618,"items_purged":[],"score":128,"play_id":"e7d03222-196e-4309-ac42-876b642eb582","local_time":"20190818155153","is_ascension_mode":true,"campfire_choices":[{"floor":7.0,"key":"REST"},{"floor":15.0,"key":"REST"}],"neow_cost":"NONE","seed_source_timestamp":0,"circlet_count":0,"master_deck":["Strike_G","Strike_G","Strike_G","Strike_G","Defend_G","Defend_G","Defend_G","Defend_G","Defend_G","Survivor","Neutralize","Outmaneuver","Terror","Deadly Poison","PiercingWail","Dagger Throw","Leg Sweep","Acrobatics","Leg Sweep","Noxious Fumes+1","Deflect"],"special_seed":0,"relics":["Ring of the Snake","Vajra","Bird Faced Urn","Frozen Egg 2","Membership Card"],"potions_floor_usage":[16],"damage_taken":[{"damage":0.0,"enemies":"2 Louse","floor":1.0,"turns":2.0},{"damage":2.0,"enemies":"Cultist","floor":2.0,"turns":4.0},{"damage":0.0,"enemies":"Small Slimes","floor":4.0,"turns":5.0},{"damage":6.0,"enemies":"Looter","floor":5.0,"turns":3.0},{"damage":46.0,"enemies":"Gremlin Nob","floor":6.0,"turns":5.0},{"damage":1.0,"enemies":"Lagavulin","floor":8.0,"turns":8.0},{"damage":11.0,"enemies":"Lots of Slimes","floor":10.0,"turns":5.0},{"damage":5.0,"enemies":"Blue Slaver","floor":11.0,"turns":4.0},{"damage":0.0,"enemies":"Looter","floor":13.0,"turns":4.0},{"damage":5.0,"enemies":"Exordium Thugs","floor":14.0,"turns":5.0},{"damage":44,"enemies":"Slime Boss","floor":16,"turns":11}],"seed_played":"-7580275553056602655","potions_obtained":[{"floor":1.0,"key":"SpeedPotion"},{"floor":2.0,"key":"Weak Potion"},{"floor":6.0,"key":"EssenceOfSteel"},{"floor":8.0,"key":"PowerPotion"},{"floor":14.0,"key":"Explosive Potion"}],"is_trial":false,"path_per_floor":["M","M","?","M","M","E","R","E","T","M","M","$","M","M","R","B"],"character_chosen":"THE_SILENT","items_purchased":["Membership Card","Noxious Fumes+1"],"campfire_rested":2,"item_purchase_floors":[12,12],"current_hp_per_floor":[70,68,68,68,62,16,37,36,36,27,22,22,24,21,42,0],"gold":29,"neow_bonus":"RANDOM_COMMON_RELIC","is_prod":false,"is_daily":false,"chose_seed":false,"campfire_upgraded":0,"win_rate":0,"timestamp":1566136313,"path_taken":["M","M","?","M","?","E","R","E","T","M","M","$","M","M","R","BOSS"],"build_version":"2019-07-17","purchased_purges":0,"victory":false,"max_hp_per_floor":[70,70,70,70,70,70,70,70,70,70,70,70,70,70,70,70],"card_choices":[{"not_picked":["Prepared","Quick Slash"],"picked":"Outmaneuver","floor":1.0},{"not_picked":["Bane","Cloak And Dagger"],"picked":"Terror","floor":2.0},{"not_picked":["Outmaneuver","Quick Slash"],"picked":"Deadly Poison","floor":4.0},{"not_picked":["Slice","Concentrate"],"picked":"PiercingWail","floor":5.0},{"not_picked":["Sucker Punch","Cloak And Dagger"],"picked":"Dagger Throw","floor":6.0},{"not_picked":["Deflect","Riddle With Holes"],"picked":"Leg Sweep","floor":8.0},{"not_picked":["Doppelganger","Riddle With Holes"],"picked":"Acrobatics","floor":10.0},{"not_picked":["Concentrate","Dagger Spray"],"picked":"Leg Sweep","floor":11.0},{"not_picked":["Dagger Throw","Blade Dance"],"picked":"Deflect","floor":13.0},{"not_picked":["Predator","Cloak And Dagger","Quick Slash"],"picked":"SKIP","floor":14.0}],"player_experience":386454,"relics_obtained":[{"floor":6.0,"key":"Bird Faced Urn"},{"floor":8.0,"key":"Frozen Egg 2"}],"event_choices":[{"cards_removed":["Strike_G"],"damage_healed":0.0,"max_hp_gain":0.0,"max_hp_loss":0.0,"gold_gain":0.0,"event_name":"Bonfire Elementals","player_choice":"Offered Basic","floor":3.0,"gold_loss":0.0,"damage_taken":0.0}],"is_beta":false,"boss_relics":[],"items_purged_floors":[],"is_endless":false,"potions_floor_spawned":[1,2,6,8,14],"killed_by":"Slime Boss","ascension_level":2}