{"gold_per_floor":[114,25,25,102,120,178,178,190,214,214,50,76,88,88,88,166,166,118,133,151,151,151,151,31,31],"floor_reached":25,"playtime":950,"items_purged":["Writhe"],"score":397,"play_id":"71d6ec13-cbdf-4059-b792-84a488fcc34f","local_time":"20190801205854","is_ascension_mode":true,"campfire_choices":[{"data":"Metallicize","floor":7,"key":"SMITH"},{"data":"True Grit","floor":10,"key":"SMITH"},{"data":"Metallicize","floor":15,"key":"SMITH"},{"floor":23,"key":"REST"}],"neow_cost":"NONE","seed_source_timestamp":1729900046309994,"circlet_count":0,"master_deck":["AscendersBane","Strike_R","Strike_R","Strike_R","Strike_R","Defend_R","Defend_R","Defend_R","Bash","Twin Strike","Metallicize+1","Iron Wave","Iron Wave","Bludgeon","True Grit+1","Reaper","Metallicize+1","Dark Embrace","Anger+1","Ghostly Armor"],"relics":["Burning Blood","Art of War","Bottled Tornado","Tiny Chest","Centennial Puzzle","Letter Opener","Mark of Pain","Bronze Scales"],"potions_floor_usage":[12,16,20],"damage_taken":[{"damage":8,"enemies":"Small Slimes","floor":1,"turns":4},{"damage":4,"enemies":"Jaw Worm","floor":5,"turns":5},{"damage":47,"enemies":"Gremlin Nob","floor":6,"turns":5},{"damage":0,"enemies":"Cultist","floor":8,"turns":3},{"damage":12,"enemies":"3 Sentries","floor":12,"turns":10},{"damage":4,"enemies":"Looter","floor":13,"turns":3},{"damage":23,"enemies":"Hexaghost","floor":16,"turns":11},{"damage":18,"enemies":"2 Thieves","floor":18,"turns":5},{"damage":8,"enemies":"Spheric Guardian","floor":19,"turns":5},{"damage":48,"enemies":"Snake Plant","floor":20,"turns":7},{"damage":32,"enemies":"Slavers","floor":25,"turns":2}],"seed_played":"-6783208118252062745","potions_obtained":[{"floor":8,"key":"AttackPotion"},{"floor":13,"key":"LiquidBronze"},{"floor":18,"key":"Swift Potion"}],"is_trial":false,"path_per_floor":["M","$","?","T","M","E","R","M","T","R","$","E","M","?","R","B",null,"M","M","M","?","?","R","$","E"],"character_chosen":"IRONCLAD","items_purchased":["Metallicize","Iron Wave","Reaper","Ghostly Armor"],"campfire_rested":1,"item_purchase_floors":[2,2,11,24],"current_hp_per_floor":[66,66,59,59,61,20,20,26,26,26,26,32,34,34,34,17,61,49,47,8,8,8,30,30,0],"gold":31,"neow_bonus":"RANDOM_COMMON_RELIC","is_prod":false,"is_daily":false,"chose_seed":false,"campfire_upgraded":3,"win_rate":0,"timestamp":1564707534,"path_taken":["M","$","?","?","M","E","R","?","T","R","$","E","M","?","R","BOSS","M","?","M","?","?","R","$","E"],"build_version":"2019-07-17","purchased_purges":1,"victory":false,"max_hp_per_floor":[75,75,75,75,75,75,75,75,75,75,75,75,75,75,75,75,75,75,75,75,75,75,75,75,75],"card_choices":[{"not_picked":["Whirlwind","Disarm"],"picked":"Twin Strike","floor":1},{"not_picked":["Heavy Blade","Searing Blow"],"picked":"Iron Wave","floor":5},{"not_picked":["Rage","Body Slam"],"picked":"Bludgeon","floor":6},{"not_picked":["Clash","Entrench"],"picked":"True Grit","floor":8},{"not_picked":["Body Slam","Thunderclap"],"picked":"Metallicize","floor":12},{"not_picked":["Wild Strike","Flex","Hemokinesis"],"picked":"SKIP","floor":13},{"not_picked":["Reaper","Berserk"],"picked":"Dark Embrace","floor":16},{"not_picked":["Havoc","Heavy Blade"],"picked":"Anger+1","floor":18},{"not_picked":["Armaments+1","Rage+1","Havoc"],"picked":"SKIP","floor":19},{"not_picked":["Havoc","Disarm","Fire Breathing"],"picked":"SKIP","floor":20}],"player_experience":967997,"relics_obtained":[{"floor":4,"key":"Bottled Tornado"},{"floor":6,"key":"Tiny Chest"},{"floor":9,"key":"Centennial Puzzle"},{"floor":12,"key":"Letter Opener"}],"event_choices":[{"cards_removed":["Defend_R"],"damage_healed":0,"gold_gain":0,"player_choice":"Card Removal","damage_taken":7,"max_hp_gain":0,"max_hp_loss":0,"event_name":"Golden Wing","floor":3,"gold_loss":0},{"cards_removed":["Strike_R"],"damage_healed":0,"gold_gain":0,"player_choice":"Offered Basic","damage_taken":0,"max_hp_gain":0,"max_hp_loss":0,"event_name":"Bonfire Elementals","floor":14,"gold_loss":0},{"damage_healed":0,"gold_gain":0,"player_choice":"Ignored","damage_taken":0,"max_hp_gain":0,"max_hp_loss":0,"event_name":"Ghosts","floor":21,"gold_loss":0},{"damage_healed":0,"gold_gain":0,"player_choice":"Opened","damage_taken":0,"relics_obtained":["Bronze Scales"],"max_hp_gain":0,"max_hp_loss":0,"event_name":"The Mausoleum","floor":22,"gold_loss":0,"cards_obtained":["Writhe"]}],"is_beta":false,"boss_relics":[{"not_picked":["Runic Pyramid","Lizard Tail"],"picked":"Mark of Pain"}],"items_purged_floors":[24],"is_endless":false,"potions_floor_spawned":[8,13,18],"killed_by":"Slavers","ascension_level":18}