{"gold_per_floor":[114,132,65,65,82,82,108,108,189,189,214,234,248,271,271,271],"floor_reached":16,"playtime":2587,"items_purged":[],"score":130,"play_id":"ec86c422-ff7f-4b4e-80a2-5952731aff66","local_time":"20181028190927","is_ascension_mode":true,"campfire_choices":[{"data":"Neutralize","floor":6,"key":"SMITH"},{"data":"Prepared","floor":15,"key":"SMITH"}],"neow_cost":"NONE","seed_source_timestamp":1550644359727900,"circlet_count":0,"master_deck":["Defend_G","Defend_G","Defend_G","Defend_G","Defend_G","Strike_G","Strike_G","Strike_G","Strike_G","Strike_G","Survivor","Neutralize+1","PiercingWail","Calculated Gamble","Adrenaline","Acrobatics","Injury","Reflex","Prepared+1","Concentrate","Eviscerate"],"relics":["Ring of the Snake","Blood Vial","Golden Idol","Tiny Chest"],"potions_floor_usage":[7,12,16,16],"damage_taken":[{"damage":0,"enemies":"2 Louse","floor":1,"turns":4},{"damage":0,"enemies":"Cultist","floor":2,"turns":4},{"damage":0,"enemies":"Small Slimes","floor":5,"turns":3},{"damage":48,"enemies":"3 Sentries","floor":7,"turns":15},{"damage":6,"enemies":"Exordium Wildlife","floor":11,"turns":7},{"damage":0,"enemies":"Looter","floor":12,"turns":3},{"damage":1,"enemies":"3 Louse","floor":13,"turns":5},{"damage":0,"enemies":"2 Fungi Beasts","floor":14,"turns":4},{"damage":37,"enemies":"Slime Boss","floor":16,"turns":12}],"seed_played":"-6601674946044388333","potions_obtained":[{"floor":2,"key":"LiquidBronze"},{"floor":5,"key":"GamblersBrew"},{"floor":11,"key":"Fruit Juice"},{"floor":13,"key":"Fire Potion"}],"is_trial":false,"path_per_floor":["M","M","$","?","M","R","E","?","T","?","M","M","M","M","R"],"character_chosen":"THE_SILENT","items_purchased":["Adrenaline"],"campfire_rested":0,"item_purchase_floors":[3],"current_hp_per_floor":[77,77,77,77,77,77,29,29,29,29,25,32,33,35,35,0],"gold":271,"neow_bonus":"TEN_PERCENT_HP_BONUS","is_prod":false,"is_daily":false,"chose_seed":false,"campfire_upgraded":2,"win_rate":0,"timestamp":1540724967,"path_taken":["M","M","$","?","M","R","E","?","T","?","M","M","M","M","R","BOSS"],"build_version":"2018-10-25v2","purchased_purges":0,"victory":false,"max_hp_per_floor":[77,77,77,77,77,77,77,77,77,77,77,82,82,82,82,82],"card_choices":[{"not_picked":["Underhanded Strike","Acrobatics"],"picked":"PiercingWail","floor":1},{"not_picked":["Dagger Spray","Deadly Poison"],"picked":"Calculated Gamble","floor":2},{"not_picked":["Prepared","Riddle With Holes"],"picked":"Acrobatics","floor":5},{"not_picked":["Sucker Punch","Footwork","Backflip"],"picked":"SKIP","floor":7},{"not_picked":["Phantasmal Killer","Deadly Poison"],"picked":"Reflex","floor":11},{"not_picked":["Heel Hook","Backflip"],"picked":"Prepared","floor":12},{"not_picked":["Well Laid Plans","Backflip"],"picked":"Concentrate","floor":13},{"not_picked":["Prepared","Caltrops"],"picked":"Eviscerate","floor":14}],"player_experience":526456,"relics_obtained":[{"floor":7,"key":"Blood Vial"},{"floor":9,"key":"Tiny Chest"}],"event_choices":[{"damage_healed":0,"gold_gain":0,"player_choice":"Ignored","damage_taken":0,"max_hp_gain":0,"max_hp_loss":0,"event_name":"Liars Game","floor":4,"gold_loss":0},{"damage_healed":0,"gold_gain":0,"player_choice":"Take Wound","damage_taken":0,"relics_obtained":["Golden Idol"],"max_hp_gain":0,"max_hp_loss":0,"event_name":"Golden Idol","floor":8,"gold_loss":0,"cards_obtained":["Injury"]},{"damage_healed":0,"gold_gain":0,"player_choice":"Fled","damage_taken":0,"max_hp_gain":0,"max_hp_loss":0,"event_name":"Scrap Ooze","floor":10,"gold_loss":0}],"is_beta":false,"boss_relics":[],"items_purged_floors":[],"is_endless":false,"potions_floor_spawned":[2,5,11,13],"killed_by":"Slime Boss","ascension_level":5}