{"gold_per_floor":[117,137,137,137,148,148,174,190,244,257,257,321,333,353,353,451,451,468,155,174,189,17,17,17,17,17,35,61,75,85,102,102,102],"floor_reached":33,"playtime":4444,"items_purged":["Strike_R"],"score":273,"play_id":"8cf0bf4e-1cb4-4836-a7de-9387ac1c6464","local_time":"20180725222655","is_ascension_mode":false,"campfire_choices":[{"data":"Flex","floor":6,"key":"SMITH"},{"data":"Iron Wave","floor":11,"key":"SMITH"},{"floor":15,"key":"REST"},{"data":"Flex","floor":23,"key":"SMITH"},{"data":"Whirlwind","floor":25,"key":"SMITH"},{"floor":32,"key":"REST"}],"neow_cost":"NONE","seed_source_timestamp":281696266292140,"circlet_count":0,"master_deck":["Strike_R","Strike_R","Strike_R","Strike_R","Defend_R","Defend_R","Defend_R","Defend_R+1","Bash","Iron Wave+1","Flex+1","Pommel Strike+1","Iron Wave","Armaments","Metallicize","Reckless Charge","Body Slam","Twin Strike","Body Slam","Juggernaut","Bloodletting","Flash of Steel","Battle Trance","Whirlwind+1","Ghostly Armor","Flex+1","Twin Strike","Shockwave+1","Pommel Strike","Shrug It Off","Iron Wave","Armaments","Flex+1"],"relics":["Burning Blood","Self Forming Clay","Bronze Scales","Happy Flower","Mark of Pain","Frozen Egg 2","Dream Catcher"],"potions_floor_usage":[12,16,16,16,21,28,28,33,33],"damage_taken":[{"damage":6,"enemies":"Cultist","floor":1,"turns":3},{"damage":7,"enemies":"Small Slimes","floor":2,"turns":4},{"damage":0,"enemies":"2 Louse","floor":5,"turns":3},{"damage":22,"enemies":"Gremlin Nob","floor":7,"turns":5},{"damage":3,"enemies":"2 Fungi Beasts","floor":8,"turns":3},{"damage":1,"enemies":"Exordium Thugs","floor":10,"turns":6},{"damage":4,"enemies":"Lagavulin Event","floor":12,"turns":5},{"damage":6,"enemies":"3 Louse","floor":13,"turns":3},{"damage":8,"enemies":"Large Slime","floor":14,"turns":7},{"damage":15,"enemies":"Slime Boss","floor":16,"turns":11},{"damage":4,"enemies":"Shell Parasite","floor":18,"turns":4},{"damage":9,"enemies":"3 Byrds","floor":20,"turns":3},{"damage":4,"enemies":"3 Cultists","floor":21,"turns":4},{"damage":27,"enemies":"Slaver and Parasite","floor":27,"turns":4},{"damage":18,"enemies":"Slavers","floor":28,"turns":4},{"damage":15,"enemies":"Cultist and Chosen","floor":29,"turns":6},{"damage":13,"enemies":"Centurion and Healer","floor":30,"turns":4},{"damage":2,"enemies":"Snake Plant","floor":31,"turns":3},{"damage":75,"enemies":"Champ","floor":33,"turns":8}],"seed_played":"-1813851821492332089","potions_obtained":[{"floor":1,"key":"AttackPotion"},{"floor":8,"key":"Energy Potion"},{"floor":10,"key":"EssenceOfSteel"},{"floor":12,"key":"Block Potion"},{"floor":18,"key":"Fire Potion"},{"floor":20,"key":"LiquidBronze"},{"floor":21,"key":"Ancient Potion"},{"floor":28,"key":"PowerPotion"},{"floor":30,"key":"PowerPotion"}],"is_trial":false,"path_per_floor":["M","M","?","?","M","R","E","M","T","M","R","?","M","M","R","B",null,"M","$","M","M","$","R","?","R","T","M","E","M","M","M","R"],"character_chosen":"IRONCLAD","items_purchased":["Flash of Steel","Battle Trance","Whirlwind","Flex","Twin Strike","GamblersBrew"],"campfire_rested":2,"item_purchase_floors":[19,19,19,22,22,22],"current_hp_per_floor":[80,79,63,55,61,61,45,48,48,53,53,55,55,53,77,74,80,80,80,77,79,79,79,79,79,79,58,46,37,30,34,58,0],"gold":102,"neow_bonus":"THREE_CARDS","is_prod":false,"is_daily":false,"chose_seed":false,"campfire_upgraded":4,"win_rate":0.0,"timestamp":1532528815,"path_taken":["M","?","?","?","M","R","E","M","T","M","R","?","?","?","R","BOSS","M","$","M","M","$","R","?","R","T","M","E","?","?","M","R","BOSS"],"build_version":"2018-07-19v2","purchased_purges":1,"victory":false,"max_hp_per_floor":[80,80,80,80,80,80,80,80,80,80,80,80,80,80,80,80,80,80,80,80,80,80,80,80,80,80,80,80,80,80,80,80,80],"card_choices":[{"not_picked":["Combust","True Grit"],"picked":"Iron Wave","floor":0},{"not_picked":["Battle Trance","Thunderclap"],"picked":"Flex","floor":1},{"not_picked":["Clothesline","Sword Boomerang"],"picked":"Pommel Strike","floor":2},{"not_picked":["Intimidate","Headbutt"],"picked":"Iron Wave","floor":5},{"not_picked":["Reckless Charge","Second Wind"],"picked":"Armaments","floor":7},{"not_picked":["Impervious","Flex"],"picked":"Metallicize","floor":8},{"not_picked":["Anger","Clothesline"],"picked":"Reckless Charge","floor":10},{"not_picked":["Dropkick","Twin Strike"],"picked":"Body Slam","floor":12},{"not_picked":["Power Through","Feel No Pain"],"picked":"Twin Strike","floor":13},{"not_picked":["Clothesline","Thunderclap"],"picked":"Body Slam","floor":14},{"not_picked":["Fiend Fire","Impervious"],"picked":"Juggernaut","floor":16},{"not_picked":["Anger","Clash"],"picked":"Bloodletting","floor":18},{"not_picked":["True Grit","Perfected Strike"],"picked":"Ghostly Armor","floor":20},{"not_picked":["Warcry","Pummel","Headbutt"],"picked":"SKIP","floor":21},{"not_picked":["Combust+1","Headbutt"],"picked":"Shockwave+1","floor":27},{"not_picked":["Flex+1","Uppercut"],"picked":"Pommel Strike","floor":28},{"not_picked":["Inflame+1","Flex"],"picked":"Shrug It Off","floor":29},{"not_picked":["Entrench+1","Perfected Strike"],"picked":"Iron Wave","floor":30},{"not_picked":["Sever Soul","Thunderclap"],"picked":"Armaments","floor":31},{"not_picked":["Clothesline","Entrench"],"picked":"Flex+1","floor":32}],"player_experience":5159,"relics_obtained":[{"floor":7,"key":"Self Forming Clay"},{"floor":9,"key":"Bronze Scales"},{"floor":12,"key":"Happy Flower"},{"floor":26,"key":"Frozen Egg 2"},{"floor":28,"key":"Dream Catcher"}],"event_choices":[{"event_name":"Shining Light","player_choice":"Entered Light","floor":3,"damage_taken":0},{"event_name":"Wheel of Change","player_choice":"Damage","floor":4,"damage_taken":0},{"event_name":"Dead Adventurer","player_choice":"Searched \u00271\u0027 times","floor":12,"damage_taken":0},{"event_name":"Drug Dealer","player_choice":"Ignored","floor":24,"damage_taken":0}],"is_beta":false,"boss_relics":[{"not_picked":["Cursed Key","Velvet Choker"],"picked":"Mark of Pain"}],"items_purged_floors":[19],"is_endless":false,"potions_floor_spawned":[1,8,10,12,14,18,20,21,28,30],"killed_by":"Champ","ascension_level":0}