{"gold_per_floor":[364,219,236,248,323,323,350,350,350,350,360,377,397,407,407,505,505,518,11,11,29,29,29,46,69,116,128,2,18,36,36,36,36],"floor_reached":33,"playtime":1259,"items_purged":["Strike_R"],"score":286,"play_id":"5e1c2ce0-c784-4ee1-b634-706e6304432e","local_time":"20190819121735","is_ascension_mode":true,"campfire_choices":[{"floor":6.0,"key":"REST"},{"floor":8.0,"key":"REST"},{"floor":15.0,"key":"REST"},{"floor":23,"key":"REST"},{"floor":27,"key":"REST"},{"floor":32,"key":"REST"}],"neow_cost":"PERCENT_DAMAGE","seed_source_timestamp":7661937026454,"circlet_count":0,"master_deck":["Strike_R+1","Strike_R+1","Strike_R+1","Strike_R+1","Defend_R+1","Defend_R+1","Defend_R+1","Defend_R+1","Bash","Feel No Pain","Pummel","Armaments","Reaper","Cleave","Shrug It Off","Pummel","Rampage","Shrug It Off+1","Havoc+1","Clothesline+1","Corruption","Seeing Red","Evolve+1"],"special_seed":0,"relics":["Burning Blood","Bronze Scales","Paper Frog","Shuriken","Black Star","Tiny Chest","Nloth\u0027s Gift","Regal Pillow","MawBank","Centennial Puzzle"],"potions_floor_usage":[16,21,29,30],"damage_taken":[{"damage":6.0,"enemies":"Cultist","floor":1.0,"turns":4.0},{"damage":7.0,"enemies":"Jaw Worm","floor":3.0,"turns":3.0},{"damage":8.0,"enemies":"Small Slimes","floor":4.0,"turns":4.0},{"damage":64.0,"enemies":"Lagavulin","floor":7.0,"turns":9.0},{"damage":15.0,"enemies":"Gremlin Gang","floor":11.0,"turns":5.0},{"damage":10.0,"enemies":"Exordium Wildlife","floor":12.0,"turns":3.0},{"damage":7.0,"enemies":"2 Fungi Beasts","floor":13.0,"turns":4.0},{"damage":2.0,"enemies":"Red Slaver","floor":14.0,"turns":4.0},{"damage":47,"enemies":"Slime Boss","floor":16,"turns":7},{"damage":65,"enemies":"Spheric Guardian","floor":18,"turns":8},{"damage":0,"enemies":"3 Byrds","floor":21,"turns":4},{"damage":27,"enemies":"3 Cultists","floor":24,"turns":5},{"damage":1,"enemies":"Cultist and Chosen","floor":29,"turns":7},{"damage":31,"enemies":"Snake Plant","floor":30,"turns":6},{"damage":81,"enemies":"Automaton","floor":33,"turns":8}],"seed_played":"7650969572392082972","potions_obtained":[{"floor":1.0,"key":"SkillPotion"},{"floor":7.0,"key":"Poison Potion"},{"floor":11.0,"key":"Strength Potion"},{"floor":13.0,"key":"Weak Potion"},{"floor":14.0,"key":"Swift Potion"},{"floor":24,"key":"Fire Potion"}],"is_trial":false,"path_per_floor":["M","$","M","M","?","R","E","R","T","?","M","M","M","M","R","B",null,"M","$","?","M","?","R","M","T","T","R","$","M","M","T","R","B"],"character_chosen":"IRONCLAD","items_purchased":["Bronze Scales","Sundial","Tiny Chest","BloodPotion","Corruption","Seeing Red"],"campfire_rested":6,"item_purchase_floors":[2,19,19,19,28,28],"current_hp_per_floor":[56,56,55,53,42,66,8,32,32,24,23,23,26,34,58,31,80,21,21,21,52,52,76,59,59,59,80,80,80,59,59,80,0],"gold":36,"neow_bonus":"TWO_FIFTY_GOLD","is_prod":false,"is_daily":false,"chose_seed":false,"campfire_upgraded":0,"win_rate":0,"timestamp":1566213455,"path_taken":["M","$","M","M","?","R","E","R","T","?","M","M","?","M","R","BOSS","M","$","?","M","?","R","?","?","T","R","$","M","M","?","R","BOSS"],"build_version":"2019-07-17","purchased_purges":1,"victory":false,"max_hp_per_floor":[80,80,80,80,80,80,80,80,80,80,80,80,80,80,80,80,80,80,80,80,80,80,80,80,80,80,80,80,80,80,80,80,80],"card_choices":[{"not_picked":["Cleave","Heavy Blade"],"picked":"Feel No Pain","floor":1.0},{"not_picked":["Uppercut","Intimidate"],"picked":"Pummel","floor":3.0},{"not_picked":["Rupture","Evolve"],"picked":"Armaments","floor":4.0},{"not_picked":["Heavy Blade","Warcry"],"picked":"Reaper","floor":7.0},{"not_picked":["Anger","Body Slam"],"picked":"Cleave","floor":11.0},{"not_picked":["Rupture","Infernal Blade"],"picked":"Shrug It Off","floor":12.0},{"not_picked":["Combust","Clash"],"picked":"Pummel","floor":13.0},{"not_picked":["Hemokinesis","Flex"],"picked":"Rampage","floor":14.0},{"not_picked":["Warcry+1","Body Slam"],"picked":"Shrug It Off+1","floor":18},{"not_picked":["Warcry+1","Infernal Blade"],"picked":"Havoc+1","floor":21},{"not_picked":["Combust","Shrug It Off"],"picked":"Clothesline+1","floor":24},{"not_picked":["Armaments","Infernal Blade","Flex"],"picked":"SKIP","floor":29},{"not_picked":["Ghostly Armor","Cleave"],"picked":"Evolve+1","floor":30}],"player_experience":434432,"relics_obtained":[{"floor":7.0,"key":"Paper Frog"},{"floor":9.0,"key":"Shuriken"},{"floor":25,"key":"Regal Pillow"},{"floor":26,"key":"MawBank"},{"floor":31,"key":"Centennial Puzzle"}],"event_choices":[{"damage_healed":0.0,"max_hp_gain":0.0,"max_hp_loss":0.0,"gold_gain":75.0,"event_name":"World of Goop","player_choice":"Gather Gold","floor":5.0,"gold_loss":0.0,"damage_taken":11.0},{"damage_healed":0.0,"max_hp_gain":0.0,"max_hp_loss":0.0,"gold_gain":0.0,"event_name":"Wheel of Change","player_choice":"Damaged","floor":10.0,"gold_loss":0.0,"damage_taken":8.0},{"damage_healed":0,"gold_gain":0,"player_choice":"Simplicity","damage_taken":0,"max_hp_gain":0,"max_hp_loss":0,"event_name":"Back to Basics","floor":20,"gold_loss":0,"cards_upgraded":["Strike_R","Strike_R","Strike_R","Strike_R","Defend_R","Defend_R","Defend_R","Defend_R"]},{"damage_healed":0,"gold_gain":0,"player_choice":"Traded Relic","damage_taken":0,"relics_obtained":["Nloth\u0027s Gift"],"max_hp_gain":0,"max_hp_loss":0,"event_name":"N\u0027loth","floor":22,"relics_lost":["Sundial"],"gold_loss":0}],"is_beta":false,"boss_relics":[{"not_picked":["Fusion Hammer","Runic Pyramid"],"picked":"Black Star"}],"items_purged_floors":[19],"is_endless":false,"potions_floor_spawned":[1,7,11,13,14,24],"killed_by":"Automaton","ascension_level":3}