{"gold_per_floor":[109,34,47,322,46,78,78,89,89,89,105,17,35,54,54,133,133,150,183,183,203,253,253,287,287,287,287,317,25,43,62,62,140,140,153,71,171,171,121,153,153,182,206,206,219,219,219,234,234,234],"floor_reached":51,"playtime":2556,"items_purged":["Regret"],"score":1328,"play_id":"7f87fb6f-66bd-40d5-a044-32abe3d97c5c","local_time":"20190822140652","is_ascension_mode":true,"campfire_choices":[{"floor":7.0,"key":"REST"},{"data":"Rupture","floor":10.0,"key":"SMITH"},{"data":"Hemokinesis","floor":15.0,"key":"SMITH"},{"data":"Whirlwind","floor":23.0,"key":"SMITH"},{"floor":25.0,"key":"REST"},{"data":"Flame Barrier","floor":32.0,"key":"SMITH"},{"data":"Blood for Blood","floor":41,"key":"SMITH"},{"data":"Bash","floor":44,"key":"SMITH"},{"data":"Inflame","floor":46,"key":"SMITH"},{"data":"Pummel","floor":47,"key":"SMITH"},{"floor":49,"key":"REST"}],"neow_cost":"CURSE","seed_source_timestamp":0,"circlet_count":0,"master_deck":["AscendersBane","Strike_R","Strike_R","Strike_R","Strike_R","Strike_R","Defend_R","Defend_R+1","Defend_R+1","Bash+1","Pommel Strike","Flame Barrier+1","Hemokinesis+1","Rupture+1","Flex+1","Inflame","Inflame+1","Whirlwind+1","Offering+1","Shrug It Off+1","Spot Weakness+1","Flex+1","Blood for Blood+1","Sentinel+1","Infernal Blade+1","Pummel+1","Brutality+1","Battle Trance+1","True Grit+1","Warcry+1","Armaments+1"],"special_seed":0,"relics":["Burning Blood","Magic Flower","Bag of Marbles","Toxic Egg 2","Sozu","Red Mask","Kunai","Singing Bowl","Enchiridion","Meat on the Bone","Vajra","Mark of Pain","Charon\u0027s Ashes","WingedGreaves","War Paint","Anchor"],"potions_floor_usage":[],"damage_taken":[{"damage":10.0,"enemies":"Small Slimes","floor":1.0,"turns":5.0},{"damage":14.0,"enemies":"Jaw Worm","floor":3.0,"turns":4.0},{"damage":42.0,"enemies":"3 Sentries","floor":6.0,"turns":10.0},{"damage":1.0,"enemies":"Cultist","floor":8.0,"turns":3.0},{"damage":7.0,"enemies":"Blue Slaver","floor":11.0,"turns":3.0},{"damage":8.0,"enemies":"3 Louse","floor":13.0,"turns":3.0},{"damage":3.0,"enemies":"Large Slime","floor":14.0,"turns":2.0},{"damage":68.0,"enemies":"The Guardian","floor":16.0,"turns":11.0},{"damage":8.0,"enemies":"2 Thieves","floor":18.0,"turns":1.0},{"damage":6.0,"enemies":"Masked Bandits","floor":19.0,"turns":1.0},{"damage":6.0,"enemies":"Chosen","floor":21.0,"turns":2.0},{"damage":33.0,"enemies":"Gremlin Leader","floor":24.0,"turns":4.0},{"damage":21.0,"enemies":"Slavers","floor":28.0,"turns":2.0},{"damage":17.0,"enemies":"Shelled Parasite and Fungi","floor":30.0,"turns":3.0},{"damage":7.0,"enemies":"Snake Plant","floor":31.0,"turns":2.0},{"damage":35,"enemies":"Champ","floor":33,"turns":7},{"damage":22,"enemies":"3 Shapes","floor":35,"turns":4},{"damage":19,"enemies":"Mind Bloom Boss Battle","floor":37,"turns":4},{"damage":17,"enemies":"Giant Head","floor":40,"turns":4},{"damage":16,"enemies":"Reptomancer","floor":42,"turns":3},{"damage":15,"enemies":"Orb Walker","floor":45,"turns":3},{"damage":10,"enemies":"Sphere and 2 Shapes","floor":48,"turns":3},{"damage":61,"enemies":"Time Eater","floor":50,"turns":7}],"seed_played":"-4686275084076157729","potions_obtained":[{"floor":6.0,"key":"Strength Potion"},{"floor":11.0,"key":"FairyPotion"}],"is_trial":false,"path_per_floor":["M","?","M","?","$","E","R","M","T","R","M","$","M","M","R","B",null,"M","?","?","M","?","R","E","R","T","?","E","$","M","M","R","B",null,"M","$","?","?","?","E","R","E","T","R","M","R","R","M","R","B",null],"character_chosen":"IRONCLAD","items_purchased":["Bag of Marbles","Hemokinesis","Inflame","Vajra","Infernal Blade+1","Pummel","True Grit+1","Warcry+1"],"campfire_rested":3,"item_purchase_floors":[5,5,12,29,29,29,36,36],"current_hp_per_floor":[67,67,62,62,62,29,51,59,59,59,61,61,62,68,68,20,61,62,65,65,68,68,68,44,66,66,45,33,33,45,67,67,59,74,61,61,53,53,53,65,65,58,58,58,54,54,54,55,81,47],"gold":234,"neow_bonus":"ONE_RARE_RELIC","is_prod":false,"is_daily":false,"chose_seed":false,"campfire_upgraded":8,"win_rate":0,"timestamp":1566508012,"path_taken":["M","?","M","?","$","E","R","M","T","R","M","$","?","M","R","BOSS","M","?","?","M","?","R","E","R","T","?","E","$","M","M","R","BOSS","M","$","?","?","?","E","R","E","T","R","M","R","R","M","R","BOSS"],"build_version":"2019-07-17","purchased_purges":1,"victory":true,"max_hp_per_floor":[75,75,75,75,75,75,75,75,75,75,75,75,75,75,75,75,75,75,75,75,75,75,75,75,75,75,75,75,75,77,79,79,79,79,79,79,81,81,81,83,83,83,83,83,85,85,85,87,87,87],"card_choices":[{"not_picked":["Disarm","Heavy Blade"],"picked":"Pommel Strike","floor":1.0},{"not_picked":["Clash","Warcry"],"picked":"Flame Barrier","floor":3.0},{"not_picked":["Thunderclap","Clothesline"],"picked":"Rupture","floor":6.0},{"not_picked":["Clothesline","Second Wind+1"],"picked":"Flex+1","floor":8.0},{"not_picked":["Anger","Armaments+1"],"picked":"Inflame","floor":11.0},{"not_picked":["Havoc+1","Searing Blow","Second Wind+1"],"picked":"SKIP","floor":13.0},{"not_picked":["Rage+1","Dual Wield+1"],"picked":"Whirlwind","floor":14.0},{"not_picked":["Bludgeon","Barricade"],"picked":"Offering+1","floor":16.0},{"not_picked":["Uppercut","Perfected Strike"],"picked":"Shrug It Off+1","floor":18.0},{"not_picked":["Twin Strike","Pommel Strike"],"picked":"Spot Weakness+1","floor":19.0},{"not_picked":["Iron Wave","Body Slam"],"picked":"Flex+1","floor":21.0},{"not_picked":["Ghostly Armor+1","Spot Weakness+1"],"picked":"Blood for Blood","floor":24.0},{"not_picked":["Fire Breathing+1","Fiend Fire"],"picked":"Sentinel+1","floor":28.0},{"not_picked":["Corruption","Pommel Strike","True Grit+1"],"picked":"Singing Bowl","floor":30.0},{"not_picked":["Body Slam","Twin Strike","Thunderclap"],"picked":"Singing Bowl","floor":31.0},{"not_picked":["Exhume+1","Impervious+1"],"picked":"Brutality","floor":33},{"not_picked":["Corruption","Clothesline"],"picked":"Battle Trance+1","floor":35},{"not_picked":["Power Through+1","Clash","Rage+1"],"picked":"Singing Bowl","floor":37},{"not_picked":["Headbutt","Entrench+1","Evolve"],"picked":"Singing Bowl","floor":40},{"not_picked":["Feel No Pain","Bloodletting+1"],"picked":"Armaments+1","floor":42},{"not_picked":["Rampage","Cleave","Searing Blow"],"picked":"Singing Bowl","floor":45},{"not_picked":["Twin Strike","Flex+1","Cleave"],"picked":"Singing Bowl","floor":48}],"player_experience":729480,"relics_obtained":[{"floor":6.0,"key":"Toxic Egg 2"},{"floor":19.0,"key":"Red Mask"},{"floor":24.0,"key":"Kunai"},{"floor":26.0,"key":"Singing Bowl"},{"floor":27.0,"key":"Enchiridion"},{"floor":28.0,"key":"Meat on the Bone"},{"floor":37,"key":"Charon\u0027s Ashes"},{"floor":40,"key":"WingedGreaves"},{"floor":42,"key":"War Paint"},{"floor":43,"key":"Anchor"}],"event_choices":[{"cards_removed":["Shame"],"damage_healed":0.0,"max_hp_gain":0.0,"max_hp_loss":0.0,"gold_gain":0.0,"event_name":"The Cleric","player_choice":"Card Removal","floor":2.0,"gold_loss":75.0,"damage_taken":0.0},{"damage_healed":0.0,"max_hp_gain":0.0,"max_hp_loss":0.0,"gold_gain":275.0,"event_name":"Golden Shrine","player_choice":"Desecrate","floor":4.0,"gold_loss":0.0,"damage_taken":0.0,"cards_obtained":["Regret"]},{"damage_healed":0.0,"max_hp_gain":0.0,"max_hp_loss":0.0,"gold_gain":0.0,"event_name":"Masked Bandits","player_choice":"Fought Bandits","floor":19.0,"gold_loss":0.0,"damage_taken":0.0},{"damage_healed":0.0,"max_hp_gain":0.0,"max_hp_loss":0.0,"gold_gain":0.0,"event_name":"Ghosts","player_choice":"Ignored","floor":20.0,"gold_loss":0.0,"damage_taken":0.0},{"damage_healed":0.0,"max_hp_gain":0.0,"max_hp_loss":0.0,"gold_gain":50.0,"event_name":"Nest","player_choice":"Stole From Cult","floor":22.0,"gold_loss":0.0,"damage_taken":0.0},{"damage_healed":0.0,"max_hp_gain":0.0,"max_hp_loss":0.0,"gold_gain":0.0,"event_name":"Cursed Tome","player_choice":"Obtained Book","floor":27.0,"gold_loss":0.0,"damage_taken":21.0},{"damage_healed":0,"gold_gain":0,"player_choice":"Fight","damage_taken":0,"max_hp_gain":0,"max_hp_loss":0,"event_name":"MindBloom","floor":37,"gold_loss":0},{"cards_removed":["Defend_R"],"damage_healed":0,"gold_gain":0,"player_choice":"Removed Skill","damage_taken":0,"max_hp_gain":0,"max_hp_loss":0,"event_name":"Falling","floor":38,"gold_loss":0},{"damage_healed":0,"gold_gain":0,"player_choice":"Upgrade","damage_taken":0,"max_hp_gain":0,"max_hp_loss":0,"event_name":"Designer","floor":39,"gold_loss":50,"cards_upgraded":["Brutality"]}],"is_beta":false,"boss_relics":[{"not_picked":["Pandora\u0027s Box","Calling Bell"],"picked":"Sozu"},{"not_picked":["Astrolabe","Cursed Key"],"picked":"Mark of Pain"}],"items_purged_floors":[5],"is_endless":false,"potions_floor_spawned":[6,11,13,18,28,33,40],"ascension_level":17}