{"gold_per_floor":[116,66,83,83,83,83,99,115,115,115,147,147,21,36,36,141,141,157,177,177,177,192,192,206,223,223,242,242],"floor_reached":28,"playtime":2687,"items_purged":["Strike_G"],"score":280,"play_id":"8da2c382-3f45-417c-aeff-dbbad33dd369","local_time":"20181013050558","is_ascension_mode":true,"campfire_choices":[{"data":"Neutralize","floor":6,"key":"SMITH"},{"data":"Deadly Poison","floor":10,"key":"SMITH"},{"data":"Deadly Poison","floor":12,"key":"SMITH"},{"data":"Catalyst","floor":15,"key":"SMITH"},{"floor":23,"key":"REST"}],"neow_cost":"NONE","seed_source_timestamp":203953596289800,"circlet_count":0,"master_deck":["Defend_G","Defend_G","Defend_G","Defend_G","Defend_G","Strike_G","Survivor","Neutralize+1","Deadly Poison+1","Bane","Poisoned Stab","Catalyst+1","Deadly Poison+1","Deadly Poison","Catalyst","Footwork","Catalyst+1","Deadly Poison","Calculated Gamble","Dodge and Roll"],"relics":["Ring of the Snake","Ice Cream","StoneCalendar","MutagenicStrength","Pocketwatch"],"potions_floor_usage":[18,28,28,28],"damage_taken":[{"damage":0,"enemies":"Jaw Worm","floor":1,"turns":4},{"damage":0,"enemies":"2 Louse","floor":3,"turns":3},{"damage":0,"enemies":"Small Slimes","floor":7,"turns":3},{"damage":0,"enemies":"Red Slaver","floor":8,"turns":4},{"damage":10,"enemies":"Lagavulin","floor":11,"turns":4},{"damage":0,"enemies":"Exordium Thugs","floor":14,"turns":4},{"damage":9,"enemies":"The Guardian","floor":16,"turns":6},{"damage":14,"enemies":"2 Thieves","floor":18,"turns":3},{"damage":2,"enemies":"Chosen","floor":19,"turns":4},{"damage":45,"enemies":"Sentry and Sphere","floor":22,"turns":7},{"damage":15,"enemies":"Shelled Parasite and Fungi","floor":24,"turns":4},{"damage":4,"enemies":"Centurion and Healer","floor":25,"turns":5},{"damage":0,"enemies":"Snake Plant","floor":27,"turns":2},{"damage":28,"enemies":"3 Cultists","floor":28,"turns":5}],"seed_played":"7723102082631714268","potions_obtained":[{"floor":3,"key":"LiquidBronze"},{"floor":8,"key":"Strength Potion"},{"floor":14,"key":"Explosive Potion"},{"floor":16,"key":"Poison Potion"},{"floor":25,"key":"Poison Potion"},{"floor":27,"key":"SkillPotion"}],"is_trial":false,"path_per_floor":["M","?","M","?","?","R","M","M","T","R","E","R","$","M","R","B",null,"M","M","?","?","M","R","M","M","T","M"],"character_chosen":"THE_SILENT","items_purchased":["Deadly Poison"],"campfire_rested":1,"item_purchase_floors":[13],"current_hp_per_floor":[70,70,70,70,70,70,70,70,70,70,60,60,60,60,60,51,70,56,54,54,54,9,30,15,11,11,11,0],"gold":242,"neow_bonus":"TRANSFORM_CARD","is_prod":false,"is_daily":false,"chose_seed":false,"campfire_upgraded":4,"win_rate":0,"timestamp":1539378358,"path_taken":["M","?","M","?","?","R","M","?","T","R","E","R","$","M","R","BOSS","M","M","?","?","?","R","M","M","T","?","M"],"build_version":"2018-10-11","purchased_purges":1,"victory":false,"max_hp_per_floor":[70,70,70,70,70,70,70,70,70,70,70,70,70,70,70,70,70,70,70,70,70,70,70,70,70,70,70,70],"card_choices":[{"not_picked":["Backflip","Dodge and Roll"],"picked":"Bane","floor":1},{"not_picked":["Outmaneuver","Slice"],"picked":"Poisoned Stab","floor":3},{"not_picked":["Terror","Cloak And Dagger"],"picked":"Catalyst","floor":7},{"not_picked":["Blur","Cloak And Dagger"],"picked":"Deadly Poison","floor":8},{"not_picked":["Malaise","Tactician","Outmaneuver"],"picked":"SKIP","floor":11},{"not_picked":["Blur","Caltrops","Quick Slash"],"picked":"SKIP","floor":14},{"not_picked":["Backflip","Bane+1"],"picked":"Catalyst","floor":18},{"not_picked":["Predator","Underhanded Strike+1"],"picked":"Footwork","floor":19},{"not_picked":["Dagger Spray+1","Dash"],"picked":"Deadly Poison","floor":22},{"not_picked":["Bullet Time","Deadly Poison"],"picked":"Calculated Gamble","floor":24},{"not_picked":["Skewer","Flying Knee","Accuracy"],"picked":"SKIP","floor":25},{"not_picked":["Deadly Poison","Footwork"],"picked":"Dodge and Roll","floor":27}],"player_experience":391884,"relics_obtained":[{"floor":9,"key":"Ice Cream"},{"floor":11,"key":"StoneCalendar"},{"floor":26,"key":"Pocketwatch"}],"event_choices":[{"event_name":"The Cleric","player_choice":"Card Removal","floor":2,"damage_taken":0},{"event_name":"Living Wall","player_choice":"Forget","floor":4,"damage_taken":0},{"event_name":"Liars Game","player_choice":"disagreed","floor":5,"damage_taken":0},{"event_name":"Drug Dealer","player_choice":"Inject Mutagens","floor":20,"damage_taken":0},{"event_name":"Duplicator","player_choice":"One dupe","floor":21,"damage_taken":0}],"is_beta":false,"boss_relics":[{"not_picked":["Cursed Key","Velvet Choker","HoveringKite"]}],"items_purged_floors":[13],"is_endless":false,"potions_floor_spawned":[3,8,14,16,25,27],"killed_by":"3 Cultists","ascension_level":3}