{"gold_per_floor":[117,136,156,2,12,12,37,37,64,64,93,93,268,37,37,138,138,150,150,150,3,18,46,46,63,63,63,76,76,107,107],"floor_reached":31,"playtime":1076,"items_purged":["Strike_B","Doubt","Writhe"],"score":351,"play_id":"8fe04800-cec1-408d-9921-5052c7ce4041","local_time":"20190125151111","is_ascension_mode":true,"campfire_choices":[{"data":"Defragment","floor":6,"key":"SMITH"},{"data":"Conserve Battery","floor":10,"key":"SMITH"},{"data":"Creative AI","floor":12,"key":"SMITH"},{"data":"Defragment","floor":15,"key":"SMITH"},{"data":"Electrodynamics","floor":24,"key":"SMITH"},{"data":"Conserve Battery","floor":29,"key":"SMITH"}],"neow_cost":"NONE","seed_source_timestamp":4389181990176803,"circlet_count":0,"master_deck":["Strike_B+1","Strike_B","Defend_B","Defend_B","Defend_B","Defend_B","Zap","Dualcast","Conserve Battery+1","Doom and Gloom+1","Capacitor+1","Defragment+1","Creative AI+1","Defragment+1","Leap","Ball Lightning+1","Electrodynamics+1","Conserve Battery+1","Storm","Leap+1"],"relics":["Coffee Dripper","Juzu Bracelet","Pen Nib","Anchor","Velvet Choker","Mummified Hand","Happy Flower","Calipers","Whetstone"],"potions_floor_usage":[11,16,25,30,30],"damage_taken":[{"damage":1,"enemies":"2 Louse","floor":1,"turns":3},{"damage":0,"enemies":"Jaw Worm","floor":2,"turns":4},{"damage":0,"enemies":"Cultist","floor":3,"turns":2},{"damage":2,"enemies":"3 Louse","floor":5,"turns":2},{"damage":18,"enemies":"Lagavulin","floor":7,"turns":6},{"damage":16,"enemies":"Gremlin Nob","floor":11,"turns":4},{"damage":6,"enemies":"The Guardian","floor":16,"turns":9},{"damage":0,"enemies":"Spheric Guardian","floor":18,"turns":3},{"damage":0,"enemies":"Chosen","floor":22,"turns":4},{"damage":14,"enemies":"Slavers","floor":23,"turns":4},{"damage":28,"enemies":"Snecko","floor":25,"turns":5},{"damage":4,"enemies":"Centurion and Healer","floor":28,"turns":5},{"damage":10,"enemies":"Gremlin Leader","floor":30,"turns":4},{"damage":15,"enemies":"Snake Plant","floor":31,"turns":3}],"seed_played":"-7779073992233283984","potions_obtained":[{"floor":2,"key":"Dexterity Potion"},{"floor":3,"key":"PowerPotion"},{"floor":11,"key":"AttackPotion"},{"floor":18,"key":"GamblersBrew"},{"floor":23,"key":"Strength Potion"},{"floor":25,"key":"Fruit Juice"},{"floor":28,"key":"AttackPotion"}],"is_trial":false,"path_per_floor":["M","M","M","$","M","R","E","?","T","R","E","R","?","$","R","B",null,"M","?","?","$","M","E","R","M","T","$","M","R","E","M"],"character_chosen":"DEFECT","items_purchased":["Defragment","Defragment","Leap","Ball Lightning","Conserve Battery"],"campfire_rested":0,"item_purchase_floors":[4,14,14,14,21],"current_hp_per_floor":[74,74,74,74,72,72,54,39,39,39,23,23,23,23,23,17,61,61,61,61,61,61,47,47,24,24,24,20,20,10,0],"gold":107,"neow_bonus":"BOSS_RELIC","is_prod":false,"is_daily":false,"chose_seed":false,"campfire_upgraded":6,"win_rate":0,"timestamp":1548447071,"path_taken":["M","M","M","$","M","R","E","?","T","R","E","R","?","$","R","BOSS","M","?","?","$","M","E","R","M","T","$","M","R","E","M"],"build_version":"2019-01-23","purchased_purges":3,"victory":false,"max_hp_per_floor":[75,75,75,75,75,75,75,75,75,75,75,75,75,75,75,75,75,75,75,75,75,75,75,75,80,80,80,80,80,80,80],"card_choices":[{"not_picked":["Auto Shields","Scrape"],"picked":"Conserve Battery","floor":1},{"not_picked":["Rebound","Redo"],"picked":"Doom and Gloom","floor":2},{"not_picked":["Hologram","Rebound"],"picked":"Capacitor","floor":3},{"not_picked":["Consume","Beam Cell","Go for the Eyes"],"picked":"SKIP","floor":5},{"not_picked":["Beam Cell","Aggregate","Compile Driver"],"picked":"SKIP","floor":7},{"not_picked":["Compile Driver","Force Field"],"picked":"Creative AI","floor":11},{"not_picked":["Core Surge","Thunder Strike"],"picked":"Electrodynamics","floor":16},{"not_picked":["Go for the Eyes+1","Beam Cell+1","Rip and Tear"],"picked":"SKIP","floor":18},{"not_picked":["Cold Snap","Double Energy+1","Compile Driver"],"picked":"SKIP","floor":22},{"not_picked":["Reprogram","Consume","Genetic Algorithm+1"],"picked":"SKIP","floor":23},{"not_picked":["Sweeping Beam+1","Aggregate","Hologram"],"picked":"SKIP","floor":25},{"not_picked":["Cold Snap+1","Undo+1"],"picked":"Storm","floor":28},{"not_picked":["All For One","Steam"],"picked":"Leap+1","floor":30}],"player_experience":321556,"relics_obtained":[{"floor":7,"key":"Juzu Bracelet"},{"floor":9,"key":"Pen Nib"},{"floor":11,"key":"Anchor"},{"floor":23,"key":"Happy Flower"},{"floor":26,"key":"Calipers"},{"floor":30,"key":"Whetstone"}],"event_choices":[{"damage_healed":0,"gold_gain":0,"player_choice":"Entered Light","damage_taken":15,"max_hp_gain":0,"max_hp_loss":0,"event_name":"Shining Light","floor":8,"gold_loss":0,"cards_upgraded":["Capacitor","Doom and Gloom"]},{"damage_healed":0,"gold_gain":175,"player_choice":"AGREE","damage_taken":0,"max_hp_gain":0,"max_hp_loss":0,"event_name":"Liars Game","floor":13,"gold_loss":0,"cards_obtained":["Doubt"]},{"cards_removed":["Strike_B"],"damage_healed":0,"gold_gain":0,"player_choice":"Offered Basic","damage_taken":0,"max_hp_gain":0,"max_hp_loss":0,"event_name":"Bonfire Elementals","floor":19,"gold_loss":0},{"damage_healed":0,"gold_gain":0,"player_choice":"Opened","damage_taken":0,"relics_obtained":["Mummified Hand"],"max_hp_gain":0,"max_hp_loss":0,"event_name":"The Mausoleum","floor":20,"gold_loss":0,"cards_obtained":["Writhe"]}],"is_beta":false,"boss_relics":[{"not_picked":["Runic Dome","Black Star"],"picked":"Velvet Choker"}],"items_purged_floors":[4,14,21],"is_endless":false,"potions_floor_spawned":[2,3,11,18,23,25,28],"killed_by":"Snake Plant","ascension_level":5}