{"gold_per_floor":[116,58,69,81,356,356,388,406,406,424,442,442,157,189,189,261,261,277,277,296,296,11,11,11,11],"floor_reached":25,"playtime":862,"items_purged":["Regret"],"score":401,"play_id":"3eb8b4bd-793e-4993-879e-7b3d753a69a2","local_time":"20190801204241","is_ascension_mode":true,"campfire_choices":[{"data":"Chaos","floor":6,"key":"SMITH"},{"data":"Leap","floor":15,"key":"SMITH"},{"floor":23,"key":"REST"}],"neow_cost":"NONE","seed_source_timestamp":1729014289520073,"circlet_count":0,"master_deck":["AscendersBane","Strike_B","Strike_B","Strike_B","Strike_B","Defend_B","Defend_B","Defend_B","Defend_B","Zap","Dualcast","Gash","Ball Lightning","Chaos+1","Leap+1","Gash","Cold Snap","Multi-Cast","Sweeping Beam","Parasite","Creative AI","Redo+1","Conserve Battery","Decay","Shame"],"relics":["Velvet Choker","Kunai","Emotion Chip","Toy Ornithopter","Ginger","Nuclear Battery","Nilry\u0027s Codex","Runic Capacitor","Nunchaku"],"potions_floor_usage":[16,20],"damage_taken":[{"damage":0,"enemies":"Small Slimes","floor":1,"turns":2},{"damage":1,"enemies":"Cultist","floor":3,"turns":3},{"damage":7,"enemies":"Jaw Worm","floor":4,"turns":3},{"damage":32,"enemies":"3 Sentries","floor":7,"turns":7},{"damage":4,"enemies":"Large Slime","floor":8,"turns":5},{"damage":6,"enemies":"Looter","floor":10,"turns":2},{"damage":9,"enemies":"Blue Slaver","floor":11,"turns":4},{"damage":2,"enemies":"Lagavulin","floor":14,"turns":9},{"damage":11,"enemies":"Hexaghost","floor":16,"turns":8},{"damage":12,"enemies":"3 Byrds","floor":18,"turns":3},{"damage":27,"enemies":"Shell Parasite","floor":20,"turns":5},{"damage":26,"enemies":"Snake Plant","floor":25,"turns":3}],"seed_played":"-6564607462816425997","potions_obtained":[{"floor":4,"key":"Dexterity Potion"},{"floor":7,"key":"Explosive Potion"}],"is_trial":false,"path_per_floor":["M","$","M","M","?","R","E","M","T","M","M","?","$","E","R","B",null,"M","?","M","?","$","R","?","M"],"character_chosen":"DEFECT","items_purchased":["Ball Lightning","Toy Ornithopter","Runic Capacitor","Dexterity Potion"],"campfire_rested":1,"item_purchase_floors":[2,13,22,22],"current_hp_per_floor":[64,64,63,56,56,56,24,20,20,14,5,22,22,20,20,14,57,45,24,2,2,2,23,23,0],"gold":11,"neow_bonus":"BOSS_RELIC","is_prod":false,"is_daily":false,"chose_seed":false,"campfire_upgraded":2,"win_rate":0,"timestamp":1564706561,"path_taken":["M","$","M","M","?","R","E","M","T","M","?","?","$","E","R","BOSS","M","?","M","?","$","R","?","M"],"build_version":"2019-07-17","purchased_purges":1,"victory":false,"max_hp_per_floor":[71,71,71,71,71,71,71,71,71,71,71,71,71,71,71,71,71,71,71,71,71,71,71,71,71],"card_choices":[{"not_picked":["Coolheaded","Barrage"],"picked":"Gash","floor":1},{"not_picked":["Leap","Darkness"],"picked":"Chaos","floor":3},{"not_picked":["Steam","Blizzard"],"picked":"Leap","floor":4},{"not_picked":["Ball Lightning","Static Discharge"],"picked":"Gash","floor":7},{"not_picked":["Double Energy","Beam Cell"],"picked":"Cold Snap","floor":8},{"not_picked":["Stack","Reprogram"],"picked":"Multi-Cast","floor":10},{"not_picked":["Undo","Loop"],"picked":"Sweeping Beam","floor":11},{"not_picked":["Compile Driver","Recycle","Stack"],"picked":"SKIP","floor":14},{"not_picked":["All For One","Amplify"],"picked":"Creative AI","floor":16},{"not_picked":["Streamline","Stack+1"],"picked":"Redo+1","floor":18},{"not_picked":["Barrage","Tempest"],"picked":"Conserve Battery","floor":20}],"player_experience":967135,"relics_obtained":[{"floor":7,"key":"Kunai"},{"floor":9,"key":"Emotion Chip"},{"floor":14,"key":"Ginger"},{"floor":19,"key":"Nilry\u0027s Codex"}],"event_choices":[{"damage_healed":0,"gold_gain":275,"player_choice":"Desecrate","damage_taken":0,"max_hp_gain":0,"max_hp_loss":0,"event_name":"Golden Shrine","floor":5,"gold_loss":0,"cards_obtained":["Regret"]},{"damage_healed":17,"gold_gain":0,"player_choice":"Healed and dodged fight","damage_taken":0,"max_hp_gain":0,"max_hp_loss":0,"event_name":"Mushrooms","floor":12,"gold_loss":0,"cards_obtained":["Parasite"]},{"damage_healed":0,"gold_gain":0,"player_choice":"Obtained Book","damage_taken":21,"max_hp_gain":0,"max_hp_loss":0,"event_name":"Cursed Tome","floor":19,"gold_loss":0},{"damage_healed":0,"gold_gain":0,"player_choice":"Smashed Altar","damage_taken":0,"max_hp_gain":0,"max_hp_loss":0,"event_name":"Forgotten Altar","floor":21,"gold_loss":0,"cards_obtained":["Decay"]},{"damage_healed":0,"gold_gain":0,"player_choice":"Stole Relic","damage_taken":0,"relics_obtained":["Nunchaku"],"max_hp_gain":0,"max_hp_loss":0,"event_name":"Addict","floor":24,"gold_loss":0,"cards_obtained":["Shame"]}],"is_beta":false,"boss_relics":[{"not_picked":["Lizard Tail","Black Star"],"picked":"Nuclear Battery"}],"items_purged_floors":[13],"is_endless":false,"potions_floor_spawned":[4,7,10,14],"killed_by":"Snake Plant","ascension_level":18}