{"gold_per_floor":[119,119,194,209,54,81,94,94,94,106,132,57,7,7,7,112,112,131,31,49,63,79,79,79,96,96,96,96,96],"floor_reached":29,"playtime":1519,"items_purged":["Strike_B","Strike_B+1"],"score":284,"play_id":"3d50b1e2-5f5c-4357-9ce6-eb8281cc6905","local_time":"20190820223826","is_ascension_mode":true,"campfire_choices":[{"data":"Gash","floor":8,"key":"SMITH"},{"data":"Streamline","floor":15,"key":"SMITH"},{"data":"Hologram","floor":23,"key":"SMITH"},{"data":"Gash","floor":27,"key":"SMITH"}],"neow_cost":"NONE","seed_source_timestamp":457085184863300,"circlet_count":0,"master_deck":["Strike_B+1","Defend_B","Defend_B","Defend_B","Defend_B","Zap","Streamline+1","Conserve Battery","Gash+1","Hologram+1","Leap","Gash+1"],"relics":["Cracked Core","NeowsBlessing","Gremlin Horn","Lantern","Whetstone","Kunai","PreservedInsect","Cursed Key","Darkstone Periapt"],"potions_floor_usage":[11,16,21,21],"damage_taken":[{"damage":0,"enemies":"Cultist","floor":1,"turns":1},{"damage":0,"enemies":"2 Louse","floor":4,"turns":1},{"damage":0,"enemies":"Gremlin Nob","floor":6,"turns":1},{"damage":0,"enemies":"Small Slimes","floor":7,"turns":2},{"damage":0,"enemies":"2 Fungi Beasts","floor":10,"turns":2},{"damage":14,"enemies":"Lagavulin","floor":11,"turns":4},{"damage":17,"enemies":"Hexaghost","floor":16,"turns":8},{"damage":2,"enemies":"Chosen","floor":18,"turns":4},{"damage":8,"enemies":"Shell Parasite","floor":20,"turns":6},{"damage":9,"enemies":"Cultist and Chosen","floor":21,"turns":7},{"damage":21,"enemies":"Snake Plant","floor":22,"turns":5},{"damage":19,"enemies":"Centurion and Healer","floor":25,"turns":6},{"damage":33,"enemies":"Snecko","floor":29,"turns":4}],"seed_played":"-5970018871862501418","potions_obtained":[{"floor":10,"key":"AttackPotion"},{"floor":11,"key":"LiquidBronze"},{"floor":16,"key":"Block Potion"},{"floor":20,"key":"Block Potion"}],"is_trial":false,"path_per_floor":["M","T","?","M","$","E","M","R","T","M","E","$","?","?","R","B",null,"M","$","M","M","M","R","$","M","T","R","?","M"],"character_chosen":"DEFECT","items_purchased":["Lantern"],"campfire_rested":0,"item_purchase_floors":[5],"current_hp_per_floor":[75,75,64,64,64,64,64,64,64,64,50,50,50,43,43,26,75,73,73,65,56,35,35,35,16,16,16,16,0],"gold":96,"neow_bonus":"THREE_ENEMY_KILL","is_prod":false,"is_daily":false,"chose_seed":false,"campfire_upgraded":4,"win_rate":0,"timestamp":1566304706,"path_taken":["M","?","?","M","$","E","M","R","T","M","E","$","?","?","R","BOSS","M","$","M","M","M","R","$","M","T","R","?","M"],"build_version":"2019-07-17","purchased_purges":2,"victory":false,"max_hp_per_floor":[75,75,75,75,75,75,75,75,75,75,75,75,75,75,75,75,75,75,75,75,75,75,75,75,75,75,75,72,72],"card_choices":[{"not_picked":["Compile Driver","Conserve Battery"],"picked":"Streamline","floor":1},{"not_picked":["Steam Power","Barrage"],"picked":"Conserve Battery","floor":4},{"not_picked":["Coolheaded","Go for the Eyes","Heatsinks"],"picked":"SKIP","floor":6},{"not_picked":["Sweeping Beam","Hologram"],"picked":"Gash","floor":7},{"not_picked":["Redo","Go for the Eyes","Auto Shields"],"picked":"SKIP","floor":10},{"not_picked":["Rebound","Coolheaded","Beam Cell"],"picked":"SKIP","floor":11},{"not_picked":["Darkness","Blizzard"],"picked":"Hologram","floor":18},{"not_picked":["Storm","Doom and Gloom","Stack"],"picked":"SKIP","floor":20},{"not_picked":["Steam+1","Doom and Gloom"],"picked":"Leap","floor":21},{"not_picked":["Force Field+1","Genetic Algorithm","Steam"],"picked":"SKIP","floor":22},{"not_picked":["Rip and Tear","BootSequence"],"picked":"Gash","floor":25}],"player_experience":72541,"relics_obtained":[{"floor":2,"key":"Gremlin Horn"},{"floor":6,"key":"Whetstone"},{"floor":9,"key":"Kunai"},{"floor":11,"key":"PreservedInsect"},{"floor":26,"key":"Darkstone Periapt"}],"event_choices":[{"damage_healed":0,"gold_gain":75,"player_choice":"Gather Gold","damage_taken":11,"max_hp_gain":0,"max_hp_loss":0,"event_name":"World of Goop","floor":3,"gold_loss":0},{"cards_removed":["Strike_B"],"damage_healed":0,"gold_gain":0,"player_choice":"Card Removal","damage_taken":0,"max_hp_gain":0,"max_hp_loss":0,"event_name":"The Cleric","floor":13,"gold_loss":50},{"cards_removed":["Dualcast"],"damage_healed":0,"gold_gain":0,"player_choice":"Card Removal","damage_taken":7,"max_hp_gain":0,"max_hp_loss":0,"event_name":"Golden Wing","floor":14,"gold_loss":0},{"cards_removed":["Parasite"],"damage_healed":0,"gold_gain":0,"player_choice":"Removed Curses","damage_taken":0,"max_hp_gain":0,"max_hp_loss":0,"event_name":"Fountain of Cleansing","floor":28,"gold_loss":0}],"is_beta":false,"boss_relics":[{"not_picked":["Lizard Tail","Snecko Eye"],"picked":"Cursed Key"}],"items_purged_floors":[12,19],"is_endless":false,"potions_floor_spawned":[10,11,16,20],"killed_by":"Snecko","ascension_level":2}