{"gold_per_floor":[218,16,31,31,31,64,64,80,80,80,99,99,113,134,134,259,259,280,42,62,62],"floor_reached":21,"playtime":1865,"items_purged":[],"score":181,"play_id":"99fbb556-0265-4bd1-9035-5bd137960804","local_time":"20190808180953","is_ascension_mode":false,"campfire_choices":[{"floor":7,"key":"REST"},{"data":"Magnetism","floor":10,"key":"SMITH"},{"floor":12,"key":"REST"},{"floor":15,"key":"REST"}],"neow_cost":"NONE","seed_source_timestamp":35875716186724,"circlet_count":0,"master_deck":["Strike_B","Strike_B","Strike_B","Strike_B","Defend_B","Defend_B","Defend_B","Defend_B","Zap","Dualcast","Stack","Magnetism+1","Hologram","Tempest","Injury","Cold Snap","Streamline","Ball Lightning","Sunder","Stack","Amplify","Go for the Eyes+1","Finesse","Gash","Capacitor","Conserve Battery","Go for the Eyes"],"special_seed":0,"relics":["Cracked Core","Golden Idol","Calipers","Girya","Eternal Feather"],"potions_floor_usage":[13],"damage_taken":[{"damage":1,"enemies":"Jaw Worm","floor":1,"turns":4},{"damage":5,"enemies":"Small Slimes","floor":3,"turns":4},{"damage":10,"enemies":"Lagavulin","floor":6,"turns":7},{"damage":2,"enemies":"2 Louse","floor":8,"turns":3},{"damage":14,"enemies":"Blue Slaver","floor":11,"turns":5},{"damage":11,"enemies":"Red Slaver","floor":13,"turns":5},{"damage":6,"enemies":"Large Slime","floor":14,"turns":5},{"damage":58,"enemies":"Slime Boss","floor":16,"turns":11},{"damage":40,"enemies":"2 Thieves","floor":18,"turns":5},{"damage":14,"enemies":"Shell Parasite","floor":20,"turns":8},{"damage":23,"enemies":"Snecko","floor":21,"turns":6}],"seed_played":"8547231361258775453","potions_obtained":[{"floor":3,"key":"Explosive Potion"},{"floor":8,"key":"PowerPotion"},{"floor":13,"key":"FocusPotion"},{"floor":18,"key":"SteroidPotion"}],"is_trial":false,"path_per_floor":["M","$","M","?","?","E","R","M","T","R","M","R","M","M","R","B",null,"M","$","M","M"],"character_chosen":"DEFECT","items_purchased":["Magnetism","Hologram","Finesse","Gash","Capacitor","Conserve Battery"],"campfire_rested":3,"item_purchase_floors":[2,2,19,19,19,19],"current_hp_per_floor":[74,74,69,69,69,59,75,73,73,73,59,75,64,58,75,17,75,35,35,21,0],"gold":62,"neow_bonus":"HUNDRED_GOLD","is_prod":false,"is_daily":false,"chose_seed":false,"campfire_upgraded":1,"win_rate":0.0,"timestamp":1565280593,"path_taken":["M","$","M","?","?","E","R","M","T","R","M","R","M","M","R","BOSS","M","$","M","M"],"build_version":"2019-07-17","purchased_purges":0,"victory":false,"max_hp_per_floor":[75,75,75,75,75,75,75,75,75,75,75,75,75,75,75,75,75,75,75,75,75],"card_choices":[{"not_picked":["Steam","Cold Snap"],"picked":"Stack","floor":1},{"not_picked":["Turbo","Compile Driver"],"picked":"Tempest","floor":3},{"not_picked":["Rip and Tear","Barrage"],"picked":"Cold Snap","floor":6},{"not_picked":["Hologram","Ball Lightning"],"picked":"Streamline","floor":8},{"not_picked":["Beam Cell","Sweeping Beam"],"picked":"Ball Lightning","floor":11},{"not_picked":["Beam Cell","Self Repair"],"picked":"Sunder","floor":13},{"not_picked":["Tempest","Hologram"],"picked":"Stack","floor":14},{"not_picked":["Multi-Cast","Biased Cognition"],"picked":"Amplify","floor":16},{"not_picked":["Conserve Battery","Stack"],"picked":"Go for the Eyes+1","floor":18},{"not_picked":["Cold Snap","Redo"],"picked":"Go for the Eyes","floor":20}],"player_experience":308100,"relics_obtained":[{"floor":6,"key":"Calipers"},{"floor":9,"key":"Girya"}],"event_choices":[{"damage_healed":0,"gold_gain":0,"player_choice":"Ignored","damage_taken":0,"max_hp_gain":0,"max_hp_loss":0,"event_name":"Golden Wing","floor":4,"gold_loss":0},{"damage_healed":0,"gold_gain":0,"player_choice":"Take Wound","damage_taken":0,"relics_obtained":["Golden Idol"],"max_hp_gain":0,"max_hp_loss":0,"event_name":"Golden Idol","floor":5,"gold_loss":0,"cards_obtained":["Injury"]}],"is_beta":false,"boss_relics":[{"not_picked":["Tiny House","Ectoplasm"],"picked":"Eternal Feather"}],"items_purged_floors":[],"is_endless":false,"potions_floor_spawned":[3,8,13,18],"killed_by":"Snecko","ascension_level":0}