{"gold_per_floor":[119,134,59,74,94,120,120,120,120,132,44,59,87,104,104,104],"floor_reached":16,"playtime":1693,"items_purged":["Strike_G","Strike_G"],"score":134,"play_id":"01062969-a07a-4546-8527-f479146c71a4","local_time":"20181014153527","is_ascension_mode":true,"campfire_choices":[{"floor":7,"key":"REST"},{"floor":10,"key":"REST"},{"floor":15,"key":"REST"}],"neow_cost":"NONE","seed_source_timestamp":329114545486700,"circlet_count":0,"master_deck":["Defend_G","Defend_G","Defend_G","Defend_G","Defend_G+1","Strike_G","Strike_G","Strike_G","Survivor","Neutralize+1","Eviscerate+1","All Out Attack","All Out Attack","Tactician"],"relics":["Ring of the Snake","Bag of Preparation","MawBank","Frozen Egg 2"],"potions_floor_usage":[6,16,16,16],"damage_taken":[{"damage":2,"enemies":"Cultist","floor":1,"turns":5},{"damage":1,"enemies":"2 Louse","floor":2,"turns":3},{"damage":0,"enemies":"Small Slimes","floor":4,"turns":5},{"damage":10,"enemies":"Gremlin Gang","floor":5,"turns":3},{"damage":51,"enemies":"Lagavulin","floor":6,"turns":7},{"damage":0,"enemies":"3 Louse","floor":12,"turns":2},{"damage":12,"enemies":"3 Sentries","floor":13,"turns":4},{"damage":3,"enemies":"Large Slime","floor":14,"turns":6},{"damage":48,"enemies":"Slime Boss","floor":16,"turns":11}],"seed_played":"2991925518390656869","potions_obtained":[{"floor":4,"key":"SteroidPotion"},{"floor":5,"key":"PowerPotion"},{"floor":13,"key":"Explosive Potion"},{"floor":14,"key":"FearPotion"}],"is_trial":false,"path_per_floor":["M","M","$","M","M","E","R","?","T","R","$","M","E","M","R"],"character_chosen":"THE_SILENT","items_purchased":[],"campfire_rested":3,"item_purchase_floors":[],"current_hp_per_floor":[68,67,67,67,57,6,27,13,13,34,34,34,22,19,40,0],"gold":104,"neow_bonus":"UPGRADE_CARD","is_prod":false,"is_daily":false,"chose_seed":false,"campfire_upgraded":0,"win_rate":0,"timestamp":1539502527,"path_taken":["M","?","$","M","M","E","R","?","T","R","$","M","E","?","R","BOSS"],"build_version":"2018-10-11","purchased_purges":2,"victory":false,"max_hp_per_floor":[70,70,70,70,70,70,70,70,70,70,70,70,70,70,70,70],"card_choices":[{"not_picked":["Slice","Backflip"],"picked":"Eviscerate","floor":1},{"not_picked":["Bouncing Flask","Flying Knee"],"picked":"All Out Attack","floor":2},{"not_picked":["Flying Knee","Poisoned Stab","Choke"],"picked":"SKIP","floor":4},{"not_picked":["Bane","Choke"],"picked":"All Out Attack","floor":5},{"not_picked":["Outmaneuver","Underhanded Strike","Acrobatics"],"picked":"SKIP","floor":6},{"not_picked":["Sucker Punch","Deflect"],"picked":"Tactician","floor":12},{"not_picked":["Caltrops","Accuracy","Malaise"],"picked":"SKIP","floor":13},{"not_picked":["Quick Slash","Bouncing Flask","Outmaneuver"],"picked":"SKIP","floor":14}],"player_experience":409392,"relics_obtained":[{"floor":6,"key":"Bag of Preparation"},{"floor":9,"key":"MawBank"},{"floor":13,"key":"Frozen Egg 2"}],"event_choices":[{"event_name":"Shining Light","player_choice":"Entered Light","floor":8,"damage_taken":0}],"is_beta":false,"boss_relics":[],"items_purged_floors":[3,11],"is_endless":false,"potions_floor_spawned":[4,5,13,14],"killed_by":"Slime Boss","ascension_level":4}