{"gold_per_floor":[119,119,130,130,55,80,80,93,140,150,150,170,187,200,200,296,296,310,321,346,359,371,371,388,388,388,388,405,423,127,217,217,321,321,332,207,226,226,243,243,257,257,282,282,282,314,114,162,162,162],"floor_reached":50,"playtime":15944,"items_purged":["Defend_G","Strike_G","Strike_G"],"score":501,"play_id":"4e39abf1-5a9e-4113-94ac-ccbd6c769295","local_time":"20190104195007","is_ascension_mode":false,"campfire_choices":[{"data":"Sucker Punch","floor":7,"key":"SMITH"},{"data":"Poisoned Stab","floor":11,"key":"SMITH"},{"data":"Noxious Fumes","floor":15,"key":"SMITH"},{"floor":23,"key":"REST"},{"floor":25,"key":"REST"},{"data":"Survivor","floor":27,"key":"SMITH"},{"floor":32,"key":"REST"},{"floor":40,"key":"REST"},{"floor":45,"key":"REST"},{"floor":49,"key":"REST"}],"neow_cost":"NONE","seed_source_timestamp":2576487168493696,"circlet_count":0,"master_deck":["Defend_G","Defend_G","Defend_G","Defend_G","Survivor+1","Dagger Throw","Flying Knee+1","Sucker Punch+1","Poisoned Stab+1","Noxious Fumes+1","Deadly Poison","Escape Plan+1","Deadly Poison","Dodge and Roll+1","Noxious Fumes+1","Crippling Poison+1","Noxious Fumes","Adrenaline+1","Bouncing Flask+1","Crippling Poison+1","Bouncing Flask+1","Blind+1"],"relics":["Ring of the Snake","Ancient Tea Set","Bag of Marbles","Empty Cage","Red Mask","Toxic Egg 2","Blood Vial","Fusion Hammer","PreservedInsect","Thread and Needle","Strange Spoon","StoneCalendar"],"potions_floor_usage":[20,20,48,50,50],"damage_taken":[{"damage":2,"enemies":"Small Slimes","floor":1,"turns":7},{"damage":0,"enemies":"Jaw Worm","floor":3,"turns":5},{"damage":17,"enemies":"Lagavulin","floor":6,"turns":8},{"damage":3,"enemies":"2 Louse","floor":8,"turns":2},{"damage":0,"enemies":"Exordium Wildlife","floor":10,"turns":2},{"damage":1,"enemies":"Exordium Thugs","floor":12,"turns":3},{"damage":0,"enemies":"Red Slaver","floor":13,"turns":2},{"damage":0,"enemies":"3 Louse","floor":14,"turns":3},{"damage":49,"enemies":"Slime Boss","floor":16,"turns":10},{"damage":35,"enemies":"3 Byrds","floor":18,"turns":5},{"damage":7,"enemies":"Chosen","floor":19,"turns":5},{"damage":7,"enemies":"Masked Bandits","floor":20,"turns":3},{"damage":10,"enemies":"Sentry and Sphere","floor":21,"turns":4},{"damage":12,"enemies":"Cultist and Chosen","floor":22,"turns":6},{"damage":2,"enemies":"Shelled Parasite and Fungi","floor":24,"turns":4},{"damage":0,"enemies":"Centurion and Healer","floor":28,"turns":5},{"damage":21,"enemies":"Snake Plant","floor":29,"turns":5},{"damage":43,"enemies":"Automaton","floor":33,"turns":8},{"damage":13,"enemies":"Orb Walker","floor":35,"turns":4},{"damage":7,"enemies":"3 Darklings","floor":37,"turns":4},{"damage":7,"enemies":"Jaw Worm Horde","floor":39,"turns":4},{"damage":0,"enemies":"Maw","floor":41,"turns":6},{"damage":19,"enemies":"Reptomancer","floor":46,"turns":5},{"damage":30,"enemies":"2 Orb Walkers","floor":48,"turns":5},{"damage":69,"enemies":"Awakened One","floor":50,"turns":10}],"seed_played":"-9214839244040605237","potions_obtained":[{"floor":1,"key":"Regen Potion"},{"floor":8,"key":"Fire Potion"},{"floor":12,"key":"Explosive Potion"},{"floor":21,"key":"Fire Potion"},{"floor":24,"key":"Poison Potion"},{"floor":33,"key":"Swift Potion"}],"is_trial":false,"path_per_floor":["M","?","M","?","$","E","R","M","T","M","R","M","M","M","R","B",null,"M","M","?","M","M","R","M","R","T","R","M","M","$","?","R","B",null,"M","$","M","?","M","R","M","?","T","?","R","E","$","?","R","B"],"character_chosen":"THE_SILENT","items_purchased":["Noxious Fumes","Blood Vial","Strange Spoon"],"campfire_rested":6,"item_purchase_floors":[30,30,47],"current_hp_per_floor":[75,80,80,80,80,63,63,60,60,60,60,59,59,59,59,10,82,47,40,45,35,23,47,45,69,69,69,69,48,48,32,56,15,82,69,69,64,64,59,82,82,82,82,82,82,63,63,35,59,0],"gold":162,"neow_bonus":"TEN_PERCENT_HP_BONUS","is_prod":false,"is_daily":false,"chose_seed":false,"campfire_upgraded":4,"win_rate":0.0,"timestamp":1546649407,"path_taken":["M","?","M","?","?","E","R","M","T","M","R","M","M","M","R","BOSS","M","M","?","M","M","R","M","R","T","R","M","M","$","?","R","BOSS","M","$","M","?","M","R","?","?","T","?","R","E","$","?","R","BOSS"],"build_version":"2019-01-03v3","purchased_purges":3,"victory":false,"max_hp_per_floor":[77,82,82,82,82,82,82,82,82,82,82,82,82,82,82,82,82,82,82,82,82,82,82,82,82,82,82,82,82,82,82,82,82,82,82,82,82,82,82,82,82,82,82,82,82,82,82,82,82,82],"card_choices":[{"not_picked":["Well Laid Plans","Finisher"],"picked":"Dagger Throw","floor":1},{"not_picked":["Backflip","Slice"],"picked":"Flying Knee","floor":3},{"not_picked":["Choke","Deadly Poison"],"picked":"Sucker Punch","floor":6},{"not_picked":["Slice","Underhanded Strike","Deflect"],"picked":"SKIP","floor":8},{"not_picked":["Outmaneuver","Deflect"],"picked":"Poisoned Stab","floor":10},{"not_picked":["Burst","Flechettes"],"picked":"Noxious Fumes","floor":12},{"not_picked":["Dagger Throw","Outmaneuver","Finisher"],"picked":"SKIP","floor":13},{"not_picked":["Acrobatics","Outmaneuver"],"picked":"Deadly Poison","floor":14},{"not_picked":["Acrobatics","Heel Hook+1"],"picked":"Escape Plan+1","floor":18},{"not_picked":["Endless Agony+1","Eviscerate"],"picked":"Deadly Poison","floor":19},{"not_picked":["Expertise","Acrobatics+1"],"picked":"Dodge and Roll+1","floor":20},{"not_picked":["Deadly Poison","Deflect","Dagger Spray+1"],"picked":"SKIP","floor":21},{"not_picked":["Quick Slash","Deflect+1","Dagger Throw"],"picked":"SKIP","floor":22},{"not_picked":["Dash","Slice+1"],"picked":"Noxious Fumes+1","floor":24},{"not_picked":["Dodge and Roll+1","Backstab+1","Outmaneuver+1"],"picked":"SKIP","floor":28},{"not_picked":["Expertise+1","Underhanded Strike"],"picked":"Crippling Poison+1","floor":29},{"not_picked":["A Thousand Cuts","Envenom"],"picked":"Adrenaline+1","floor":33},{"not_picked":["Acrobatics+1","Dagger Throw"],"picked":"Bouncing Flask+1","floor":35},{"not_picked":["Eviscerate+1","Underhanded Strike"],"picked":"Crippling Poison+1","floor":37},{"not_picked":["Underhanded Strike+1","Dagger Spray","Dagger Throw"],"picked":"SKIP","floor":39},{"not_picked":["Reflex+1","Quick Slash"],"picked":"Bouncing Flask+1","floor":41},{"not_picked":["Trip+1","Dramatic Entrance"],"picked":"Blind+1","floor":44},{"not_picked":["Deflect+1","Dagger Throw+1","Envenom"],"picked":"SKIP","floor":46}],"player_experience":8472,"relics_obtained":[{"floor":6,"key":"Ancient Tea Set"},{"floor":9,"key":"Bag of Marbles"},{"floor":20,"key":"Red Mask"},{"floor":26,"key":"Toxic Egg 2"},{"floor":43,"key":"PreservedInsect"},{"floor":46,"key":"Thread and Needle"},{"floor":48,"key":"StoneCalendar"}],"event_choices":[{"damage_healed":0,"gold_gain":0,"player_choice":"Donut","damage_taken":0,"max_hp_gain":5,"max_hp_loss":0,"event_name":"Big Fish","floor":2,"gold_loss":0},{"damage_healed":0,"gold_gain":0,"player_choice":"Grow","damage_taken":0,"max_hp_gain":0,"max_hp_loss":0,"event_name":"Living Wall","floor":4,"gold_loss":0,"cards_upgraded":["Flying Knee"]},{"damage_healed":0,"gold_gain":0,"player_choice":"Fought Bandits","damage_taken":0,"max_hp_gain":0,"max_hp_loss":0,"event_name":"Masked Bandits","floor":20,"gold_loss":0},{"damage_healed":0,"gold_gain":90,"player_choice":"GOLD ","damage_taken":16,"max_hp_gain":0,"max_hp_loss":0,"event_name":"Knowing Skull","floor":31,"potions_obtained":[],"gold_loss":0,"cards_obtained":[]},{"cards_removed":["Strike_G"],"damage_healed":0,"gold_gain":0,"player_choice":"Purged","damage_taken":0,"max_hp_gain":0,"max_hp_loss":0,"event_name":"Purifier","floor":38,"gold_loss":0},{"cards_removed":["Neutralize"],"damage_healed":0,"gold_gain":0,"player_choice":"Removed Attack","damage_taken":0,"max_hp_gain":0,"max_hp_loss":0,"event_name":"Falling","floor":42,"gold_loss":0},{"damage_healed":0,"gold_gain":0,"player_choice":"Memory 1","damage_taken":0,"max_hp_gain":0,"max_hp_loss":0,"event_name":"SensoryStone","floor":44,"gold_loss":0},{"damage_healed":0,"gold_gain":0,"player_choice":"Fight","damage_taken":0,"max_hp_gain":0,"max_hp_loss":0,"event_name":"Mysterious Sphere","floor":48,"gold_loss":0}],"is_beta":false,"boss_relics":[{"not_picked":["Sozu","Velvet Choker"],"picked":"Empty Cage"},{"not_picked":["HoveringKite","Lizard Tail"],"picked":"Fusion Hammer"}],"items_purged_floors":[5,30,36],"is_endless":false,"potions_floor_spawned":[1,8,12,13,16,21,24,28,33,35,46],"killed_by":"Awakened One","ascension_level":0}