{"gold_per_floor":[109,72,90,107,107,7,23,23,23,43,43,43,76,96,96,174,174,184,2,15,15],"floor_reached":21,"playtime":1374,"items_purged":["Regret"],"score":406,"play_id":"6df1128b-3488-4990-907d-25ce1ec4c936","local_time":"20190822115349","is_ascension_mode":true,"campfire_choices":[{"floor":12,"key":"REST"},{"data":"Dropkick","floor":15,"key":"SMITH"}],"neow_cost":"CURSE","seed_source_timestamp":4642403780870,"circlet_count":0,"master_deck":["AscendersBane","Strike_R","Strike_R","Strike_R","Strike_R","Strike_R+1","Defend_R","Defend_R","Defend_R","Defend_R","Bash+1","Iron Wave","Corruption+1","Iron Wave","Shrug It Off","Warcry","Thunderclap","Dropkick+1","Feel No Pain","Twin Strike","Impervious","Inflame","Feel No Pain","Ghostly Armor","Armaments","Havoc"],"relics":["Burning Blood","Pear","Bag of Marbles","Mark of Pain"],"potions_floor_usage":[10,13,13,16,16,20],"damage_taken":[{"damage":10,"enemies":"Cultist","floor":1,"turns":4},{"damage":17,"enemies":"Jaw Worm","floor":3,"turns":4},{"damage":7,"enemies":"2 Louse","floor":4,"turns":2},{"damage":34,"enemies":"Large Slime","floor":7,"turns":9},{"damage":10,"enemies":"Gremlin Gang","floor":10,"turns":6},{"damage":0,"enemies":"Lagavulin","floor":13,"turns":7},{"damage":4,"enemies":"3 Louse","floor":14,"turns":4},{"damage":8,"enemies":"Hexaghost","floor":16,"turns":8},{"damage":33,"enemies":"Shell Parasite","floor":18,"turns":6},{"damage":5,"enemies":"3 Byrds","floor":20,"turns":7},{"damage":67,"enemies":"Centurion and Healer","floor":21,"turns":7}],"seed_played":"5078056255507472232","potions_obtained":[{"floor":3,"key":"FearPotion"},{"floor":7,"key":"SpeedPotion"},{"floor":11,"key":"EssenceOfSteel"},{"floor":13,"key":"Weak Potion"},{"floor":14,"key":"SkillPotion"},{"floor":16,"key":"Strength Potion"}],"is_trial":false,"path_per_floor":["M","$","M","M","?","$","M","?","T","M","?","R","E","M","R","B",null,"M","$","M","M"],"character_chosen":"IRONCLAD","items_purchased":["Corruption","Warcry","Feel No Pain","Ghostly Armor","Armaments"],"campfire_rested":1,"item_purchase_floors":[2,6,19,19,19],"current_hp_per_floor":[78,78,67,66,39,39,11,11,21,17,17,46,52,54,54,52,87,60,60,61,0],"gold":15,"neow_bonus":"TWENTY_PERCENT_HP_BONUS","is_prod":false,"is_daily":false,"chose_seed":false,"campfire_upgraded":1,"win_rate":0,"timestamp":1566500029,"path_taken":["M","$","?","M","?","$","M","?","T","M","?","R","E","M","R","BOSS","M","$","?","M"],"build_version":"2019-07-17","purchased_purges":1,"victory":false,"max_hp_per_floor":[89,89,89,89,89,89,89,89,99,99,99,99,99,99,99,99,99,99,99,99,99],"card_choices":[{"not_picked":["Havoc","Sever Soul"],"picked":"Iron Wave","floor":1},{"not_picked":["Heavy Blade","Armaments"],"picked":"Iron Wave","floor":3},{"not_picked":["Power Through","Havoc"],"picked":"Shrug It Off","floor":4},{"not_picked":["Warcry","Body Slam"],"picked":"Thunderclap","floor":7},{"not_picked":["Wild Strike","Fire Breathing"],"picked":"Dropkick","floor":10},{"not_picked":["Fiend Fire","True Grit"],"picked":"Feel No Pain","floor":13},{"not_picked":["Rupture","Havoc"],"picked":"Twin Strike","floor":14},{"not_picked":["Fiend Fire","Limit Break"],"picked":"Impervious","floor":16},{"not_picked":["Clothesline","Anger+1"],"picked":"Inflame","floor":18},{"not_picked":["Iron Wave","Headbutt"],"picked":"Havoc","floor":20}],"player_experience":724580,"relics_obtained":[{"floor":9,"key":"Pear"},{"floor":13,"key":"Bag of Marbles"}],"event_choices":[{"damage_healed":0,"gold_gain":0,"player_choice":"Entered Light","damage_taken":27,"max_hp_gain":0,"max_hp_loss":0,"event_name":"Shining Light","floor":5,"gold_loss":0,"cards_upgraded":["Bash","Strike_R"]},{"damage_healed":0,"gold_gain":0,"player_choice":"Grow","damage_taken":0,"max_hp_gain":0,"max_hp_loss":0,"event_name":"Living Wall","floor":8,"gold_loss":0,"cards_upgraded":["Corruption"]},{"damage_healed":0,"gold_gain":0,"player_choice":"Got Potions","damage_taken":0,"max_hp_gain":0,"max_hp_loss":0,"event_name":"Lab","floor":11,"gold_loss":0}],"is_beta":false,"boss_relics":[{"not_picked":["Black Star","Empty Cage"],"picked":"Mark of Pain"}],"items_purged_floors":[6],"is_endless":false,"potions_floor_spawned":[3,7,13,14,16],"killed_by":"Centurion and Healer","ascension_level":17}