{"gold_per_floor":[113,123,138,5,5,5,18,18,44,74,88,88,88,121,121,220,220,234,11,21,40,13,13,46,63,63,63,63,82,82],"floor_reached":30,"playtime":2528,"items_purged":[],"score":311,"play_id":"1c66f4fc-f124-45d7-ad58-076003935668","local_time":"20190818114223","is_ascension_mode":true,"campfire_choices":[{"floor":6.0,"key":"RECALL"},{"floor":12.0,"key":"REST"},{"floor":15.0,"key":"REST"},{"floor":23.0,"key":"REST"},{"floor":27,"key":"REST"}],"neow_cost":"NONE","seed_source_timestamp":11993176495472,"circlet_count":0,"master_deck":["Strike_G","Strike_G","Strike_G+1","Strike_G","Strike_G","Defend_G","Defend_G+1","Defend_G","Defend_G","Defend_G","Survivor","Neutralize","Dash","Deadly Poison","Acrobatics","Footwork","Dodge and Roll","Deadly Poison","Noxious Fumes","Deflect","Accuracy","Burst","Bouncing Flask","Finesse","Caltrops","Escape Plan","Backflip","Footwork+1","Slice","Caltrops+1","Poisoned Stab+1","RitualDagger","Distraction"],"special_seed":0,"relics":["Ring of the Snake","Bag of Preparation","Orichalcum","Fusion Hammer","Strawberry","Sundial"],"potions_floor_usage":[29],"damage_taken":[{"damage":1.0,"enemies":"Cultist","floor":1.0,"turns":5.0},{"damage":0.0,"enemies":"Jaw Worm","floor":2.0,"turns":5.0},{"damage":0.0,"enemies":"Small Slimes","floor":3.0,"turns":3.0},{"damage":16.0,"enemies":"2 Fungi Beasts","floor":7.0,"turns":5.0},{"damage":18.0,"enemies":"Gremlin Nob","floor":10.0,"turns":5.0},{"damage":5.0,"enemies":"3 Louse","floor":11.0,"turns":4.0},{"damage":10.0,"enemies":"Lagavulin","floor":14.0,"turns":5.0},{"damage":23.0,"enemies":"Hexaghost","floor":16.0,"turns":10.0},{"damage":5.0,"enemies":"Chosen","floor":18.0,"turns":5.0},{"damage":27.0,"enemies":"2 Thieves","floor":20.0,"turns":5.0},{"damage":10.0,"enemies":"Centurion and Healer","floor":21.0,"turns":7.0},{"damage":35.0,"enemies":"Slavers","floor":24.0,"turns":8.0},{"damage":25,"enemies":"Shelled Parasite and Fungi","floor":25,"turns":5},{"damage":15,"enemies":"Snake Plant","floor":29,"turns":3},{"damage":40,"enemies":"Cultist and Chosen","floor":30,"turns":6}],"seed_played":"-5959972300926988883","potions_obtained":[{"floor":1.0,"key":"Fire Potion"},{"floor":2.0,"key":"FearPotion"},{"floor":3.0,"key":"Strength Potion"},{"floor":18.0,"key":"Swift Potion"},{"floor":25,"key":"LiquidBronze"}],"is_trial":false,"path_per_floor":["M","M","M","$","?","R","M","?","T","E","M","R","?","E","R","B",null,"M","$","M","M","$","R","E","M","T","R","?","M","M"],"character_chosen":"THE_SILENT","items_purchased":["Footwork","Dodge and Roll","Finesse","Caltrops","Escape Plan","Slice"],"campfire_rested":4,"item_purchase_floors":[4,4,19,19,19,22],"current_hp_per_floor":[76,76,76,76,61,61,45,50,50,32,27,51,51,41,65,42,82,77,77,50,40,40,64,36,11,11,37,31,16,0],"gold":82,"neow_bonus":"TEN_PERCENT_HP_BONUS","is_prod":false,"is_daily":false,"chose_seed":false,"campfire_upgraded":0,"win_rate":0,"timestamp":1566121343,"path_taken":["M","M","M","$","?","R","M","?","T","E","M","R","?","E","R","BOSS","M","$","M","M","$","R","E","M","T","R","?","M","M"],"build_version":"2019-07-17","purchased_purges":0,"victory":false,"max_hp_per_floor":[77,77,77,77,77,77,77,82,82,82,82,82,82,82,82,82,82,82,82,82,82,82,82,89,89,89,89,89,89,89],"card_choices":[{"not_picked":["PiercingWail","Reflex"],"picked":"Dash","floor":1.0},{"not_picked":["Backflip","Dodge and Roll"],"picked":"Deadly Poison","floor":2.0},{"not_picked":["Backstab","Distraction"],"picked":"Acrobatics","floor":3.0},{"not_picked":["Calculated Gamble","Choke"],"picked":"Deadly Poison","floor":7.0},{"not_picked":["Dagger Throw","Sucker Punch"],"picked":"Noxious Fumes","floor":10.0},{"not_picked":["Blade Dance","Prepared"],"picked":"Deflect","floor":11.0},{"not_picked":["Doppelganger","Sucker Punch"],"picked":"Accuracy","floor":14.0},{"not_picked":["Tools of the Trade","Storm of Steel"],"picked":"Burst","floor":16.0},{"not_picked":["Skewer","Setup"],"picked":"Bouncing Flask","floor":18.0},{"not_picked":["Prepared","Blade Dance"],"picked":"Backflip","floor":20.0},{"not_picked":["Expertise+1","Reflex"],"picked":"Footwork+1","floor":21.0},{"not_picked":["Unload","Flechettes+1"],"picked":"Caltrops+1","floor":24.0},{"not_picked":["Slice","Deadly Poison"],"picked":"Poisoned Stab+1","floor":25},{"not_picked":["Masterful Stab+1","Acrobatics"],"picked":"Distraction","floor":29}],"player_experience":383926,"relics_obtained":[{"floor":10.0,"key":"Bag of Preparation"},{"floor":14.0,"key":"Orichalcum"},{"floor":24.0,"key":"Strawberry"},{"floor":26,"key":"Sundial"}],"event_choices":[{"damage_healed":0.0,"max_hp_gain":0.0,"max_hp_loss":0.0,"gold_gain":0.0,"event_name":"Shining Light","player_choice":"Entered Light","floor":5.0,"gold_loss":0.0,"damage_taken":15.0,"cards_upgraded":["Strike_G","Defend_G"]},{"damage_healed":0.0,"max_hp_gain":5.0,"max_hp_loss":0.0,"gold_gain":0.0,"event_name":"Big Fish","player_choice":"Donut","floor":8.0,"gold_loss":0.0,"damage_taken":0.0},{"damage_healed":0.0,"max_hp_gain":0.0,"max_hp_loss":0.0,"gold_gain":0.0,"event_name":"Liars Game","player_choice":"Ignored","floor":13.0,"gold_loss":0.0,"damage_taken":0.0},{"damage_healed":0,"gold_gain":0,"player_choice":"Joined the Cult","damage_taken":6,"max_hp_gain":0,"max_hp_loss":0,"event_name":"Nest","floor":28,"gold_loss":0,"cards_obtained":["RitualDagger"]}],"is_beta":false,"boss_relics":[{"not_picked":["Astrolabe","Pandora\u0027s Box"],"picked":"Fusion Hammer"}],"items_purged_floors":[],"is_endless":false,"potions_floor_spawned":[1,2,3,18,25],"killed_by":"Cultist and Chosen","ascension_level":2}