{"gold_per_floor":[111,111,36,50,64,83,100,115,142,142,153,171,171,231,231,326,326,336,351,351,78,88,88,88,35,35,48,48,61,161,174,174,272,272,291,291,308,408,3,36,63,95,107,19,19,19,37,37,37,37],"floor_reached":50,"playtime":4803,"items_purged":["Regret","Regret"],"score":565,"play_id":"8c8b27b9-ade4-492f-8684-dce8c9afa159","local_time":"20190730131351","is_ascension_mode":true,"campfire_choices":[{"data":"Metallicize","floor":10.0,"key":"SMITH"},{"data":"Armaments","floor":13.0,"key":"SMITH"},{"data":"Flex","floor":15.0,"key":"SMITH"},{"data":"Metallicize","floor":24.0,"key":"SMITH"},{"data":"Infernal Blade","floor":28.0,"key":"SMITH"},{"floor":32.0,"key":"REST"},{"floor":46,"key":"REST"},{"floor":49,"key":"REST"}],"neow_cost":"NONE","seed_source_timestamp":100961690498779,"circlet_count":0,"master_deck":["Strike_R+1","Strike_R+1","Strike_R+1","Strike_R+1","Defend_R+1","Defend_R+1","Defend_R+1","Defend_R+1","Bash","Pommel Strike","Clash","Flex+1","Iron Wave","Metallicize+1","Pummel","Headbutt","Armaments+1","Spot Weakness","Impervious","Headbutt","Clash","Metallicize+1","Spot Weakness","Battle Trance","Warcry","Flex","Infernal Blade+1","Metallicize+1","Anger+1","Dual Wield","Double Tap","Fire Breathing","Inflame","Inflame","Enlightenment","Shrug It Off","Metallicize+1","Anger","Heavy Blade+1","Warcry","Flex+1","Feed"],"special_seed":0,"relics":["Burning Blood","FossilizedHelix","Boot","Dream Catcher","Cursed Key","PreservedInsect","Empty Cage","DollysMirror","MawBank","Pear","Blood Vial"],"potions_floor_usage":[47,50],"damage_taken":[{"damage":1.0,"enemies":"Cultist","floor":1.0,"turns":5.0},{"damage":0.0,"enemies":"Jaw Worm","floor":4.0,"turns":3.0},{"damage":0.0,"enemies":"2 Louse","floor":5.0,"turns":2.0},{"damage":8.0,"enemies":"2 Fungi Beasts","floor":6.0,"turns":3.0},{"damage":0.0,"enemies":"Looter","floor":7.0,"turns":2.0},{"damage":0.0,"enemies":"Red Slaver","floor":8.0,"turns":2.0},{"damage":0.0,"enemies":"2 Fungi Beasts","floor":11.0,"turns":3.0},{"damage":24.0,"enemies":"Gremlin Gang","floor":12.0,"turns":6.0},{"damage":5.0,"enemies":"3 Sentries","floor":14.0,"turns":6.0},{"damage":5.0,"enemies":"Slime Boss","floor":16.0,"turns":12.0},{"damage":7.0,"enemies":"Spheric Guardian","floor":18.0,"turns":4.0},{"damage":0.0,"enemies":"Chosen","floor":19.0,"turns":3.0},{"damage":0.0,"enemies":"3 Cultists","floor":22.0,"turns":4.0},{"damage":21.0,"enemies":"Shelled Parasite and Fungi","floor":27.0,"turns":5.0},{"damage":12.0,"enemies":"Snecko","floor":29.0,"turns":7.0},{"damage":16.0,"enemies":"Snake Plant","floor":31.0,"turns":3.0},{"damage":46.0,"enemies":"Champ","floor":33.0,"turns":9.0},{"damage":39.0,"enemies":"3 Darklings","floor":35.0,"turns":4.0},{"damage":18.0,"enemies":"3 Shapes","floor":37.0,"turns":5.0},{"damage":28.0,"enemies":"Nemesis","floor":40.0,"turns":7.0},{"damage":11,"enemies":"Maw","floor":41,"turns":8},{"damage":4,"enemies":"4 Shapes","floor":42,"turns":5},{"damage":14,"enemies":"Transient","floor":47,"turns":5},{"damage":88,"enemies":"Awakened One","floor":50,"turns":6}],"seed_played":"-4652073070148269762","potions_obtained":[{"floor":4.0,"key":"Block Potion"},{"floor":5.0,"key":"Dexterity Potion"},{"floor":8.0,"key":"LiquidBronze"},{"floor":16.0,"key":"SteroidPotion"},{"floor":19.0,"key":"LiquidBronze"},{"floor":33.0,"key":"BloodPotion"},{"floor":42,"key":"Explosive Potion"},{"floor":47,"key":"LiquidBronze"}],"is_trial":false,"path_per_floor":["M","?","$","M","M","M","M","M","T","R","M","M","R","?","R","B",null,"M","M","?","$","M","?","R","$","T","M","R","M","?","M","R","B",null,"M","?","M","?","$","E","M","M","T","$","?","R","M","?","R","B"],"character_chosen":"IRONCLAD","items_purchased":["Finesse","Metallicize","Spot Weakness","Battle Trance","Flex","Inflame","Enlightenment","Shrug It Off","DollysMirror"],"campfire_rested":3,"item_purchase_floors":[21,21,21,21,25,39,39,39,39],"current_hp_per_floor":[80,80,80,80,80,78,80,80,80,80,80,62,62,63,63,64,80,79,80,80,80,80,80,80,80,80,65,65,59,59,49,73,33,80,47,47,35,35,35,33,28,30,40,40,40,67,59,59,86,0],"gold":37,"neow_bonus":"UPGRADE_CARD","is_prod":false,"is_daily":false,"chose_seed":false,"campfire_upgraded":5,"win_rate":0,"timestamp":1564485231,"path_taken":["M","?","$","M","M","M","M","M","T","R","M","M","R","?","R","BOSS","M","M","?","$","M","?","R","$","T","M","R","M","?","M","R","BOSS","M","?","M","?","$","E","?","M","T","$","?","R","?","?","R","BOSS"],"build_version":"2019-07-17","purchased_purges":2,"victory":false,"max_hp_per_floor":[80,80,80,80,80,80,80,80,80,80,80,80,80,80,80,80,80,80,80,80,80,80,80,80,80,80,80,80,80,80,80,80,80,80,80,80,80,80,80,80,80,80,90,90,90,90,90,90,90,90],"card_choices":[{"not_picked":["Perfected Strike","Twin Strike"],"picked":"Pommel Strike","floor":1.0},{"not_picked":["Clothesline","Cleave"],"picked":"Clash","floor":4.0},{"not_picked":["Second Wind","Hemokinesis"],"picked":"Flex","floor":5.0},{"not_picked":["Dark Embrace","Body Slam"],"picked":"Iron Wave","floor":6.0},{"not_picked":["Body Slam","Combust"],"picked":"Metallicize","floor":7.0},{"not_picked":["Havoc","Corruption"],"picked":"Pummel","floor":8.0},{"not_picked":["Twin Strike","Iron Wave"],"picked":"Headbutt","floor":11.0},{"not_picked":["Clash","Wild Strike"],"picked":"Armaments","floor":12.0},{"not_picked":["Bludgeon","Infernal Blade"],"picked":"Spot Weakness","floor":14.0},{"not_picked":["Reaper","Bludgeon"],"picked":"Impervious","floor":16.0},{"not_picked":["Clothesline","Corruption+1"],"picked":"Headbutt","floor":18.0},{"not_picked":["Pommel Strike","Thunderclap"],"picked":"Clash","floor":19.0},{"not_picked":["Hemokinesis","Clothesline"],"picked":"Warcry","floor":22.0},{"not_picked":["Shrug It Off","Pommel Strike+1"],"picked":"Infernal Blade","floor":27.0},{"not_picked":["Headbutt","Thunderclap"],"picked":"Metallicize","floor":29.0},{"not_picked":["Cleave","Spot Weakness"],"picked":"Anger+1","floor":31.0},{"not_picked":["Evolve","Twin Strike"],"picked":"Dual Wield","floor":32.0},{"not_picked":["Exhume","Offering"],"picked":"Double Tap","floor":33.0},{"not_picked":["Sever Soul","Iron Wave"],"picked":"Fire Breathing","floor":35.0},{"not_picked":["Disarm","Pommel Strike+1"],"picked":"Inflame","floor":37.0},{"not_picked":["Perfected Strike+1","Feel No Pain+1"],"picked":"Anger","floor":40.0},{"not_picked":["Perfected Strike","True Grit","Intimidate"],"picked":"SKIP","floor":41},{"not_picked":["Warcry","Pommel Strike"],"picked":"Heavy Blade+1","floor":42},{"not_picked":["Evolve","Sword Boomerang"],"picked":"Warcry","floor":46},{"not_picked":["Shrug It Off","Searing Blow+1"],"picked":"Flex+1","floor":47},{"not_picked":["Shrug It Off+1","Havoc"],"picked":"Feed","floor":49}],"player_experience":264223,"relics_obtained":[{"floor":9.0,"key":"Boot"},{"floor":26.0,"key":"PreservedInsect"},{"floor":40.0,"key":"MawBank"},{"floor":43,"key":"Pear"}],"event_choices":[{"damage_healed":0.0,"max_hp_gain":0.0,"max_hp_loss":0.0,"gold_gain":0.0,"event_name":"Big Fish","player_choice":"Box","floor":2.0,"gold_loss":0.0,"damage_taken":0.0,"relics_obtained":["FossilizedHelix"],"cards_obtained":["Regret"]},{"damage_healed":0.0,"max_hp_gain":0.0,"max_hp_loss":0.0,"gold_gain":0.0,"event_name":"Dead Adventurer","player_choice":"Searched \u00273\u0027 times","floor":14.0,"gold_loss":0.0,"damage_taken":0.0,"relics_obtained":["Dream Catcher"]},{"damage_healed":0.0,"max_hp_gain":0.0,"max_hp_loss":0.0,"gold_gain":0.0,"event_name":"Back to Basics","player_choice":"Simplicity","floor":20.0,"gold_loss":0.0,"damage_taken":0.0,"cards_upgraded":["Strike_R","Strike_R","Strike_R","Strike_R","Strike_R","Defend_R","Defend_R","Defend_R"]},{"damage_healed":0.0,"max_hp_gain":0.0,"max_hp_loss":0.0,"gold_gain":0.0,"event_name":"Ghosts","player_choice":"Ignored","floor":23.0,"gold_loss":0.0,"damage_taken":0.0},{"damage_healed":0.0,"max_hp_gain":0.0,"max_hp_loss":0.0,"gold_gain":100.0,"event_name":"Golden Shrine","player_choice":"Pray","floor":30.0,"gold_loss":0.0,"damage_taken":0.0},{"damage_healed":0.0,"max_hp_gain":0.0,"max_hp_loss":0.0,"gold_gain":0.0,"event_name":"Mysterious Sphere","player_choice":"Ignored","floor":36.0,"gold_loss":0.0,"damage_taken":0.0},{"damage_healed":0.0,"max_hp_gain":0.0,"max_hp_loss":0.0,"gold_gain":100.0,"event_name":"Golden Shrine","player_choice":"Pray","floor":38.0,"gold_loss":0.0,"damage_taken":0.0},{"damage_healed":0,"gold_gain":0,"player_choice":"Forge","damage_taken":0,"max_hp_gain":0,"max_hp_loss":0,"event_name":"Accursed Blacksmith","floor":45,"gold_loss":0,"cards_upgraded":["Metallicize"]},{"cards_removed":["Finesse"],"damage_healed":0,"gold_gain":0,"player_choice":"Gave Card","damage_taken":0,"relics_obtained":["Blood Vial"],"max_hp_gain":0,"max_hp_loss":0,"event_name":"WeMeetAgain","floor":48,"gold_loss":0}],"is_beta":false,"boss_relics":[{"not_picked":["Pandora\u0027s Box","Coffee Dripper"],"picked":"Cursed Key"},{"not_picked":["Sozu","Lizard Tail"],"picked":"Empty Cage"}],"items_purged_floors":[3,44],"is_endless":false,"potions_floor_spawned":[4,5,8,16,18,19,27,33,42,47],"killed_by":"Awakened One","ascension_level":2}