{"gold_per_floor":[117,133,308,308,318,318,383,86,86,104,32,32,32,44,44,44],"floor_reached":16,"playtime":912,"items_purged":["Doubt"],"score":108,"play_id":"626d8cf1-372c-4418-9599-738d6cd50091","local_time":"20181019020042","is_ascension_mode":true,"campfire_choices":[{"data":"Prepared","floor":6,"key":"SMITH"},{"floor":15,"key":"REST"}],"neow_cost":"","seed_source_timestamp":713004793263500,"circlet_count":0,"master_deck":["Defend_G","Defend_G","Defend_G","Defend_G","Defend_G","Strike_G","Strike_G","Strike_G+1","Strike_G","Strike_G","Survivor","Neutralize","Prepared+1","Eviscerate","Slice+1","Calculated Gamble","Deflect","Backstab","Tools of the Trade"],"relics":["Ring of the Snake","Bag of Preparation","Whetstone","Darkstone Periapt"],"potions_floor_usage":[7,14,16],"damage_taken":[{"damage":0,"enemies":"Cultist","floor":1,"turns":4},{"damage":13,"enemies":"Jaw Worm","floor":2,"turns":6},{"damage":5,"enemies":"2 Louse","floor":5,"turns":2},{"damage":36,"enemies":"3 Sentries","floor":7,"turns":15},{"damage":6,"enemies":"Looter","floor":10,"turns":3},{"damage":3,"enemies":"Large Slime","floor":14,"turns":8},{"damage":55,"enemies":"The Guardian","floor":16,"turns":12}],"seed_played":"4613798233718283020","potions_obtained":[{"floor":5,"key":"GhostInAJar"},{"floor":7,"key":"SpeedPotion"},{"floor":10,"key":"FearPotion"}],"is_trial":false,"path_per_floor":["M","M","?","?","M","R","?","$","T","M","$","?","$","M","R"],"character_chosen":"THE_SILENT","items_purchased":["Calculated Gamble","Whetstone","Backstab"],"campfire_rested":1,"item_purchase_floors":[8,8,11],"current_hp_per_floor":[70,57,57,70,65,65,29,29,29,23,23,23,23,20,41,0],"gold":44,"neow_bonus":"","is_prod":false,"is_daily":false,"chose_seed":false,"campfire_upgraded":1,"win_rate":0,"timestamp":1539885642,"path_taken":["M","M","?","?","M","R","?","$","T","?","?","?","$","M","R","BOSS"],"build_version":"2018-10-11","purchased_purges":1,"victory":false,"max_hp_per_floor":[70,70,70,70,70,70,70,70,70,70,70,70,70,70,70,70],"card_choices":[{"not_picked":["Crippling Poison","Underhanded Strike"],"picked":"Prepared","floor":1},{"not_picked":["Skewer","Finisher"],"picked":"Eviscerate","floor":2},{"not_picked":["Infinite Blades","Dodge and Roll","Dagger Spray"],"picked":"SKIP","floor":5},{"not_picked":["Dodge and Roll","Flying Knee"],"picked":"Slice","floor":7},{"not_picked":["Prepared","Outmaneuver"],"picked":"Deflect","floor":10},{"not_picked":["Backflip","Slice"],"picked":"Tools of the Trade","floor":14}],"player_experience":434732,"relics_obtained":[{"floor":9,"key":"Darkstone Periapt"}],"event_choices":[{"event_name":"Liars Game","player_choice":"agreed","floor":3,"damage_taken":0},{"event_name":"Big Fish","player_choice":"Banana","floor":4,"damage_taken":0},{"event_name":"Dead Adventurer","player_choice":"Searched \u00272\u0027 times","floor":7,"damage_taken":0},{"event_name":"The Cleric","player_choice":"Leave","floor":12,"damage_taken":0}],"is_beta":false,"boss_relics":[],"items_purged_floors":[8],"is_endless":false,"potions_floor_spawned":[5,7,10],"killed_by":"The Guardian","ascension_level":4}