{"gold_per_floor":[117,130,141,157,174,202,202,229,229,249,214,32,32,5,5,105,105,115,126,126,141,141,141,168,168,195,195,208,240,12,39,39,140,140,157,169,0,17,44,44],"floor_reached":40,"playtime":5199,"items_purged":[],"score":506,"play_id":"0ca7b84c-11cf-4b84-a5a5-4979fbbec4a2","local_time":"20190711174936","is_ascension_mode":false,"campfire_choices":[{"data":"Dodge and Roll","floor":7.0,"key":"SMITH"},{"floor":13.0,"key":"REST"},{"floor":15.0,"key":"REST"},{"floor":23.0,"key":"REST"},{"floor":27.0,"key":"REST"},{"floor":32.0,"key":"REST"}],"neow_cost":"NONE","seed_source_timestamp":4630905643188,"circlet_count":0,"master_deck":["Strike_G","Strike_G","Strike_G","Strike_G","Strike_G","Defend_G","Defend_G","Defend_G","Defend_G","Defend_G","Survivor","Neutralize","Distraction","Underhanded Strike","Escape Plan","Flying Knee","Dash","Dodge and Roll+1","Bullet Time","Flying Knee","Caltrops","Dodge and Roll","Finisher","Cloak And Dagger","Corpse Explosion","Calculated Gamble","Noxious Fumes","Dash","RitualDagger","Caltrops+1","Infinite Blades","PiercingWail","Terror","Sadistic Nature+1","Deflect","Noxious Fumes+1","Envenom+1","Footwork+1","PiercingWail+1","Caltrops+1","Endless Agony","Bane","Flying Knee+1","Bouncing Flask","Backflip"],"special_seed":0,"relics":["Ring of the Snake","Centennial Puzzle","Happy Flower","Sundial","Fusion Hammer","Enchiridion","Pocketwatch","Omamori","Frozen Egg 2","Mango","Orrery","Red Mask","Lantern"],"potions_floor_usage":[],"damage_taken":[{"damage":2.0,"enemies":"Jaw Worm","floor":1.0,"turns":7.0},{"damage":0.0,"enemies":"Small Slimes","floor":2.0,"turns":3.0},{"damage":10.0,"enemies":"2 Louse","floor":3.0,"turns":3.0},{"damage":3.0,"enemies":"2 Fungi Beasts","floor":4.0,"turns":6.0},{"damage":0.0,"enemies":"3 Louse","floor":5.0,"turns":5.0},{"damage":14.0,"enemies":"3 Sentries","floor":6.0,"turns":12.0},{"damage":31.0,"enemies":"Lagavulin","floor":8.0,"turns":12.0},{"damage":6.0,"enemies":"Blue Slaver","floor":10.0,"turns":4.0},{"damage":17.0,"enemies":"Hexaghost","floor":16.0,"turns":15.0},{"damage":2.0,"enemies":"3 Byrds","floor":18.0,"turns":3.0},{"damage":2.0,"enemies":"Shell Parasite","floor":19.0,"turns":6.0},{"damage":2.0,"enemies":"Centurion and Healer","floor":21.0,"turns":4.0},{"damage":32.0,"enemies":"Book of Stabbing","floor":24.0,"turns":6.0},{"damage":0.0,"enemies":"3 Cultists","floor":28.0,"turns":3.0},{"damage":22.0,"enemies":"Slavers","floor":29.0,"turns":3.0},{"damage":12.0,"enemies":"Book of Stabbing","floor":31.0,"turns":5.0},{"damage":49,"enemies":"Automaton","floor":33,"turns":9},{"damage":14,"enemies":"Orb Walker","floor":35,"turns":4},{"damage":4,"enemies":"3 Shapes","floor":36,"turns":4},{"damage":35,"enemies":"3 Darklings","floor":38,"turns":6},{"damage":43,"enemies":"Reptomancer","floor":40,"turns":2}],"seed_played":"5082340556956105163","potions_obtained":[{"floor":2.0,"key":"Swift Potion"},{"floor":4.0,"key":"AttackPotion"},{"floor":8.0,"key":"SkillPotion"},{"floor":16.0,"key":"SkillPotion"},{"floor":24.0,"key":"Fruit Juice"},{"floor":29.0,"key":"Energy Potion"},{"floor":38,"key":"GhostInAJar"}],"is_trial":false,"path_per_floor":["M","M","M","M","M","E","R","E","T","M","?","$","R","$","R","B",null,"M","M","?","M","?","R","E","?","T","R","M","E","$","E","R","B",null,"M","M","?","M","T","E"],"character_chosen":"THE_SILENT","items_purchased":["Caltrops","Dodge and Roll","Finisher","Cloak And Dagger","Sadistic Nature+1","Deflect"],"campfire_rested":5,"item_purchase_floors":[12,12,12,14,30,30],"current_hp_per_floor":[75,75,65,62,62,48,48,17,17,11,30,30,53,53,76,59,77,75,73,57,55,49,72,45,45,45,69,69,47,47,49,77,28,96,82,78,78,43,43,0],"gold":44,"neow_bonus":"TEN_PERCENT_HP_BONUS","is_prod":false,"is_daily":false,"chose_seed":false,"campfire_upgraded":1,"win_rate":0.0,"timestamp":1562860176,"path_taken":["M","M","M","M","M","E","R","E","T","M","?","$","R","$","R","BOSS","M","M","?","M","?","R","E","?","T","R","M","E","$","E","R","BOSS","M","M","?","M","?","E"],"build_version":"2019-07-05","purchased_purges":0,"victory":false,"max_hp_per_floor":[77,77,77,77,77,77,77,77,77,77,77,77,77,77,77,77,77,77,77,77,77,77,77,82,82,82,82,82,82,82,96,96,96,96,96,96,96,96,96,96],"card_choices":[{"not_picked":["Slice","Deflect"],"picked":"Distraction","floor":1.0},{"not_picked":["Choke","Quick Slash"],"picked":"Underhanded Strike","floor":2.0},{"not_picked":["Calculated Gamble","Quick Slash"],"picked":"Escape Plan","floor":3.0},{"not_picked":["Sucker Punch","Deflect"],"picked":"Flying Knee","floor":4.0},{"not_picked":["Flying Knee","Blade Dance"],"picked":"Dash","floor":5.0},{"not_picked":["Quick Slash","Dagger Spray"],"picked":"Dodge and Roll","floor":6.0},{"not_picked":["Leg Sweep","Infinite Blades"],"picked":"Bullet Time","floor":8.0},{"not_picked":["Dagger Spray","Blur"],"picked":"Flying Knee","floor":10.0},{"not_picked":["Adrenaline","Malaise"],"picked":"Corpse Explosion","floor":16.0},{"not_picked":["Reflex+1","Quick Slash"],"picked":"Calculated Gamble","floor":18.0},{"not_picked":["Dodge and Roll+1","Bane"],"picked":"Noxious Fumes","floor":19.0},{"not_picked":["Calculated Gamble","Quick Slash"],"picked":"Dash","floor":21.0},{"not_picked":["Skewer","Acrobatics+1"],"picked":"Caltrops+1","floor":24.0},{"not_picked":["Distraction","Quick Slash"],"picked":"PiercingWail","floor":28.0},{"not_picked":["Flying Knee","Dagger Throw"],"picked":"Terror","floor":29.0},{"not_picked":["Poisoned Stab+1","Dagger Spray"],"picked":"Noxious Fumes+1","floor":31.0},{"not_picked":["Burst","Adrenaline"],"picked":"Envenom+1","floor":33},{"not_picked":["Slice","Deadly Poison+1"],"picked":"Footwork+1","floor":34},{"not_picked":["Heel Hook","Bane"],"picked":"PiercingWail+1","floor":34},{"not_picked":["Leg Sweep+1","PiercingWail"],"picked":"Caltrops+1","floor":34},{"not_picked":["Bane","Poisoned Stab+1"],"picked":"Endless Agony","floor":34},{"not_picked":["Acrobatics","Malaise"],"picked":"Bane","floor":34},{"not_picked":["Poisoned Stab","Skewer+1"],"picked":"Flying Knee+1","floor":35},{"not_picked":["Choke","Masterful Stab+1"],"picked":"Bouncing Flask","floor":36},{"not_picked":["Slice","Reflex+1"],"picked":"Backflip","floor":38}],"player_experience":86784,"relics_obtained":[{"floor":6.0,"key":"Centennial Puzzle"},{"floor":8.0,"key":"Happy Flower"},{"floor":9.0,"key":"Sundial"},{"floor":20.0,"key":"Enchiridion"},{"floor":24.0,"key":"Pocketwatch"},{"floor":26.0,"key":"Omamori"},{"floor":29.0,"key":"Frozen Egg 2"},{"floor":31.0,"key":"Mango"},{"floor":39,"key":"Lantern"}],"event_choices":[{"damage_healed":19.0,"max_hp_gain":0.0,"max_hp_loss":0.0,"gold_gain":0.0,"event_name":"The Cleric","player_choice":"Healed","floor":11.0,"gold_loss":35.0,"damage_taken":0.0},{"damage_healed":0.0,"max_hp_gain":0.0,"max_hp_loss":0.0,"gold_gain":0.0,"event_name":"Cursed Tome","player_choice":"Obtained Book","floor":20.0,"gold_loss":0.0,"damage_taken":16.0},{"damage_healed":0.0,"max_hp_gain":0.0,"max_hp_loss":0.0,"gold_gain":0.0,"event_name":"Nest","player_choice":"Joined the Cult","floor":22.0,"gold_loss":0.0,"damage_taken":6.0,"cards_obtained":["RitualDagger"]},{"damage_healed":0.0,"max_hp_gain":0.0,"max_hp_loss":0.0,"gold_gain":0.0,"event_name":"The Library","player_choice":"Read","floor":25.0,"gold_loss":0.0,"damage_taken":0.0,"cards_obtained":["Infinite Blades"]},{"damage_healed":0,"gold_gain":0,"player_choice":"Paid","damage_taken":0,"relics_obtained":["Red Mask"],"max_hp_gain":0,"max_hp_loss":0,"event_name":"Tomb of Lord Red Mask","floor":37,"gold_loss":169}],"is_beta":false,"boss_relics":[{"not_picked":["Calling Bell","HoveringKite"],"picked":"Fusion Hammer"},{"not_picked":["Coffee Dripper","Runic Pyramid"],"picked":"Orrery"}],"items_purged_floors":[],"is_endless":false,"potions_floor_spawned":[2,4,8,16,18,19,24,29,31,36,38],"killed_by":"Reptomancer","ascension_level":0}