{"gold_per_floor":[114,33,51,51,51,51,86,105,105,105,132,148,181,200,200,274,274,284,2,2,2,2,2,15,15,15,48,64,24,74,92,92,164,164,178,192,54,1053,1065,1091,521,532,532,532,583,583,307,323,323,323],"floor_reached":51,"playtime":3242,"items_purged":["Normality","Normality"],"score":1588,"play_id":"2f670c23-cb40-4a24-b54b-733728230adb","local_time":"20190818153444","is_ascension_mode":true,"campfire_choices":[{"data":"Dagger Spray","floor":6.0,"key":"SMITH"},{"data":"1","floor":10.0,"key":"LIFT"},{"data":"2","floor":15.0,"key":"LIFT"},{"floor":23.0,"key":"REST"},{"data":"3","floor":25.0,"key":"LIFT"},{"floor":32.0,"key":"REST"},{"floor":46,"key":"REST"},{"floor":49,"key":"REST"}],"neow_cost":"NONE","seed_source_timestamp":759744803663272,"circlet_count":0,"master_deck":["AscendersBane","Defend_G","Defend_G","Defend_G+1","Defend_G","Defend_G","Survivor+1","Neutralize","All Out Attack","Backstab","Dagger Spray+1","Malaise","Quick Slash","Cloak And Dagger","Glass Knife","Leg Sweep","Dagger Spray","Footwork","Burst","Decay","Backflip","Cloak And Dagger","Riddle With Holes","Caltrops+1","Dodge and Roll","Corpse Explosion","Backstab+1","Expertise+1","Backstab+1","Choke","Dagger Spray+1","Cloak And Dagger","Noxious Fumes+1","Footwork+1","Footwork+1","Night Terror","Backstab","Panacea","Infinite Blades+1","Backflip+1","Bouncing Flask"],"special_seed":0,"relics":["Ring of the Snake","NeowsBlessing","Girya","Bottled Lightning","Vajra","War Paint","Fusion Hammer","Kunai","Nilry\u0027s Codex","Frozen Egg 2","Pear","Astrolabe","Centennial Puzzle","Membership Card","Dream Catcher","Tingsha","Prayer Wheel","Lantern","Regal Pillow"],"potions_floor_usage":[45,45,50,50],"damage_taken":[{"damage":0.0,"enemies":"Cultist","floor":1.0,"turns":1.0},{"damage":0.0,"enemies":"Jaw Worm","floor":3.0,"turns":1.0},{"damage":0.0,"enemies":"3 Sentries","floor":7.0,"turns":1.0},{"damage":2.0,"enemies":"Small Slimes","floor":8.0,"turns":5.0},{"damage":17.0,"enemies":"Gremlin Nob","floor":11.0,"turns":4.0},{"damage":0.0,"enemies":"2 Fungi Beasts","floor":12.0,"turns":2.0},{"damage":8.0,"enemies":"Lagavulin","floor":13.0,"turns":6.0},{"damage":0.0,"enemies":"Looter","floor":14.0,"turns":1.0},{"damage":0.0,"enemies":"Slime Boss","floor":16.0,"turns":7.0},{"damage":15.0,"enemies":"Shell Parasite","floor":18.0,"turns":5.0},{"damage":11.0,"enemies":"2 Thieves","floor":24.0,"turns":4.0},{"damage":0.0,"enemies":"Gremlin Leader","floor":27.0,"turns":4.0},{"damage":0.0,"enemies":"3 Cultists","floor":28.0,"turns":4.0},{"damage":3.0,"enemies":"Snecko","floor":31.0,"turns":6.0},{"damage":48.0,"enemies":"Collector","floor":33.0,"turns":11.0},{"damage":0.0,"enemies":"Orb Walker","floor":35.0,"turns":2.0},{"damage":0.0,"enemies":"3 Darklings","floor":36.0,"turns":1.0},{"damage":0.0,"enemies":"Sphere and 2 Shapes","floor":39.0,"turns":1.0},{"damage":27.0,"enemies":"Nemesis","floor":40.0,"turns":11.0},{"damage":0.0,"enemies":"4 Shapes","floor":42.0,"turns":7.0},{"damage":0,"enemies":"2 Orb Walkers","floor":45,"turns":4},{"damage":10,"enemies":"Transient","floor":48,"turns":6},{"damage":50,"enemies":"Time Eater","floor":50,"turns":14}],"seed_played":"1845764732500306113","potions_obtained":[{"floor":7.0,"key":"Energy Potion"},{"floor":14.0,"key":"Energy Potion"},{"floor":28.0,"key":"SpeedPotion"},{"floor":33.0,"key":"Energy Potion"}],"is_trial":false,"path_per_floor":["M","$","M","?","?","R","E","M","T","R","E","M","E","M","R","B",null,"M","$","?","?","$","R","M","R","T","E","M","$","?","M","R","B",null,"M","M","$","?","M","E","$","M","T","?","?","R","$","M","R","B",null],"character_chosen":"THE_SILENT","items_purchased":["Backstab","Kunai","Caltrops+1","Cloak And Dagger","Noxious Fumes+1","Membership Card","Footwork+1","Night Terror","Dream Catcher","Backstab","Panacea","Lantern","Regal Pillow","AttackPotion","Dexterity Potion"],"campfire_rested":4,"item_purchase_floors":[2,19,29,37,37,41,41,41,41,41,41,47,47,47,47],"current_hp_per_floor":[59,59,59,52,52,52,52,50,50,50,33,33,25,25,25,25,56,41,41,20,20,20,39,28,28,28,38,38,38,38,35,57,9,59,59,59,59,59,59,32,32,32,32,32,32,54,54,44,76,26],"gold":323,"neow_bonus":"THREE_ENEMY_KILL","is_prod":false,"is_daily":false,"chose_seed":false,"campfire_upgraded":1,"win_rate":0,"timestamp":1566156884,"path_taken":["M","$","?","?","?","R","E","M","T","R","E","M","E","M","R","BOSS","M","?","?","?","$","R","M","R","T","E","M","$","?","M","R","BOSS","M","M","$","?","M","E","$","M","T","?","?","R","$","M","R","BOSS"],"build_version":"2019-07-17","purchased_purges":2,"victory":true,"max_hp_per_floor":[66,66,66,66,66,66,66,66,66,66,66,66,66,66,66,66,66,66,66,66,66,66,66,66,66,66,76,76,76,76,76,76,76,76,76,76,76,76,76,76,76,76,76,76,76,76,76,76,76,76],"card_choices":[{"not_picked":["Blade Dance","Outmaneuver"],"picked":"All Out Attack","floor":1.0},{"not_picked":["Dagger Throw","Backflip"],"picked":"Dagger Spray","floor":3.0},{"not_picked":["Phantasmal Killer","Flechettes"],"picked":"Quick Slash","floor":7.0},{"not_picked":["Eviscerate","Dagger Throw"],"picked":"Cloak And Dagger","floor":8.0},{"not_picked":["Predator","Poisoned Stab"],"picked":"Glass Knife","floor":11.0},{"not_picked":["Backflip","Blade Dance"],"picked":"Leg Sweep","floor":12.0},{"not_picked":["Deadly Poison","Deflect"],"picked":"Dagger Spray","floor":13.0},{"not_picked":["Flying Knee","Bane"],"picked":"Footwork","floor":14.0},{"not_picked":["Phantasmal Killer","Storm of Steel"],"picked":"Burst","floor":16.0},{"not_picked":["Outmaneuver","Setup","Quick Slash"],"picked":"SKIP","floor":18.0},{"not_picked":["Sucker Punch","Blade Dance"],"picked":"Backflip","floor":24.0},{"not_picked":["Dagger Throw","PiercingWail"],"picked":"Cloak And Dagger","floor":27.0},{"not_picked":["Terror","Dagger Throw"],"picked":"Riddle With Holes","floor":28.0},{"not_picked":["Slice","Outmaneuver"],"picked":"Dodge and Roll","floor":31.0},{"not_picked":["Grand Finale","Phantasmal Killer"],"picked":"Corpse Explosion","floor":33.0},{"not_picked":["Outmaneuver","PiercingWail+1"],"picked":"Choke","floor":35.0},{"not_picked":["Slice+1","Dagger Throw"],"picked":"Dagger Spray+1","floor":36.0},{"not_picked":["Dodge and Roll","Concentrate"],"picked":"Footwork+1","floor":39.0},{"not_picked":["PiercingWail","Bane+1","Underhanded Strike+1"],"picked":"SKIP","floor":40.0},{"not_picked":["Burst","Quick Slash+1"],"picked":"Infinite Blades+1","floor":42.0},{"not_picked":["Dodge and Roll","Reflex+1"],"picked":"Backflip+1","floor":45},{"not_picked":["Dagger Spray","Skewer"],"picked":"Bouncing Flask","floor":48},{"not_picked":["Dodge and Roll","Dagger Spray","Heel Hook"],"picked":"SKIP","floor":48}],"player_experience":1067513,"relics_obtained":[{"floor":7.0,"key":"Girya"},{"floor":9.0,"key":"Bottled Lightning"},{"floor":11.0,"key":"Vajra"},{"floor":13.0,"key":"War Paint"},{"floor":20.0,"key":"Nilry\u0027s Codex"},{"floor":26.0,"key":"Frozen Egg 2"},{"floor":27.0,"key":"Pear"},{"floor":40.0,"key":"Centennial Puzzle"},{"floor":43.0,"key":"Tingsha"},{"floor":45,"key":"Prayer Wheel"}],"event_choices":[{"cards_removed":["Strike_G"],"damage_healed":0.0,"max_hp_gain":0.0,"max_hp_loss":0.0,"gold_gain":0.0,"event_name":"Golden Wing","player_choice":"Card Removal","floor":4.0,"gold_loss":0.0,"damage_taken":7.0},{"damage_healed":0.0,"max_hp_gain":0.0,"max_hp_loss":0.0,"gold_gain":0.0,"cards_transformed":["Strike_G"],"event_name":"Transmorgrifier","player_choice":"Transformed","floor":5.0,"gold_loss":0.0,"damage_taken":0.0,"cards_obtained":["Malaise"]},{"damage_healed":0.0,"max_hp_gain":0.0,"max_hp_loss":0.0,"gold_gain":0.0,"event_name":"Cursed Tome","player_choice":"Obtained Book","floor":20.0,"gold_loss":0.0,"damage_taken":21.0},{"damage_healed":0.0,"max_hp_gain":0.0,"max_hp_loss":0.0,"gold_gain":0.0,"event_name":"Forgotten Altar","player_choice":"Smashed Altar","floor":21.0,"gold_loss":0.0,"damage_taken":0.0,"cards_obtained":["Decay"]},{"damage_healed":0.0,"max_hp_gain":0.0,"max_hp_loss":0.0,"gold_gain":50.0,"event_name":"Nest","player_choice":"Stole From Cult","floor":30.0,"gold_loss":0.0,"damage_taken":0.0},{"damage_healed":0.0,"max_hp_gain":0.0,"max_hp_loss":0.0,"gold_gain":999.0,"event_name":"MindBloom","player_choice":"Gold","floor":38.0,"gold_loss":0.0,"damage_taken":0.0,"cards_obtained":["Normality","Normality"]},{"damage_healed":0.0,"max_hp_gain":0.0,"max_hp_loss":0.0,"gold_gain":0.0,"event_name":"The Moai Head","player_choice":"Ignored","floor":44.0,"gold_loss":0.0,"damage_taken":0.0},{"damage_healed":0,"gold_gain":0,"player_choice":"Fight","damage_taken":0,"max_hp_gain":0,"max_hp_loss":0,"event_name":"Mysterious Sphere","floor":45,"gold_loss":0}],"is_beta":false,"boss_relics":[{"not_picked":["Lizard Tail","Runic Pyramid"],"picked":"Fusion Hammer"},{"not_picked":["Pandora\u0027s Box","Black Star"],"picked":"Astrolabe"}],"items_purged_floors":[41,47],"is_endless":false,"potions_floor_spawned":[7,14,28,33,36,39,48],"ascension_level":19}