{"gold_per_floor":[114,114,131,131,141,174,174,208,234,254,273,273,289,214,214,214],"floor_reached":16,"playtime":1242,"items_purged":["Strike_R"],"score":118,"play_id":"66f46c3d-5017-4a38-b2f4-5b4e3a60e211","local_time":"20190813152444","is_ascension_mode":true,"campfire_choices":[{"floor":7,"key":"REST"},{"floor":12,"key":"REST"},{"data":"Armaments","floor":15,"key":"SMITH"}],"neow_cost":"NONE","seed_source_timestamp":26078688954915,"circlet_count":0,"master_deck":["Strike_R","Strike_R","Strike_R","Defend_R","Defend_R","Defend_R","Bash","Armaments+1","Clash","Metallicize"],"relics":["Burning Blood","NeowsBlessing","Pen Nib","Strawberry"],"potions_floor_usage":[8],"damage_taken":[{"damage":0,"enemies":"Jaw Worm","floor":1,"turns":1},{"damage":0,"enemies":"2 Louse","floor":3,"turns":1},{"damage":0,"enemies":"Small Slimes","floor":5,"turns":1},{"damage":31,"enemies":"Lagavulin","floor":6,"turns":6},{"damage":57,"enemies":"3 Sentries","floor":8,"turns":17},{"damage":13,"enemies":"Red Slaver","floor":10,"turns":4},{"damage":0,"enemies":"Blue Slaver","floor":11,"turns":4},{"damage":3,"enemies":"Large Slime","floor":13,"turns":8},{"damage":80,"enemies":"Hexaghost","floor":16,"turns":14}],"seed_played":"-863127530022196702","potions_obtained":[{"floor":5,"key":"EssenceOfSteel"},{"floor":6,"key":"Regen Potion"},{"floor":8,"key":"BloodPotion"},{"floor":10,"key":"SpeedPotion"}],"is_trial":false,"path_per_floor":["M","?","M","?","M","E","R","E","T","M","M","R","M","$","R","B"],"character_chosen":"IRONCLAD","items_purchased":[],"campfire_rested":2,"item_purchase_floors":[],"current_hp_per_floor":[80,80,80,73,79,54,78,49,49,42,48,74,77,77,77,0],"gold":214,"neow_bonus":"THREE_ENEMY_KILL","is_prod":false,"is_daily":false,"chose_seed":false,"campfire_upgraded":1,"win_rate":0,"timestamp":1565702684,"path_taken":["M","?","M","?","M","E","R","E","T","M","M","R","M","$","R","BOSS"],"build_version":"2019-07-17","purchased_purges":1,"victory":false,"max_hp_per_floor":[80,80,80,80,80,80,80,87,87,87,87,87,87,87,87,87],"card_choices":[{"not_picked":["Burning Pact","Sword Boomerang"],"picked":"Armaments","floor":1},{"not_picked":["Infernal Blade","Fire Breathing"],"picked":"Clash","floor":3},{"not_picked":["Pummel","Spot Weakness","Rupture"],"picked":"SKIP","floor":5},{"not_picked":["Pummel","Spot Weakness","Rupture"],"picked":"SKIP","floor":5},{"not_picked":["Thunderclap","Spot Weakness","Infernal Blade"],"picked":"SKIP","floor":6},{"not_picked":["Twin Strike","Intimidate"],"picked":"Metallicize","floor":8},{"not_picked":["Perfected Strike","Reckless Charge","Pommel Strike"],"picked":"SKIP","floor":10},{"not_picked":["Wild Strike","Pommel Strike","Twin Strike"],"picked":"SKIP","floor":11},{"not_picked":["Rampage","Power Through","Cleave"],"picked":"SKIP","floor":13}],"player_experience":368034,"relics_obtained":[{"floor":6,"key":"Pen Nib"},{"floor":8,"key":"Strawberry"}],"event_choices":[{"cards_removed":["Strike_R"],"damage_healed":0,"gold_gain":0,"player_choice":"Forget","damage_taken":0,"max_hp_gain":0,"max_hp_loss":0,"event_name":"Living Wall","floor":2,"gold_loss":0},{"cards_removed":["Defend_R"],"damage_healed":0,"gold_gain":0,"player_choice":"Card Removal","damage_taken":7,"max_hp_gain":0,"max_hp_loss":0,"event_name":"Golden Wing","floor":4,"gold_loss":0}],"is_beta":false,"boss_relics":[],"items_purged_floors":[14],"is_endless":false,"potions_floor_spawned":[5,6,8,10],"killed_by":"Hexaghost","ascension_level":1}