{"gold_per_floor":[116,135,60,10,10,10,28,45,45,71,71,71,71,19,19,115,415,434,451,44,44,44,44,56,56,56,56,73,73,88,88,88,191,191,203,203,221,221,221,221,221,233,257,257,37,63,63,79,79,79],"floor_reached":50,"playtime":5468,"items_purged":["Defend_G","Defend_G","Defend_G+1"],"score":708,"play_id":"6e845979-e4ed-476b-92aa-dd5bed550a11","local_time":"20181030232139","is_ascension_mode":true,"campfire_choices":[{"data":"Deflect","floor":6,"key":"SMITH"},{"floor":12,"key":"REST"},{"data":"Dagger Throw","floor":15,"key":"SMITH"},{"floor":23,"key":"REST"},{"floor":25,"key":"REST"},{"floor":29,"key":"REST"},{"floor":32,"key":"REST"},{"data":"Adrenaline","floor":40,"key":"SMITH"},{"data":"Adrenaline","floor":44,"key":"SMITH"},{"floor":47,"key":"REST"},{"floor":49,"key":"REST"}],"neow_cost":"NONE","seed_source_timestamp":1735697796380400,"circlet_count":0,"master_deck":["Defend_G+1","Strike_G+1","Strike_G+1","Strike_G+1","Survivor","Neutralize+1","Dagger Throw+1","Deflect+1","Flying Knee","PiercingWail","Dagger Throw+1","Adrenaline+1","Doubt","Doubt","Regret","Acrobatics+1","PiercingWail","Bandage Up","Adrenaline+1","Calculated Gamble+1","Tactician","Quick Slash","Unload","Tactician","Writhe","Acrobatics+1","Pain","Dark Shackles","Injury","Dagger Throw+1","Prepared+1"],"relics":["Ring of the Snake","WingedGreaves","Du-Vu Doll","FaceOfCleric","Calling Bell","Orichalcum","The Courier","Old Coin","Ginger","Question Card","Cursed Key","WarpedTongs","PreservedInsect","Letter Opener"],"potions_floor_usage":[10,10,16,19,24,33,33,46,50,50],"damage_taken":[{"damage":0,"enemies":"Small Slimes","floor":1,"turns":3},{"damage":0,"enemies":"Jaw Worm","floor":2,"turns":4},{"damage":0,"enemies":"2 Louse","floor":7,"turns":2},{"damage":1,"enemies":"Blue Slaver","floor":8,"turns":3},{"damage":7,"enemies":"3 Sentries","floor":10,"turns":7},{"damage":58,"enemies":"Slime Boss","floor":16,"turns":17},{"damage":14,"enemies":"2 Thieves","floor":18,"turns":5},{"damage":21,"enemies":"Spheric Guardian","floor":19,"turns":6},{"damage":35,"enemies":"Snecko","floor":24,"turns":7},{"damage":2,"enemies":"Snake Plant","floor":28,"turns":4},{"damage":25,"enemies":"Centurion and Healer","floor":30,"turns":7},{"damage":32,"enemies":"Collector","floor":33,"turns":13},{"damage":1,"enemies":"Orb Walker","floor":35,"turns":2},{"damage":18,"enemies":"3 Shapes","floor":37,"turns":5},{"damage":7,"enemies":"Maw","floor":42,"turns":8},{"damage":20,"enemies":"Nemesis","floor":46,"turns":5},{"damage":3,"enemies":"Jaw Worm Horde","floor":48,"turns":3},{"damage":100,"enemies":"Time Eater","floor":50,"turns":10}],"seed_played":"796540875645408438","potions_obtained":[{"floor":0,"key":"Ancient Potion"},{"floor":0,"key":"Dexterity Potion"},{"floor":0,"key":"GamblersBrew"},{"floor":7,"key":"GhostInAJar"},{"floor":16,"key":"Energy Potion"},{"floor":18,"key":"EssenceOfSteel"},{"floor":28,"key":"PowerPotion"},{"floor":30,"key":"AttackPotion"},{"floor":33,"key":"FearPotion"},{"floor":37,"key":"Fire Potion"},{"floor":42,"key":"AttackPotion"}],"is_trial":false,"path_per_floor":["M","M","$","?","?","R","M","M","T","E","?","R","?","$","R","B",null,"M","M","$","?","?","R","M","R","T","?","M","R","M","?","R","B",null,"M","?","M","?","?","R","?","M","T","R","$","E","R","M","R"],"character_chosen":"THE_SILENT","items_purchased":["Dagger Throw","Ginger","Bandage Up","GhostInAJar","GhostInAJar"],"campfire_rested":7,"item_purchase_floors":[14,20,20,45,45],"current_hp_per_floor":[70,70,70,70,56,56,56,55,55,48,48,69,69,69,69,12,56,43,23,23,23,23,44,14,36,36,36,39,61,41,41,63,36,67,71,78,62,62,62,62,57,55,55,55,55,42,66,68,82,0],"gold":79,"neow_bonus":"THREE_SMALL_POTIONS","is_prod":false,"is_daily":false,"chose_seed":false,"campfire_upgraded":4,"win_rate":0,"timestamp":1540912899,"path_taken":["M","M","$","?","?","R","M","?","T","E","?","R","?","$","R","BOSS","M","M","$","?","?","R","?","R","T","?","M","R","M","?","R","BOSS","M","?","?","?","?","R","?","M","T","R","$","E","R","M","R","BOSS"],"build_version":"2018-10-25v2","purchased_purges":3,"victory":false,"max_hp_per_floor":[70,70,70,70,70,70,70,70,70,70,70,70,70,70,70,71,71,72,73,73,73,73,73,74,74,74,74,75,75,76,76,76,77,77,78,78,79,79,79,79,79,80,80,80,80,81,81,82,82,82],"card_choices":[{"not_picked":["Deflect","Infinite Blades"],"picked":"Dagger Throw","floor":1},{"not_picked":["Underhanded Strike","Slice"],"picked":"Deflect","floor":2},{"not_picked":["Underhanded Strike","Heel Hook"],"picked":"Flying Knee","floor":7},{"not_picked":["Poisoned Stab","Endless Agony","Slice"],"picked":"SKIP","floor":8},{"not_picked":["Storm of Steel","Prepared"],"picked":"PiercingWail","floor":10},{"not_picked":["Wraith Form v2","Bullet Time"],"picked":"Adrenaline","floor":16},{"not_picked":["Underhanded Strike","Finisher+1"],"picked":"Acrobatics+1","floor":18},{"not_picked":["Deflect","Backflip"],"picked":"PiercingWail","floor":19},{"not_picked":["Underhanded Strike","Bane"],"picked":"Calculated Gamble","floor":24},{"not_picked":["Dagger Spray+1","Blur","Cloak And Dagger"],"picked":"Tactician","floor":28},{"not_picked":["Storm of Steel","Noxious Fumes","Crippling Poison"],"picked":"Quick Slash","floor":30},{"not_picked":["Adrenaline","Doppelganger","Corpse Explosion"],"picked":"Unload","floor":33},{"not_picked":["Deflect+1","Outmaneuver+1","Quick Slash"],"picked":"Tactician","floor":35},{"not_picked":["Outmaneuver+1","Dash+1","PiercingWail"],"picked":"Acrobatics+1","floor":37},{"not_picked":["Swift Strike","Good Instincts","Bandage Up"],"picked":"Dark Shackles","floor":41},{"not_picked":["Underhanded Strike","Noxious Fumes","Dodge and Roll","Cloak And Dagger+1"],"picked":"SKIP","floor":42},{"not_picked":["Concentrate+1","Outmaneuver","Tools of the Trade"],"picked":"Dagger Throw+1","floor":46},{"not_picked":["Dodge and Roll","Finisher","Reflex+1"],"picked":"Prepared+1","floor":48}],"player_experience":537826,"relics_obtained":[{"floor":9,"key":"WingedGreaves"},{"floor":10,"key":"Du-Vu Doll"},{"floor":17,"key":"Orichalcum"},{"floor":17,"key":"The Courier"},{"floor":17,"key":"Old Coin"},{"floor":26,"key":"Question Card"},{"floor":43,"key":"PreservedInsect"},{"floor":46,"key":"Letter Opener"}],"event_choices":[{"cards_removed":["Defend_G"],"damage_healed":0,"gold_gain":0,"player_choice":"Card Removal","damage_taken":0,"max_hp_gain":0,"max_hp_loss":0,"event_name":"The Cleric","floor":4,"gold_loss":50},{"damage_healed":0,"gold_gain":0,"player_choice":"Entered Light","damage_taken":14,"max_hp_gain":0,"max_hp_loss":0,"event_name":"Shining Light","floor":5,"gold_loss":0,"cards_upgraded":["Neutralize","Dagger Throw"]},{"damage_healed":0,"gold_gain":0,"player_choice":"Trade","damage_taken":0,"relics_obtained":["FaceOfCleric"],"max_hp_gain":0,"max_hp_loss":0,"event_name":"FaceTrader","floor":11,"gold_loss":0},{"cards_removed":["Strike_G"],"damage_healed":0,"gold_gain":0,"player_choice":"Offered Basic","damage_taken":0,"max_hp_gain":0,"max_hp_loss":0,"event_name":"Bonfire Elementals","floor":13,"gold_loss":0},{"damage_healed":0,"gold_gain":0,"player_choice":"Copied","damage_taken":0,"max_hp_gain":0,"max_hp_loss":0,"event_name":"Duplicator","floor":21,"gold_loss":0,"cards_obtained":["Adrenaline"]},{"damage_healed":0,"gold_gain":0,"player_choice":"Simplicity","damage_taken":0,"max_hp_gain":0,"max_hp_loss":0,"event_name":"Back to Basics","floor":22,"gold_loss":0,"cards_upgraded":["Defend_G","Defend_G","Strike_G","Strike_G","Strike_G","Strike_G"]},{"cards_removed":["Strike_G"],"damage_healed":0,"gold_gain":0,"player_choice":"Purged","damage_taken":0,"max_hp_gain":0,"max_hp_loss":0,"event_name":"Purifier","floor":27,"gold_loss":0},{"damage_healed":0,"gold_gain":0,"player_choice":"Upgraded","damage_taken":0,"max_hp_gain":0,"max_hp_loss":0,"event_name":"Upgrade Shrine","floor":31,"gold_loss":0,"cards_upgraded":["Calculated Gamble"]},{"damage_healed":20,"gold_gain":0,"player_choice":"Writhe","damage_taken":0,"max_hp_gain":0,"max_hp_loss":0,"event_name":"Winding Halls","floor":36,"gold_loss":0,"cards_obtained":["Writhe"]},{"damage_healed":0,"gold_gain":0,"player_choice":"Ignored","damage_taken":0,"max_hp_gain":0,"max_hp_loss":0,"event_name":"Fountain of Cleansing","floor":38,"gold_loss":0},{"damage_healed":0,"gold_gain":0,"player_choice":"Rummage","damage_taken":0,"relics_obtained":["WarpedTongs"],"max_hp_gain":0,"max_hp_loss":0,"event_name":"Accursed Blacksmith","floor":39,"gold_loss":0,"cards_obtained":["Pain"]},{"damage_healed":0,"gold_gain":0,"player_choice":"Memory 2","damage_taken":5,"max_hp_gain":0,"max_hp_loss":0,"event_name":"SensoryStone","floor":41,"gold_loss":0}],"is_beta":false,"boss_relics":[{"not_picked":["Runic Dome","Tiny House"],"picked":"Calling Bell"},{"not_picked":["Ring of the Serpent","Black Star"],"picked":"Cursed Key"}],"items_purged_floors":[3,20,45],"is_endless":false,"potions_floor_spawned":[7,16,18,28,30,33,37,42],"killed_by":"Time Eater","ascension_level":5}