{"gold_per_floor":[115,115,30,50,50,50,50,79,79,11,11,11,25,37,37,135,135,155,41,52,26,38,38,56,56,83,83],"floor_reached":27,"playtime":1492,"items_purged":[],"score":236,"play_id":"1918ffa9-b1ca-4fff-9f59-f98c707db8a3","local_time":"20190803155808","is_ascension_mode":false,"campfire_choices":[{"floor":6.0,"key":"REST"},{"floor":11.0,"key":"REST"},{"floor":15.0,"key":"REST"},{"floor":23.0,"key":"REST"}],"neow_cost":"NONE","seed_source_timestamp":460641279485121,"circlet_count":0,"master_deck":["Defend_B+1","Defend_B","Defend_B","Defend_B","Zap","Dualcast+1","Trip","White Noise","Static Discharge+1","Redo","Defragment+1","Regret","Redo","Double Energy","Rebound","Go for the Eyes","Echo Form","Stack","Loop","FTL","Loop","Conserve Battery","Capacitor+1","Ball Lightning+1","Bite","Bite","Bite","Bite","Bite"],"special_seed":0,"relics":["Cracked Core","Pen Nib","Boot","Bottled Tornado","Lantern","Inserter","War Paint"],"potions_floor_usage":[],"damage_taken":[{"damage":1.0,"enemies":"Jaw Worm","floor":1.0,"turns":4.0},{"damage":5.0,"enemies":"Small Slimes","floor":4.0,"turns":3.0},{"damage":32.0,"enemies":"Gremlin Nob","floor":8.0,"turns":4.0},{"damage":3.0,"enemies":"2 Louse","floor":13.0,"turns":2.0},{"damage":7.0,"enemies":"Blue Slaver","floor":14.0,"turns":2.0},{"damage":22.0,"enemies":"Slime Boss","floor":16.0,"turns":7.0},{"damage":5.0,"enemies":"Chosen","floor":18.0,"turns":4.0},{"damage":29.0,"enemies":"2 Thieves","floor":20.0,"turns":3.0},{"damage":31.0,"enemies":"Snake Plant","floor":22.0,"turns":4.0},{"damage":31,"enemies":"Cultist and Chosen","floor":24,"turns":6},{"damage":8,"enemies":"Centurion and Healer","floor":27,"turns":1}],"seed_played":"-8656583044804385861","potions_obtained":[{"floor":4.0,"key":"Explosive Potion"},{"floor":8.0,"key":"Energy Potion"},{"floor":20.0,"key":"Strength Potion"}],"is_trial":false,"path_per_floor":["M","?","$","M","?","R","?","E","T","$","R","$","M","M","R","B",null,"M","$","M","$","M","R","M","?","T","M"],"character_chosen":"DEFECT","items_purchased":["Static Discharge","Redo","Double Energy","Loop","FTL","Conserve Battery"],"campfire_rested":4,"item_purchase_floors":[3,3,10,19,19,21],"current_hp_per_floor":[74,62,62,57,42,64,64,32,32,32,54,54,51,44,66,44,75,70,70,41,41,10,32,1,1,1,0],"gold":83,"neow_bonus":"RANDOM_COLORLESS","is_prod":false,"is_daily":false,"chose_seed":false,"campfire_upgraded":0,"win_rate":0.0,"timestamp":1564840688,"path_taken":["M","?","$","M","?","R","?","E","T","?","R","$","M","?","R","BOSS","M","$","M","$","M","R","M","?","T","M"],"build_version":"2019-07-17","purchased_purges":0,"victory":false,"max_hp_per_floor":[75,75,75,75,75,75,75,75,75,75,75,75,75,75,75,75,75,75,75,75,75,75,75,75,52,52,52],"card_choices":[{"not_picked":["Coolheaded","Streamline"],"picked":"White Noise","floor":1.0},{"not_picked":["Steam","Redo"],"picked":"Defragment","floor":4.0},{"not_picked":["Beam Cell","Sweeping Beam"],"picked":"Redo","floor":8.0},{"not_picked":["Skim","Cold Snap"],"picked":"Rebound","floor":13.0},{"not_picked":["Cold Snap","Barrage"],"picked":"Go for the Eyes","floor":14.0},{"not_picked":["Seek","Machine Learning"],"picked":"Echo Form","floor":16.0},{"not_picked":["Coolheaded","Doom and Gloom+1"],"picked":"Stack","floor":18.0},{"not_picked":["Reprogram","FTL+1"],"picked":"Loop","floor":20.0},{"not_picked":["Rebound","Force Field"],"picked":"Capacitor+1","floor":22.0},{"not_picked":["Gash","Sweeping Beam+1"],"picked":"Ball Lightning+1","floor":24}],"player_experience":282570,"relics_obtained":[{"floor":8.0,"key":"Bottled Tornado"},{"floor":9.0,"key":"Lantern"},{"floor":26,"key":"War Paint"}],"event_choices":[{"damage_healed":0.0,"max_hp_gain":0.0,"max_hp_loss":0.0,"gold_gain":0.0,"event_name":"Scrap Ooze","player_choice":"Success","floor":2.0,"gold_loss":0.0,"damage_taken":12.0,"relics_obtained":["Pen Nib"]},{"damage_healed":0.0,"max_hp_gain":0.0,"max_hp_loss":0.0,"gold_gain":0.0,"event_name":"Shining Light","player_choice":"Entered Light","floor":5.0,"gold_loss":0.0,"damage_taken":15.0,"cards_upgraded":["Static Discharge","Defragment"]},{"damage_healed":0.0,"max_hp_gain":0.0,"max_hp_loss":0.0,"gold_gain":0.0,"event_name":"Big Fish","player_choice":"Box","floor":7.0,"gold_loss":0.0,"damage_taken":0.0,"relics_obtained":["Boot"],"cards_obtained":["Regret"]},{"damage_healed":0,"gold_gain":0,"player_choice":"Became a vampire","damage_taken":0,"max_hp_gain":0,"max_hp_loss":23,"event_name":"Vampires","floor":25,"gold_loss":0,"cards_obtained":["Bite","Bite","Bite","Bite","Bite"]}],"is_beta":false,"boss_relics":[{"not_picked":["Runic Dome","Fusion Hammer"],"picked":"Inserter"}],"items_purged_floors":[],"is_endless":false,"potions_floor_spawned":[4,8,20,24],"killed_by":"Centurion and Healer","ascension_level":0}