{"gold_per_floor":[363,363,373,172,189,216,26,55,79,91,119,131,175,201,213,321,333,365,389,64,76,87,113,113,129,129,162,162,162,187,187,187,187],"floor_reached":33,"playtime":1552,"items_purged":["Defend_R"],"score":521,"play_id":"8d65454d-db1d-47dc-a03f-b5161819b8ba","local_time":"20190202205751","is_ascension_mode":true,"campfire_choices":[{"floor":10.0,"key":"REST"},{"data":"Flame Barrier","floor":12.0,"key":"SMITH"},{"floor":15.0,"key":"REST"},{"data":"True Grit","floor":24,"key":"SMITH"},{"floor":28,"key":"REST"},{"floor":32,"key":"REST"}],"neow_cost":"TEN_PERCENT_HP_LOSS","seed_source_timestamp":5100588252910466,"circlet_count":0,"master_deck":["Strike_R+1","Strike_R+1","Strike_R+1","Strike_R+1","Strike_R+1","Defend_R+1","Defend_R+1","Defend_R+1","Bash","Rupture+1","Thunderclap","True Grit+1","Intimidate+1","Fire Breathing","Flame Barrier+1","Perfected Strike","Pommel Strike","Shrug It Off","Intimidate+1","Wild Strike","Perfected Strike","Pommel Strike","Combust","Perfected Strike","Flame Barrier","Offering","Perfected Strike","Evolve","Shrug It Off","Metallicize","True Grit+1","Wild Strike","Fire Breathing+1","Wild Strike","Writhe"],"special_seed":0,"relics":["Burning Blood","Dream Catcher","Bag of Marbles","MawBank","Shuriken","Sozu","Ornamental Fan","Oddly Smooth Stone","Red Skull","Question Card","War Paint","Frozen Egg 2"],"potions_floor_usage":[27],"damage_taken":[{"damage":12.0,"enemies":"Jaw Worm","floor":1.0,"turns":3.0},{"damage":1.0,"enemies":"2 Louse","floor":3.0,"turns":4.0},{"damage":4.0,"enemies":"Cultist","floor":5.0,"turns":3.0},{"damage":40.0,"enemies":"3 Sentries","floor":6.0,"turns":8.0},{"damage":31.0,"enemies":"Gremlin Nob","floor":8.0,"turns":4.0},{"damage":0.0,"enemies":"2 Fungi Beasts","floor":11.0,"turns":2.0},{"damage":18.0,"enemies":"3 Sentries","floor":13.0,"turns":5.0},{"damage":11.0,"enemies":"3 Louse","floor":14.0,"turns":5.0},{"damage":34,"enemies":"The Guardian","floor":16,"turns":9},{"damage":0,"enemies":"Chosen","floor":18,"turns":4},{"damage":6,"enemies":"Shell Parasite","floor":19,"turns":2},{"damage":6,"enemies":"Centurion and Healer","floor":21,"turns":6},{"damage":0,"enemies":"Snake Plant","floor":22,"turns":2},{"damage":53,"enemies":"Book of Stabbing","floor":23,"turns":4},{"damage":11,"enemies":"3 Cultists","floor":25,"turns":5},{"damage":13,"enemies":"Slavers","floor":27,"turns":6},{"damage":18,"enemies":"Book of Stabbing","floor":30,"turns":3},{"damage":55,"enemies":"Champ","floor":33,"turns":7}],"seed_played":"-3612399728633646829","potions_obtained":[{"floor":1.0,"key":"SteroidPotion"},{"floor":5.0,"key":"GamblersBrew"},{"floor":16,"key":"Swift Potion"}],"is_trial":false,"path_per_floor":["M","?","M","$","M","E","$","E","T","R","M","R","E","M","R","B",null,"M","M","$","M","M","E","R","M","T","E","R","?","E","?","R","B"],"character_chosen":"IRONCLAD","items_purchased":["True Grit","Intimidate","Perfected Strike","Pommel Strike","Shrug It Off","Intimidate","Shrug It Off","Metallicize","Ornamental Fan"],"campfire_rested":4,"item_purchase_floors":[4,4,7,7,7,7,20,20,20],"current_hp_per_floor":[66,66,71,71,72,38,38,13,13,34,40,40,28,23,44,16,58,64,64,64,64,70,23,23,18,18,11,32,32,20,20,41,0],"gold":187,"neow_bonus":"TWO_FIFTY_GOLD","is_prod":false,"is_daily":false,"chose_seed":false,"campfire_upgraded":2,"win_rate":0,"timestamp":1549159071,"path_taken":["M","?","M","$","M","E","$","E","T","R","M","R","E","M","R","BOSS","M","M","$","M","M","E","R","M","T","E","R","?","E","?","R","BOSS"],"build_version":"2019-01-23","purchased_purges":1,"victory":false,"max_hp_per_floor":[72,72,72,72,72,72,72,72,72,72,72,72,72,72,72,72,72,72,72,72,72,72,72,72,72,72,72,72,72,72,72,72,72],"card_choices":[{"not_picked":["Havoc","Anger"],"picked":"Rupture","floor":1.0},{"not_picked":["Body Slam","Sword Boomerang"],"picked":"Thunderclap","floor":3.0},{"not_picked":["Cleave","Clothesline"],"picked":"Fire Breathing","floor":5.0},{"not_picked":["Shockwave","Immolate"],"picked":"Flame Barrier","floor":6.0},{"not_picked":["Headbutt","Exhume"],"picked":"Wild Strike","floor":8.0},{"not_picked":["True Grit","Reckless Charge"],"picked":"Perfected Strike","floor":10.0},{"not_picked":["True Grit","Iron Wave"],"picked":"Pommel Strike","floor":11.0},{"not_picked":["Clash","Clothesline"],"picked":"Combust","floor":13.0},{"not_picked":["Power Through","Burning Pact"],"picked":"Perfected Strike","floor":14.0},{"not_picked":["Battle Trance","Flex"],"picked":"Flame Barrier","floor":15.0},{"not_picked":["Bludgeon","Double Tap"],"picked":"Offering","floor":16},{"not_picked":["Warcry","Rage"],"picked":"Perfected Strike","floor":18},{"not_picked":["Corruption+1","Clash"],"picked":"Evolve","floor":19},{"not_picked":["Flex+1","Armaments"],"picked":"True Grit+1","floor":21},{"not_picked":["Double Tap","Dropkick","Reckless Charge"],"picked":"SKIP","floor":22},{"not_picked":["Blood for Blood+1","Clothesline+1"],"picked":"Wild Strike","floor":23},{"not_picked":["Body Slam","Cleave"],"picked":"Fire Breathing+1","floor":25},{"not_picked":["Thunderclap","Flex","Anger"],"picked":"SKIP","floor":27},{"not_picked":["Berserk","Blood for Blood+1","Havoc"],"picked":"Wild Strike","floor":30}],"player_experience":389380,"relics_obtained":[{"floor":6.0,"key":"Dream Catcher"},{"floor":8.0,"key":"Bag of Marbles"},{"floor":9.0,"key":"MawBank"},{"floor":13.0,"key":"Shuriken"},{"floor":23,"key":"Oddly Smooth Stone"},{"floor":26,"key":"Red Skull"},{"floor":27,"key":"Question Card"},{"floor":30,"key":"War Paint"}],"event_choices":[{"damage_healed":0.0,"max_hp_gain":0.0,"max_hp_loss":0.0,"gold_gain":0.0,"event_name":"Living Wall","player_choice":"Grow","floor":2.0,"gold_loss":0.0,"damage_taken":0.0,"cards_upgraded":["Rupture"]},{"damage_healed":0,"gold_gain":0,"player_choice":"Simplicity","damage_taken":0,"max_hp_gain":0,"max_hp_loss":0,"event_name":"Back to Basics","floor":29,"gold_loss":0,"cards_upgraded":["Strike_R","Strike_R","Strike_R","Strike_R","Strike_R","Defend_R","Defend_R","Defend_R"]},{"damage_healed":0,"gold_gain":0,"player_choice":"Opened","damage_taken":0,"relics_obtained":["Frozen Egg 2"],"max_hp_gain":0,"max_hp_loss":0,"event_name":"The Mausoleum","floor":31,"gold_loss":0,"cards_obtained":["Writhe"]}],"is_beta":false,"boss_relics":[{"not_picked":["Calling Bell","Runic Pyramid"],"picked":"Sozu"}],"items_purged_floors":[4],"is_endless":false,"potions_floor_spawned":[1,5,16,18,19],"killed_by":"Champ","ascension_level":9}