{"gold_per_floor":[117,135,148,73,83,83,83,123,123,136,149,324,345,345,345,345],"floor_reached":16,"playtime":615,"items_purged":["Strike_G"],"score":140,"play_id":"bfa245a5-9073-4d8c-8b0b-836ea5f8f378","local_time":"20190131100341","is_ascension_mode":true,"campfire_choices":[{"data":"Cloak And Dagger","floor":6,"key":"SMITH"},{"floor":15,"key":"REST"}],"neow_cost":"NONE","seed_source_timestamp":4889619412035134,"circlet_count":0,"master_deck":["Defend_G","Defend_G","Defend_G","Defend_G","Defend_G","Strike_G","Strike_G","Strike_G","Strike_G","Survivor","Neutralize","Cloak And Dagger+1","Dagger Throw","Sucker Punch","Dagger Throw","Doubt","Cloak And Dagger"],"relics":["Cursed Key","Golden Idol","Bag of Marbles"],"potions_floor_usage":[8,8,16,16],"damage_taken":[{"damage":9,"enemies":"Jaw Worm","floor":1,"turns":5},{"damage":0,"enemies":"2 Louse","floor":2,"turns":4},{"damage":0,"enemies":"Small Slimes","floor":3,"turns":2},{"damage":5,"enemies":"2 Fungi Beasts","floor":5,"turns":4},{"damage":5,"enemies":"Gremlin Nob","floor":8,"turns":3},{"damage":13,"enemies":"Exordium Thugs","floor":10,"turns":5},{"damage":1,"enemies":"Lots of Slimes","floor":11,"turns":4},{"damage":1,"enemies":"Red Slaver","floor":13,"turns":4},{"damage":26,"enemies":"Slime Boss","floor":16,"turns":7}],"seed_played":"3966419465747876438","potions_obtained":[{"floor":1,"key":"AttackPotion"},{"floor":3,"key":"Swift Potion"},{"floor":10,"key":"Block Potion"},{"floor":11,"key":"Explosive Potion"}],"is_trial":false,"path_per_floor":["M","M","M","$","M","R","?","E","T","M","M","?","M","?","R","B"],"character_chosen":"THE_SILENT","items_purchased":[],"campfire_rested":1,"item_purchase_floors":[],"current_hp_per_floor":[54,54,54,54,49,49,32,27,27,14,13,13,12,5,26,0],"gold":345,"neow_bonus":"BOSS_RELIC","is_prod":false,"is_daily":false,"chose_seed":false,"campfire_upgraded":1,"win_rate":0,"timestamp":1548947021,"path_taken":["M","M","M","$","M","R","?","E","T","M","M","?","M","?","R","BOSS"],"build_version":"2019-01-23","purchased_purges":1,"victory":false,"max_hp_per_floor":[70,70,70,70,70,70,70,70,70,70,70,70,70,70,70,70],"card_choices":[{"not_picked":["Distraction","Riddle With Holes"],"picked":"Cloak And Dagger","floor":1},{"not_picked":["Dodge and Roll","Poisoned Stab"],"picked":"Dagger Throw","floor":2},{"not_picked":["Endless Agony","Dagger Spray"],"picked":"Sucker Punch","floor":3},{"not_picked":["PiercingWail","Acrobatics","Deflect"],"picked":"SKIP","floor":5},{"not_picked":["Catalyst","Flechettes"],"picked":"Dagger Throw","floor":8},{"not_picked":["Dodge and Roll","Flying Knee","Bane"],"picked":"SKIP","floor":10},{"not_picked":["Slice","Poisoned Stab","Prepared"],"picked":"SKIP","floor":11},{"not_picked":["Acrobatics","Slice"],"picked":"Cloak And Dagger","floor":13}],"player_experience":378357,"relics_obtained":[{"floor":8,"key":"Bag of Marbles"}],"event_choices":[{"damage_healed":0,"gold_gain":0,"player_choice":"Take Damage","damage_taken":17,"relics_obtained":["Golden Idol"],"max_hp_gain":0,"max_hp_loss":0,"event_name":"Golden Idol","floor":7,"gold_loss":0},{"damage_healed":0,"gold_gain":175,"player_choice":"AGREE","damage_taken":0,"max_hp_gain":0,"max_hp_loss":0,"event_name":"Liars Game","floor":12,"gold_loss":0,"cards_obtained":["Doubt"]},{"damage_healed":0,"gold_gain":0,"player_choice":"Fled","damage_taken":7,"max_hp_gain":0,"max_hp_loss":0,"event_name":"Scrap Ooze","floor":14,"gold_loss":0}],"is_beta":false,"boss_relics":[],"items_purged_floors":[4],"is_endless":false,"potions_floor_spawned":[1,3,10,11],"killed_by":"Slime Boss","ascension_level":7}