{"gold_per_floor":[99,99,49,49,49,49,49,49,49,49,13,13,13,13,13,13,13,13,13,13,13,13,13,13,13,13,13,13,13,13,13,13,13,13,13,13,13],"floor_reached":37,"playtime":2359,"items_purged":[],"score":594,"play_id":"cfb33228-dec3-4e11-b896-b8a16362f2db","local_time":"20190126210640","is_ascension_mode":true,"campfire_choices":[{"floor":13.0,"key":"REST"},{"data":"Noxious Fumes","floor":15.0,"key":"SMITH"},{"floor":24.0,"key":"REST"},{"floor":32,"key":"RECALL"}],"neow_cost":"NONE","seed_source_timestamp":0,"circlet_count":0,"master_deck":["Defend_G","Defend_G","Defend_G","Defend_G","Defend_G","Survivor","Neutralize","Dagger Throw","Acrobatics","Well Laid Plans","Noxious Fumes+1","Catalyst","After Image","Catalyst","Bite","Bite","Bite","Bite","Bite","Envenom","Dagger Throw","Tactician+1","Adrenaline","Acrobatics","Escape Plan","Corpse Explosion"],"special_seed":0,"relics":["Ectoplasm","Kunai","Juzu Bracelet","Question Card","Fusion Hammer","Snake Skull","Tiny Chest","Ancient Tea Set","Runic Pyramid"],"potions_floor_usage":[33,33,37],"damage_taken":[{"damage":0.0,"enemies":"Small Slimes","floor":1.0,"turns":5.0},{"damage":0.0,"enemies":"Jaw Worm","floor":4.0,"turns":4.0},{"damage":0.0,"enemies":"2 Louse","floor":6.0,"turns":2.0},{"damage":44.0,"enemies":"3 Sentries","floor":7.0,"turns":15.0},{"damage":3.0,"enemies":"Large Slime","floor":8.0,"turns":7.0},{"damage":0.0,"enemies":"Blue Slaver","floor":12.0,"turns":5.0},{"damage":22.0,"enemies":"The Guardian","floor":16.0,"turns":11.0},{"damage":0.0,"enemies":"3 Byrds","floor":18.0,"turns":5.0},{"damage":16.0,"enemies":"Chosen","floor":20.0,"turns":5.0},{"damage":21.0,"enemies":"Centurion and Healer","floor":21.0,"turns":6.0},{"damage":40.0,"enemies":"Slavers","floor":23.0,"turns":6.0},{"damage":9.0,"enemies":"Snecko","floor":25.0,"turns":4.0},{"damage":6.0,"enemies":"Snake Plant","floor":27.0,"turns":4.0},{"damage":18.0,"enemies":"Gremlin Leader","floor":28.0,"turns":6.0},{"damage":21.0,"enemies":"3 Cultists","floor":29.0,"turns":6.0},{"damage":0.0,"enemies":"Snecko","floor":30.0,"turns":4.0},{"damage":5,"enemies":"Collector","floor":33,"turns":5},{"damage":44,"enemies":"3 Darklings","floor":35,"turns":3},{"damage":2,"enemies":"Orb Walker","floor":36,"turns":3},{"damage":40,"enemies":"Writhing Mass","floor":37,"turns":3}],"seed_played":"2544615680505200233","potions_obtained":[{"floor":7.0,"key":"EntropicBrew"},{"floor":23.0,"key":"SkillPotion"},{"floor":25.0,"key":"AttackPotion"},{"floor":27.0,"key":"Block Potion"},{"floor":29.0,"key":"Block Potion"},{"floor":30.0,"key":"Regen Potion"},{"floor":36,"key":"Fire Potion"}],"is_trial":false,"path_per_floor":["M","?","?","M","?","M","E","M","T","?","?","M","R","T","R","B",null,"M","?","M","M","?","E","R","M","T","M","E","M","M","T","R","B",null,"M","M","M"],"character_chosen":"THE_SILENT","items_purchased":[],"campfire_rested":2,"item_purchase_floors":[],"current_hp_per_floor":[63,63,63,63,63,63,19,16,16,16,16,16,37,37,37,15,56,56,49,42,47,47,23,37,38,38,40,38,35,47,47,47,49,49,9,17,0],"gold":13,"neow_bonus":"BOSS_RELIC","is_prod":false,"is_daily":false,"chose_seed":false,"campfire_upgraded":1,"win_rate":0,"timestamp":1548554800,"path_taken":["M","?","?","M","?","M","E","M","T","?","?","M","R","?","R","BOSS","M","?","M","M","?","E","R","M","T","M","E","M","M","?","R","BOSS","M","M","M"],"build_version":"2019-01-23","purchased_purges":0,"victory":false,"max_hp_per_floor":[70,70,70,70,70,70,70,70,70,70,70,70,70,70,70,70,70,70,49,49,49,49,49,49,49,49,49,49,49,49,49,49,49,49,49,49,49],"card_choices":[{"not_picked":["PiercingWail","Prepared"],"picked":"Dagger Throw","floor":1.0},{"not_picked":["PiercingWail","Flying Knee"],"picked":"Acrobatics","floor":4.0},{"not_picked":["Sucker Punch","Expertise","Slice"],"picked":"SKIP","floor":6.0},{"not_picked":["Bane","Sucker Punch"],"picked":"Well Laid Plans","floor":7.0},{"not_picked":["Eviscerate","Sucker Punch"],"picked":"Noxious Fumes","floor":8.0},{"not_picked":["Bane","Expertise"],"picked":"Catalyst","floor":12.0},{"not_picked":["Malaise","Night Terror","Glass Knife"],"picked":"After Image","floor":16.0},{"not_picked":["Bouncing Flask+1","Dagger Throw","Flying Knee+1"],"picked":"Catalyst","floor":18.0},{"not_picked":["Accuracy","Quick Slash+1","All Out Attack","Deflect"],"picked":"SKIP","floor":20.0},{"not_picked":["Deflect+1","Blade Dance","Dagger Spray","Caltrops"],"picked":"SKIP","floor":21.0},{"not_picked":["Cloak And Dagger","Bane+1","Prepared+1"],"picked":"Dagger Throw","floor":23.0},{"not_picked":["Backflip","Slice","Underhanded Strike+1"],"picked":"Tactician+1","floor":25.0},{"not_picked":["Backflip","Blade Dance","Flying Knee+1"],"picked":"Adrenaline","floor":27.0},{"not_picked":["Wraith Form v2","Endless Agony","Flechettes+1","Poisoned Stab"],"picked":"SKIP","floor":28.0},{"not_picked":["Blade Dance","Prepared","Backstab"],"picked":"Acrobatics","floor":29.0},{"not_picked":["Cloak And Dagger","Blade Dance","Bane"],"picked":"Escape Plan","floor":30.0},{"not_picked":["Venomology","Glass Knife","Wraith Form v2"],"picked":"Corpse Explosion","floor":33},{"not_picked":["Dagger Spray","Calculated Gamble","Caltrops+1","Leg Sweep+1"],"picked":"SKIP","floor":35},{"not_picked":["Caltrops","Accuracy+1","Sucker Punch+1","Dodge and Roll"],"picked":"SKIP","floor":36}],"player_experience":337855,"relics_obtained":[{"floor":7.0,"key":"Kunai"},{"floor":9.0,"key":"Juzu Bracelet"},{"floor":14.0,"key":"Question Card"},{"floor":23.0,"key":"Snake Skull"},{"floor":28.0,"key":"Tiny Chest"},{"floor":31.0,"key":"Ancient Tea Set"}],"event_choices":[{"damage_healed":0.0,"max_hp_gain":0.0,"max_hp_loss":0.0,"gold_gain":0.0,"event_name":"Liars Game","player_choice":"Ignored","floor":2.0,"gold_loss":0.0,"damage_taken":0.0},{"cards_removed":["Strike_G"],"damage_healed":0.0,"max_hp_gain":0.0,"max_hp_loss":0.0,"gold_gain":0.0,"event_name":"The Cleric","player_choice":"Card Removal","floor":3.0,"gold_loss":50.0,"damage_taken":0.0},{"damage_healed":0.0,"max_hp_gain":0.0,"max_hp_loss":0.0,"gold_gain":0.0,"event_name":"Golden Idol","player_choice":"Ignored","floor":5.0,"gold_loss":0.0,"damage_taken":0.0},{"cards_removed":["Strike_G"],"damage_healed":0.0,"max_hp_gain":0.0,"max_hp_loss":0.0,"gold_gain":0.0,"event_name":"Living Wall","player_choice":"Forget","floor":10.0,"gold_loss":0.0,"damage_taken":0.0},{"damage_healed":0.0,"max_hp_gain":0.0,"max_hp_loss":0.0,"gold_gain":0.0,"event_name":"World of Goop","player_choice":"Left Gold","floor":11.0,"gold_loss":36.0,"damage_taken":0.0},{"damage_healed":0.0,"max_hp_gain":0.0,"max_hp_loss":21.0,"gold_gain":0.0,"event_name":"Vampires","player_choice":"Became a vampire","floor":19.0,"gold_loss":0.0,"damage_taken":0.0,"cards_obtained":["Bite","Bite","Bite","Bite","Bite"]},{"damage_healed":0.0,"max_hp_gain":0.0,"max_hp_loss":0.0,"gold_gain":0.0,"event_name":"The Library","player_choice":"Read","floor":22.0,"gold_loss":0.0,"damage_taken":0.0,"cards_obtained":["Envenom"]}],"is_beta":false,"boss_relics":[{"not_picked":["Black Star","Lizard Tail"],"picked":"Fusion Hammer"},{"not_picked":["Empty Cage","Tiny House"],"picked":"Runic Pyramid"}],"items_purged_floors":[],"is_endless":false,"potions_floor_spawned":[7,12,16,23,25,27,29,30,36],"killed_by":"Writhing Mass","ascension_level":6}