{"gold_per_floor":[110,124,136,147,157,189,189,40,63,95,125,135,135,64,64,161,161,180,80,80,179,54,89,89,14,41,41,59,59,59,74,74,74],"floor_reached":33,"playtime":1282,"items_purged":["Strike_B","Strike_B","Defend_B"],"score":300,"play_id":"1dc5c791-5f1a-4d69-b424-6ab3ed1fb742","local_time":"20190819031744","is_ascension_mode":true,"campfire_choices":[{"data":"Glacier","floor":7,"key":"SMITH"},{"data":"Sunder","floor":15,"key":"SMITH"},{"data":"Hyperbeam","floor":24,"key":"SMITH"},{"data":"Conserve Battery","floor":27,"key":"SMITH"},{"data":"Hologram","floor":32,"key":"SMITH"}],"neow_cost":"NONE","seed_source_timestamp":301280610669100,"circlet_count":0,"master_deck":["Strike_B","Defend_B","Defend_B","Defend_B","Zap+1","Dualcast","Hologram+1","Beam Cell","Glacier+1","Auto Shields","Conserve Battery+1","Skim","Sunder+1","Hyperbeam+1","Chaos+1"],"relics":["Cracked Core","Meat on the Bone","Juzu Bracelet","Anchor","Nuclear Battery","MutagenicStrength","Happy Flower","Bag of Preparation"],"potions_floor_usage":[6,10,16,23,23],"damage_taken":[{"damage":1,"enemies":"Cultist","floor":1,"turns":3},{"damage":7,"enemies":"Small Slimes","floor":2,"turns":3},{"damage":7,"enemies":"Jaw Worm","floor":3,"turns":3},{"damage":19,"enemies":"3 Louse","floor":4,"turns":4},{"damage":2,"enemies":"2 Fungi Beasts","floor":5,"turns":3},{"damage":22,"enemies":"Gremlin Nob","floor":6,"turns":5},{"damage":1,"enemies":"3 Sentries","floor":10,"turns":10},{"damage":0,"enemies":"Blue Slaver","floor":12,"turns":5},{"damage":33,"enemies":"Slime Boss","floor":16,"turns":15},{"damage":0,"enemies":"Chosen","floor":18,"turns":4},{"damage":10,"enemies":"Slavers","floor":23,"turns":3},{"damage":0,"enemies":"2 Thieves","floor":28,"turns":2},{"damage":0,"enemies":"Sentry and Sphere","floor":31,"turns":2},{"damage":53,"enemies":"Automaton","floor":33,"turns":8}],"seed_played":"-6577685652764902180","potions_obtained":[{"floor":1,"key":"Energy Potion"},{"floor":2,"key":"Poison Potion"},{"floor":3,"key":"Energy Potion"},{"floor":4,"key":"Energy Potion"},{"floor":16,"key":"Explosive Potion"},{"floor":18,"key":"SkillPotion"}],"is_trial":false,"path_per_floor":["M","M","M","M","M","E","R","$","T","E","?","M","?","$","R","B",null,"M","$","?","?","$","E","R","?","T","R","M","?","?","M","R","B"],"character_chosen":"DEFECT","items_purchased":["Auto Shields","Sunder"],"campfire_rested":0,"item_purchase_floors":[8,14],"current_hp_per_floor":[74,67,60,41,39,17,17,17,17,28,28,40,40,40,40,19,75,75,75,75,75,75,65,65,65,65,65,65,51,51,51,51,0],"gold":74,"neow_bonus":"UPGRADE_CARD","is_prod":false,"is_daily":false,"chose_seed":false,"campfire_upgraded":5,"win_rate":0,"timestamp":1566148664,"path_taken":["M","M","M","M","M","E","R","$","T","E","?","M","?","$","R","BOSS","M","$","?","?","$","E","R","?","T","R","M","?","?","M","R","BOSS"],"build_version":"2019-07-17","purchased_purges":3,"victory":false,"max_hp_per_floor":[75,75,75,75,75,75,75,75,75,75,75,75,75,75,75,75,75,75,75,75,75,75,75,75,75,75,75,75,80,80,80,80,80],"card_choices":[{"not_picked":["Heatsinks","Reprogram","Steam Power"],"picked":"SKIP","floor":1},{"not_picked":["Hello World","Consume"],"picked":"Hologram","floor":2},{"not_picked":["Static Discharge","Undo","Steam"],"picked":"SKIP","floor":3},{"not_picked":["Glacier","Cold Snap"],"picked":"Beam Cell","floor":4},{"not_picked":["Conserve Battery","Chaos"],"picked":"Glacier","floor":5},{"not_picked":["Recycle","Redo","Compile Driver"],"picked":"SKIP","floor":6},{"not_picked":["Coolheaded","Beam Cell"],"picked":"Conserve Battery","floor":10},{"not_picked":["Go for the Eyes","Melter"],"picked":"Skim","floor":12},{"not_picked":["Multi-Cast","Amplify"],"picked":"Hyperbeam","floor":16},{"not_picked":["Static Discharge","Sweeping Beam"],"picked":"Chaos+1","floor":18},{"not_picked":["Sweeping Beam","Rebound","Scrape"],"picked":"SKIP","floor":23},{"not_picked":["Leap","Turbo+1","Conserve Battery+1"],"picked":"SKIP","floor":28},{"not_picked":["Darkness","Fusion","Conserve Battery"],"picked":"SKIP","floor":31}],"player_experience":66089,"relics_obtained":[{"floor":6,"key":"Meat on the Bone"},{"floor":9,"key":"Juzu Bracelet"},{"floor":10,"key":"Anchor"},{"floor":23,"key":"Happy Flower"},{"floor":26,"key":"Bag of Preparation"}],"event_choices":[{"damage_healed":0,"gold_gain":30,"player_choice":"Searched \u00272\u0027 times","damage_taken":0,"max_hp_gain":0,"max_hp_loss":0,"event_name":"Dead Adventurer","floor":11,"gold_loss":0},{"damage_healed":0,"gold_gain":0,"player_choice":"Ignored","damage_taken":0,"max_hp_gain":0,"max_hp_loss":0,"event_name":"Liars Game","floor":13,"gold_loss":0},{"damage_healed":0,"gold_gain":0,"player_choice":"Inject Mutagens","damage_taken":0,"relics_obtained":["MutagenicStrength"],"max_hp_gain":0,"max_hp_loss":0,"event_name":"Drug Dealer","floor":20,"gold_loss":0},{"damage_healed":0,"gold_gain":99,"player_choice":"Stole From Cult","damage_taken":0,"max_hp_gain":0,"max_hp_loss":0,"event_name":"Nest","floor":21,"gold_loss":0},{"cards_removed":["Strike_B"],"damage_healed":0,"gold_gain":0,"player_choice":"Gave Gold","damage_taken":0,"max_hp_gain":0,"max_hp_loss":0,"event_name":"Beggar","floor":25,"gold_loss":75},{"damage_healed":0,"gold_gain":0,"player_choice":"Shed Blood","damage_taken":19,"max_hp_gain":5,"max_hp_loss":0,"event_name":"Forgotten Altar","floor":29,"gold_loss":0},{"damage_healed":0,"gold_gain":0,"player_choice":"Ignored","damage_taken":0,"max_hp_gain":0,"max_hp_loss":0,"event_name":"Vampires","floor":30,"gold_loss":0}],"is_beta":false,"boss_relics":[{"not_picked":["Calling Bell","Sozu"],"picked":"Nuclear Battery"}],"items_purged_floors":[8,19,22],"is_endless":false,"potions_floor_spawned":[1,2,3,4,16,18],"killed_by":"Automaton","ascension_level":2}