{"gold_per_floor":[119,134,144,159,172,172,205,205,205,238,254,273,298,312,312,412,412,426,443,463,59,59,59,70,81,157,157,172,189,208,108,108,210,210,230,249,349,362,199,227,246,82,136,147,162,162,162,182,182,182],"floor_reached":50,"playtime":5416,"items_purged":["Defend_R","Strike_R","Strike_R"],"score":531,"play_id":"fd1dcd07-d1e1-481f-a0b1-c502dbd60f8c","local_time":"20190107151253","is_ascension_mode":true,"campfire_choices":[{"data":"Bash","floor":6.0,"key":"SMITH"},{"data":"Armaments","floor":8.0,"key":"SMITH"},{"data":"Shrug It Off","floor":15.0,"key":"SMITH"},{"data":"Fire Breathing","floor":23,"key":"SMITH"},{"data":"Rampage","floor":27,"key":"SMITH"},{"floor":32,"key":"REST"},{"floor":47,"key":"REST"},{"floor":49,"key":"RECALL"}],"neow_cost":"NONE","seed_source_timestamp":0,"circlet_count":0,"master_deck":["Strike_R","Strike_R","Strike_R","Defend_R","Defend_R","Defend_R","Bash+1","Iron Wave","Shrug It Off+1","Rage","Pommel Strike","Offering","Armaments+1","Reckless Charge","Clash","Shrug It Off","Shrug It Off","Pommel Strike","Fire Breathing+1","Rampage+1","Spot Weakness+1","Pummel+1","Warcry+1","Berserk","Intimidate+1","Whirlwind+1","Inflame","Juggernaut","Flame Barrier+1","Barricade","Reaper","Parasite","Whirlwind+1","Clothesline+1"],"special_seed":0,"relics":["Burning Blood","Blood Vial","Regal Pillow","Ginger","Charon\u0027s Ashes","WingedGreaves","Lizard Tail","Bottled Lightning","MutagenicStrength","Mummified Hand","Fusion Hammer","Oddly Smooth Stone","Anchor"],"potions_floor_usage":[29,30,33,33,45,48,48],"damage_taken":[{"damage":1.0,"enemies":"Cultist","floor":1.0,"turns":3.0},{"damage":6.0,"enemies":"Jaw Worm","floor":2.0,"turns":3.0},{"damage":5.0,"enemies":"Small Slimes","floor":3.0,"turns":4.0},{"damage":10.0,"enemies":"3 Louse","floor":4.0,"turns":5.0},{"damage":8.0,"enemies":"2 Fungi Beasts","floor":5.0,"turns":4.0},{"damage":21.0,"enemies":"Lagavulin","floor":7.0,"turns":8.0},{"damage":16.0,"enemies":"Gremlin Nob","floor":10.0,"turns":4.0},{"damage":3.0,"enemies":"Looter","floor":11.0,"turns":4.0},{"damage":11.0,"enemies":"Gremlin Gang","floor":12.0,"turns":5.0},{"damage":5.0,"enemies":"3 Sentries","floor":13.0,"turns":8.0},{"damage":5.0,"enemies":"Exordium Thugs","floor":14.0,"turns":6.0},{"damage":51.0,"enemies":"The Guardian","floor":16.0,"turns":14.0},{"damage":0,"enemies":"Chosen","floor":18,"turns":6},{"damage":19,"enemies":"3 Byrds","floor":19,"turns":6},{"damage":30,"enemies":"Snake Plant","floor":20,"turns":6},{"damage":22,"enemies":"Snecko","floor":24,"turns":9},{"damage":13,"enemies":"Chosen and Byrds","floor":25,"turns":6},{"damage":12,"enemies":"Shelled Parasite and Fungi","floor":28,"turns":6},{"damage":17,"enemies":"Centurion and Healer","floor":29,"turns":5},{"damage":5,"enemies":"Snake Plant","floor":30,"turns":3},{"damage":65,"enemies":"Champ","floor":33,"turns":17},{"damage":0,"enemies":"Orb Walker","floor":35,"turns":3},{"damage":18,"enemies":"3 Shapes","floor":36,"turns":5},{"damage":11,"enemies":"Jaw Worm Horde","floor":38,"turns":4},{"damage":29,"enemies":"Giant Head","floor":40,"turns":6},{"damage":13,"enemies":"3 Darklings","floor":41,"turns":5},{"damage":0,"enemies":"Spire Growth","floor":44,"turns":5},{"damage":36,"enemies":"Writhing Mass","floor":45,"turns":4},{"damage":7,"enemies":"Jaw Worm Horde","floor":48,"turns":5},{"damage":67,"enemies":"Time Eater","floor":50,"turns":5}],"seed_played":"8767867511580504856","potions_obtained":[{"floor":2.0,"key":"Dexterity Potion"},{"floor":4.0,"key":"LiquidBronze"},{"floor":5.0,"key":"GamblersBrew"},{"floor":10.0,"key":"BloodPotion"},{"floor":13.0,"key":"Fire Potion"},{"floor":24,"key":"Block Potion"},{"floor":25,"key":"Poison Potion"},{"floor":28,"key":"GamblersBrew"},{"floor":30,"key":"EssenceOfSteel"},{"floor":35,"key":"EssenceOfSteel"},{"floor":40,"key":"FearPotion"},{"floor":45,"key":"SkillPotion"}],"is_trial":false,"path_per_floor":["M","M","M","M","M","R","E","R","T","E","M","M","E","M","R","B",null,"M","M","M","$","?","R","M","M","T","R","M","M","M","$","R","B",null,"M","M","?","M","$","E","M","$","T","M","M","?","R","M","R","B"],"character_chosen":"IRONCLAD","items_purchased":["Fire Breathing","Bottled Lightning","Inflame","Barricade"],"campfire_rested":2,"item_purchase_floors":[21,21,39,42],"current_hp_per_floor":[80,80,80,76,76,76,63,63,63,55,60,65,68,71,71,28,80,80,67,45,45,45,45,31,26,26,26,22,13,16,16,55,42,80,80,68,68,65,65,44,39,39,39,47,19,19,56,57,57,0],"gold":182,"neow_bonus":"RANDOM_COMMON_RELIC","is_prod":false,"is_daily":false,"chose_seed":false,"campfire_upgraded":5,"win_rate":0,"timestamp":1546891973,"path_taken":["M","M","M","M","M","R","E","R","T","E","M","M","E","M","R","BOSS","M","M","M","$","?","R","M","M","T","R","M","M","M","$","R","BOSS","M","M","?","?","$","E","M","$","T","M","M","?","R","M","R","BOSS"],"build_version":"2019-01-03v4","purchased_purges":3,"victory":false,"max_hp_per_floor":[80,80,80,80,80,80,80,80,80,80,80,80,80,80,80,80,80,80,80,80,80,80,80,80,80,80,80,80,80,80,80,80,80,80,80,80,80,80,80,80,80,80,80,80,80,76,76,76,76,76],"card_choices":[{"not_picked":["Warcry","Blood for Blood"],"picked":"Iron Wave","floor":1.0},{"not_picked":["Twin Strike","Sword Boomerang"],"picked":"Shrug It Off","floor":2.0},{"not_picked":["Heavy Blade","Warcry"],"picked":"Rage","floor":3.0},{"not_picked":["Twin Strike","True Grit"],"picked":"Pommel Strike","floor":4.0},{"not_picked":["Twin Strike","Shockwave"],"picked":"Offering","floor":5.0},{"not_picked":["Thunderclap","Warcry"],"picked":"Armaments","floor":7.0},{"not_picked":["Entrench","True Grit","Heavy Blade"],"picked":"SKIP","floor":10.0},{"not_picked":["Pommel Strike","Thunderclap"],"picked":"Reckless Charge","floor":11.0},{"not_picked":["Power Through","Pommel Strike"],"picked":"Clash","floor":12.0},{"not_picked":["Limit Break","Second Wind","Disarm"],"picked":"SKIP","floor":13.0},{"not_picked":["Body Slam","Uppercut"],"picked":"Shrug It Off","floor":14.0},{"not_picked":["Combust","Heavy Blade+1"],"picked":"Shrug It Off","floor":18},{"not_picked":["Body Slam","True Grit","Power Through"],"picked":"SKIP","floor":19},{"not_picked":["Twin Strike","Body Slam"],"picked":"Pommel Strike","floor":20},{"not_picked":["Sword Boomerang+1","Shrug It Off+1"],"picked":"Rampage","floor":24},{"not_picked":["Armaments","Flex","Sword Boomerang"],"picked":"SKIP","floor":25},{"not_picked":["Perfected Strike","Bloodletting"],"picked":"Spot Weakness+1","floor":28},{"not_picked":["True Grit","Clothesline"],"picked":"Pummel+1","floor":29},{"not_picked":["True Grit","Flame Barrier"],"picked":"Warcry+1","floor":30},{"not_picked":["Fiend Fire","Limit Break"],"picked":"Berserk","floor":33},{"not_picked":["Rupture+1","Armaments+1"],"picked":"Intimidate+1","floor":35},{"not_picked":["True Grit","Flex+1"],"picked":"Whirlwind+1","floor":36},{"not_picked":["Hemokinesis","Flex","Clash"],"picked":"SKIP","floor":38},{"not_picked":["Uppercut","Cleave+1"],"picked":"Juggernaut","floor":40},{"not_picked":["Shrug It Off","Flex+1"],"picked":"Flame Barrier+1","floor":41},{"not_picked":["Flex+1","Corruption+1"],"picked":"Reaper","floor":44},{"not_picked":["Thunderclap+1","Cleave+1"],"picked":"Whirlwind+1","floor":45},{"not_picked":["Cleave+1","Uppercut"],"picked":"Clothesline+1","floor":48}],"player_experience":71667,"relics_obtained":[{"floor":7.0,"key":"Regal Pillow"},{"floor":9.0,"key":"Ginger"},{"floor":10.0,"key":"Charon\u0027s Ashes"},{"floor":13.0,"key":"WingedGreaves"},{"floor":26,"key":"Mummified Hand"},{"floor":40,"key":"Oddly Smooth Stone"},{"floor":43,"key":"Anchor"}],"event_choices":[{"damage_healed":0,"gold_gain":0,"player_choice":"Inject Mutagens","damage_taken":0,"relics_obtained":["MutagenicStrength"],"max_hp_gain":0,"max_hp_loss":0,"event_name":"Drug Dealer","floor":22,"gold_loss":0},{"damage_healed":0,"gold_gain":100,"player_choice":"Pray","damage_taken":0,"max_hp_gain":0,"max_hp_loss":0,"event_name":"Golden Shrine","floor":37,"gold_loss":0},{"damage_healed":0,"gold_gain":0,"player_choice":"Max HP","damage_taken":0,"max_hp_gain":0,"max_hp_loss":4,"event_name":"Winding Halls","floor":46,"gold_loss":0}],"is_beta":false,"boss_relics":[{"not_picked":["Mark of Pain","Busted Crown"],"picked":"Lizard Tail"},{"not_picked":["Empty Cage","Calling Bell"],"picked":"Fusion Hammer"}],"items_purged_floors":[21,31,39],"is_endless":false,"potions_floor_spawned":[2,4,5,10,13,24,25,28,30,35,40,45],"killed_by":"Time Eater","ascension_level":1}