{"gold_per_floor":[116,128,128,144,144,144,144,179,236,247,31,31,48,64,64,159,159,170,184,26,42,55,55,72,72,154,154,154],"floor_reached":28,"playtime":2845,"items_purged":[],"score":235,"play_id":"5e992c77-c91a-4ffc-ad5b-43808838417b","local_time":"20190811085154","is_ascension_mode":true,"campfire_choices":[{"floor":6.0,"key":"REST"},{"floor":12.0,"key":"REST"},{"floor":15.0,"key":"RECALL"},{"floor":23.0,"key":"REST"}],"neow_cost":"NONE","seed_source_timestamp":1361651069185,"circlet_count":0,"master_deck":["Survivor+1","Neutralize","Backflip","Noxious Fumes+1","Caltrops","PiercingWail","Poisoned Stab","Magnetism","Deadly Poison","Catalyst","Caltrops","Envenom","Night Terror","Cloak And Dagger","Sucker Punch","Doppelganger","Bouncing Flask","Glass Knife","Backstab","Corpse Explosion","Venomology","Well Laid Plans","Cloak And Dagger","Expertise","Endless Agony","Swift Strike","Deadly Poison+1","Bullet Time","Deflect"],"special_seed":0,"relics":["Ring of the Snake","Juzu Bracelet","Ancient Tea Set","Tiny Chest","Pandora\u0027s Box","Darkstone Periapt"],"potions_floor_usage":[],"damage_taken":[{"damage":0.0,"enemies":"2 Louse","floor":1.0,"turns":4.0},{"damage":6.0,"enemies":"Jaw Worm","floor":2.0,"turns":6.0},{"damage":1.0,"enemies":"Cultist","floor":4.0,"turns":5.0},{"damage":39.0,"enemies":"Gremlin Nob","floor":8.0,"turns":6.0},{"damage":0.0,"enemies":"Lots of Slimes","floor":10.0,"turns":1.0},{"damage":0.0,"enemies":"3 Louse","floor":13.0,"turns":4.0},{"damage":0.0,"enemies":"Gremlin Gang","floor":14.0,"turns":4.0},{"damage":35.0,"enemies":"Slime Boss","floor":16.0,"turns":6.0},{"damage":27.0,"enemies":"Chosen","floor":18.0,"turns":5.0},{"damage":22.0,"enemies":"2 Thieves","floor":19.0,"turns":5.0},{"damage":17.0,"enemies":"Snecko","floor":21.0,"turns":5.0},{"damage":17.0,"enemies":"Cultist and Chosen","floor":22.0,"turns":4.0},{"damage":9.0,"enemies":"Shelled Parasite and Fungi","floor":24.0,"turns":3.0},{"damage":14.0,"enemies":"Centurion and Healer","floor":27.0,"turns":3.0},{"damage":9,"enemies":"Snake Plant","floor":28,"turns":4}],"seed_played":"-5825182298156270130","potions_obtained":[{"floor":4.0,"key":"AttackPotion"},{"floor":8.0,"key":"Explosive Potion"},{"floor":10.0,"key":"Explosive Potion"},{"floor":14.0,"key":"Dexterity Potion"},{"floor":16.0,"key":"PowerPotion"},{"floor":18.0,"key":"Block Potion"},{"floor":22.0,"key":"PowerPotion"},{"floor":24.0,"key":"SmokeBomb"}],"is_trial":false,"path_per_floor":["M","M","?","M","?","R","?","E","T","M","$","R","M","M","R","B",null,"M","M","$","M","M","R","M","T","T","M","M"],"character_chosen":"THE_SILENT","items_purchased":["Magnetism","Deadly Poison","Endless Agony","Swift Strike"],"campfire_rested":3,"item_purchase_floors":[11,11,20,20],"current_hp_per_floor":[77,71,71,70,55,77,70,31,31,31,31,54,54,54,54,19,77,50,40,40,23,6,29,20,20,20,6,0],"gold":154,"neow_bonus":"TEN_PERCENT_HP_BONUS","is_prod":false,"is_daily":false,"chose_seed":false,"campfire_upgraded":0,"win_rate":0,"timestamp":1565506314,"path_taken":["M","M","?","M","?","R","?","E","T","M","?","R","M","M","R","BOSS","M","M","$","M","M","R","M","?","T","M","M"],"build_version":"2019-07-17","purchased_purges":0,"victory":false,"max_hp_per_floor":[77,77,77,77,77,77,77,77,77,77,77,77,77,77,77,77,77,77,77,77,77,77,77,77,77,77,77,77],"card_choices":[{"not_picked":["Cloak And Dagger","Concentrate"],"picked":"Backflip","floor":1.0},{"not_picked":["Calculated Gamble","Caltrops"],"picked":"Noxious Fumes","floor":2.0},{"not_picked":["Underhanded Strike","PiercingWail"],"picked":"Caltrops","floor":4.0},{"not_picked":["Dagger Spray","Blade Dance"],"picked":"PiercingWail","floor":8.0},{"not_picked":["All Out Attack","Cloak And Dagger"],"picked":"Poisoned Stab","floor":10.0},{"not_picked":["PiercingWail","Dash"],"picked":"Catalyst","floor":13.0},{"not_picked":["Concentrate","Slice"],"picked":"Caltrops","floor":14.0},{"not_picked":["Phantasmal Killer","Unload"],"picked":"Envenom","floor":16.0},{"not_picked":["Accuracy+1","Bane+1"],"picked":"Cloak And Dagger","floor":18.0},{"not_picked":["Underhanded Strike","Prepared"],"picked":"Expertise","floor":19.0},{"not_picked":["Endless Agony","Cloak And Dagger"],"picked":"Deadly Poison+1","floor":21.0},{"not_picked":["Backflip","Flying Knee"],"picked":"Bullet Time","floor":22.0},{"not_picked":["Outmaneuver","Cloak And Dagger"],"picked":"Deflect","floor":24.0}],"player_experience":352794,"relics_obtained":[{"floor":8.0,"key":"Ancient Tea Set"},{"floor":9.0,"key":"Tiny Chest"},{"floor":26.0,"key":"Darkstone Periapt"}],"event_choices":[{"damage_healed":0.0,"max_hp_gain":0.0,"max_hp_loss":0.0,"gold_gain":0.0,"event_name":"Big Fish","player_choice":"Box","floor":3.0,"gold_loss":0.0,"damage_taken":0.0,"relics_obtained":["Juzu Bracelet"],"cards_obtained":["Regret"]},{"damage_healed":0.0,"max_hp_gain":0.0,"max_hp_loss":0.0,"gold_gain":0.0,"event_name":"Shining Light","player_choice":"Entered Light","floor":5.0,"gold_loss":0.0,"damage_taken":15.0,"cards_upgraded":["Noxious Fumes","Survivor"]},{"cards_removed":["Regret"],"damage_healed":0.0,"max_hp_gain":0.0,"max_hp_loss":0.0,"gold_gain":0.0,"event_name":"Golden Wing","player_choice":"Card Removal","floor":7.0,"gold_loss":0.0,"damage_taken":7.0}],"is_beta":false,"boss_relics":[{"not_picked":["Orrery","White Beast Statue"],"picked":"Pandora\u0027s Box"}],"items_purged_floors":[],"is_endless":false,"potions_floor_spawned":[4,8,10,14,16,18,22,24],"killed_by":"Snake Plant","ascension_level":1}