{"gold_per_floor":[115,18,18,37,37,37,47,47,74,84,114,125,136,9,9,109,109,119,131,30,45,45,45,45,45,45,55,66,66,80,80],"floor_reached":31,"playtime":3298,"items_purged":[],"score":239,"play_id":"7f85a5fc-ca93-4206-ae64-d205e4da4afe","local_time":"20190721133641","is_ascension_mode":false,"campfire_choices":[{"data":"Enlightenment","floor":6.0,"key":"SMITH"},{"data":"Distraction","floor":8.0,"key":"SMITH"},{"floor":15.0,"key":"REST"},{"floor":23,"key":"REST"},{"floor":25,"key":"REST"},{"floor":29,"key":"REST"}],"neow_cost":"NONE","seed_source_timestamp":13771331930394,"circlet_count":0,"master_deck":["Strike_G","Strike_G","Strike_G","Strike_G","Strike_G","Defend_G","Defend_G","Defend_G","Defend_G","Defend_G+1","Survivor","Neutralize","Endless Agony","Enlightenment+1","Terror+1","Distraction+1","Calculated Gamble","Escape Plan+1","Bullet Time+1","Deadly Poison+1","Noxious Fumes","Deadly Poison+1","Adrenaline+1","Slice+1","Deflect+1","Well Laid Plans","Dash","Infinite Blades+1","Pain","Night Terror+1","Writhe","Deadly Poison+1","PiercingWail+1","Dodge and Roll+1"],"special_seed":0,"relics":["Ring of the Snake","Oddly Smooth Stone","Tough Bandages","War Paint","Toxic Egg 2","Cursed Key","Frozen Egg 2","Shuriken"],"potions_floor_usage":[16,16,16],"damage_taken":[{"damage":0.0,"enemies":"2 Louse","floor":1.0,"turns":3.0},{"damage":0.0,"enemies":"Cultist","floor":4.0,"turns":4.0},{"damage":1.0,"enemies":"Small Slimes","floor":7.0,"turns":4.0},{"damage":6.0,"enemies":"Exordium Thugs","floor":10.0,"turns":6.0},{"damage":39.0,"enemies":"3 Sentries","floor":11.0,"turns":13.0},{"damage":0.0,"enemies":"2 Fungi Beasts","floor":12.0,"turns":5.0},{"damage":12.0,"enemies":"Gremlin Gang","floor":13.0,"turns":11.0},{"damage":27,"enemies":"Slime Boss","floor":16,"turns":9},{"damage":2,"enemies":"Shell Parasite","floor":18,"turns":5},{"damage":15,"enemies":"3 Byrds","floor":19,"turns":4},{"damage":33,"enemies":"Centurion and Healer","floor":21,"turns":9},{"damage":11,"enemies":"Chosen and Byrds","floor":27,"turns":6},{"damage":13,"enemies":"Snake Plant","floor":28,"turns":4},{"damage":39,"enemies":"Cultist and Chosen","floor":30,"turns":7},{"damage":25,"enemies":"3 Cultists","floor":31,"turns":4}],"seed_played":"-6932571994012815524","potions_obtained":[{"floor":7.0,"key":"AttackPotion"},{"floor":12.0,"key":"Explosive Potion"},{"floor":13.0,"key":"Swift Potion"},{"floor":27,"key":"FearPotion"},{"floor":28,"key":"SkillPotion"}],"is_trial":false,"path_per_floor":["M","$","?","M","?","R","M","R","T","M","E","M","M","$","R","B",null,"M","M","$","M","T","R","?","R","T","M","M","R","M","M"],"character_chosen":"THE_SILENT","items_purchased":["Enlightenment","Noxious Fumes","Deadly Poison+1","Well Laid Plans","Dash"],"campfire_rested":4,"item_purchase_floors":[2,14,14,20,20],"current_hp_per_floor":[70,70,67,67,67,67,66,66,66,60,21,21,9,9,30,3,70,68,53,53,20,20,41,41,62,62,51,38,59,20,0],"gold":80,"neow_bonus":"RANDOM_COMMON_RELIC","is_prod":false,"is_daily":false,"chose_seed":false,"campfire_upgraded":2,"win_rate":0.0,"timestamp":1563709001,"path_taken":["M","$","?","M","?","R","M","R","T","M","E","M","M","$","R","BOSS","M","M","$","M","?","R","?","R","T","M","M","R","?","M"],"build_version":"2019-07-17","purchased_purges":0,"victory":false,"max_hp_per_floor":[70,70,70,70,70,70,70,70,70,70,70,70,70,70,70,70,70,70,70,70,70,70,70,70,70,70,70,70,70,70,70],"card_choices":[{"not_picked":["Poisoned Stab","Sucker Punch"],"picked":"Endless Agony","floor":1.0},{"not_picked":["Predator","Flying Knee"],"picked":"Terror","floor":4.0},{"not_picked":["Outmaneuver","Poisoned Stab"],"picked":"Distraction","floor":7.0},{"not_picked":["Blade Dance","Heel Hook"],"picked":"Calculated Gamble","floor":10.0},{"not_picked":["Cloak And Dagger","Slice"],"picked":"Escape Plan","floor":11.0},{"not_picked":["Caltrops","Dodge and Roll+1"],"picked":"Bullet Time+1","floor":12.0},{"not_picked":["Escape Plan+1","Cloak And Dagger+1"],"picked":"Deadly Poison+1","floor":13.0},{"not_picked":["Night Terror+1","Die Die Die"],"picked":"Adrenaline+1","floor":16},{"not_picked":["Dagger Spray","Flying Knee"],"picked":"Slice+1","floor":18},{"not_picked":["Outmaneuver+1","Blur+1"],"picked":"Deflect+1","floor":19},{"not_picked":["Cloak And Dagger+1","Setup+1"],"picked":"Infinite Blades+1","floor":21},{"not_picked":["Slice+1","Underhanded Strike+1"],"picked":"Deadly Poison+1","floor":27},{"not_picked":["Dodge and Roll+1","Tactician+1"],"picked":"PiercingWail+1","floor":28},{"not_picked":["Die Die Die","Deadly Poison+1"],"picked":"Dodge and Roll+1","floor":30}],"player_experience":160214,"relics_obtained":[{"floor":9.0,"key":"War Paint"},{"floor":11.0,"key":"Toxic Egg 2"},{"floor":22,"key":"Frozen Egg 2"},{"floor":26,"key":"Shuriken"}],"event_choices":[{"damage_healed":0.0,"max_hp_gain":0.0,"max_hp_loss":0.0,"gold_gain":0.0,"event_name":"Scrap Ooze","player_choice":"Success","floor":3.0,"gold_loss":0.0,"damage_taken":3.0,"relics_obtained":["Tough Bandages"]},{"damage_healed":0.0,"max_hp_gain":0.0,"max_hp_loss":0.0,"gold_gain":0.0,"event_name":"Purifier","player_choice":"Ignored","floor":5.0,"gold_loss":0.0,"damage_taken":0.0},{"damage_healed":0,"gold_gain":0,"player_choice":"1 cards matched","damage_taken":0,"max_hp_gain":0,"max_hp_loss":0,"event_name":"Match and Keep!","floor":24,"gold_loss":0,"cards_obtained":["Night Terror"]}],"is_beta":false,"boss_relics":[{"not_picked":["Runic Pyramid","Calling Bell"],"picked":"Cursed Key"}],"items_purged_floors":[],"is_endless":false,"potions_floor_spawned":[7,12,13,27,28],"killed_by":"3 Cultists","ascension_level":0}