{"gold_per_floor":[116,126,137,137,19,19,39,39,39,54,86,86,86,98,98,203,203,215,11,111,126,139,139,139,139,139,139,139,154,31,31],"floor_reached":31,"playtime":2419,"items_purged":[],"score":260,"play_id":"38f9382a-2e7f-4bee-9331-077ee5face22","local_time":"20190721113452","is_ascension_mode":false,"campfire_choices":[{"data":"Noxious Fumes","floor":6,"key":"SMITH"},{"floor":13,"key":"REST"},{"floor":15,"key":"REST"},{"floor":23,"key":"REST"},{"floor":27,"key":"DIG"}],"neow_cost":"NONE","seed_source_timestamp":7609013943453,"circlet_count":0,"master_deck":["Strike_G","Strike_G","Strike_G","Strike_G","Strike_G","Defend_G","Defend_G","Defend_G","Defend_G","Defend_G","Survivor","Neutralize","Deflect","Outmaneuver","Terror","Escape Plan","Noxious Fumes+1","Deadly Poison","Footwork","Escape Plan","Escape Plan","Cloak And Dagger","Bullet Time","Accuracy+1","Good Instincts","Footwork+1","Distraction","Cloak And Dagger","Blur","Dodge and Roll","Infinite Blades+1","Backflip"],"relics":["Ring of the Serpent","Art of War","Shuriken","Frozen Egg 2","Shovel","Letter Opener"],"potions_floor_usage":[],"damage_taken":[{"damage":0,"enemies":"2 Louse","floor":1,"turns":3},{"damage":2,"enemies":"Small Slimes","floor":2,"turns":7},{"damage":1,"enemies":"Jaw Worm","floor":3,"turns":4},{"damage":3,"enemies":"Exordium Wildlife","floor":7,"turns":4},{"damage":5,"enemies":"Red Slaver","floor":10,"turns":5},{"damage":19,"enemies":"Lagavulin","floor":11,"turns":9},{"damage":11,"enemies":"Exordium Thugs","floor":14,"turns":5},{"damage":26,"enemies":"Slime Boss","floor":16,"turns":13},{"damage":0,"enemies":"Shell Parasite","floor":18,"turns":7},{"damage":9,"enemies":"Spheric Guardian","floor":21,"turns":6},{"damage":2,"enemies":"Centurion and Healer","floor":22,"turns":5},{"damage":14,"enemies":"Cultist and Chosen","floor":29,"turns":9},{"damage":43,"enemies":"Slavers","floor":31,"turns":2}],"seed_played":"3984606626040008077","potions_obtained":[{"floor":3,"key":"PowerPotion"},{"floor":11,"key":"EssenceOfSteel"},{"floor":16,"key":"LiquidBronze"}],"is_trial":false,"path_per_floor":["M","M","M","?","$","R","M","?","T","M","E","T","R","M","R","B",null,"M","$","?","M","M","R","?","?","T","R","?","M","$","E"],"character_chosen":"THE_SILENT","items_purchased":["Noxious Fumes","Deadly Poison","Good Instincts","Footwork+1","Distraction","Infinite Blades+1","Backflip"],"campfire_rested":3,"item_purchase_floors":[5,5,19,19,19,30,30],"current_hp_per_floor":[70,68,67,67,67,67,64,64,64,59,40,40,61,50,70,44,70,70,70,70,61,59,70,54,54,54,54,54,40,40,0],"gold":31,"neow_bonus":"THREE_CARDS","is_prod":false,"is_daily":false,"chose_seed":false,"campfire_upgraded":1,"win_rate":0.0,"timestamp":1563701692,"path_taken":["M","M","M","?","$","R","M","?","T","M","E","?","R","?","R","BOSS","M","$","?","M","?","R","?","?","T","R","?","?","$","E"],"build_version":"2019-07-17","purchased_purges":0,"victory":false,"max_hp_per_floor":[70,70,70,70,70,70,70,70,70,70,70,70,70,70,70,70,70,70,70,70,70,70,70,70,70,70,70,70,70,70,70],"card_choices":[{"not_picked":["Choke","Catalyst"],"picked":"Deflect","floor":0},{"not_picked":["Underhanded Strike","Flechettes"],"picked":"Outmaneuver","floor":1},{"not_picked":["Cloak And Dagger","Finisher"],"picked":"Terror","floor":2},{"not_picked":["Dagger Throw","Skewer"],"picked":"Escape Plan","floor":3},{"not_picked":["Backflip","Unload"],"picked":"Footwork","floor":7},{"not_picked":["Blade Dance","Dagger Spray"],"picked":"Escape Plan","floor":10},{"not_picked":["Blade Dance","Calculated Gamble"],"picked":"Escape Plan","floor":11},{"not_picked":["Flying Knee","Backflip"],"picked":"Cloak And Dagger","floor":14},{"not_picked":["Venomology","Die Die Die"],"picked":"Bullet Time","floor":16},{"not_picked":["Slice","Tactician"],"picked":"Accuracy+1","floor":18},{"not_picked":["Backstab","Prepared"],"picked":"Cloak And Dagger","floor":21},{"not_picked":["Backflip","Expertise"],"picked":"Blur","floor":22},{"not_picked":["Prepared","Quick Slash"],"picked":"Dodge and Roll","floor":29}],"player_experience":155211,"relics_obtained":[{"floor":9,"key":"Art of War"},{"floor":11,"key":"Shuriken"},{"floor":12,"key":"Frozen Egg 2"},{"floor":26,"key":"Shovel"},{"floor":27,"key":"Letter Opener"}],"event_choices":[{"damage_healed":0,"gold_gain":0,"player_choice":"Ignored","damage_taken":0,"max_hp_gain":0,"max_hp_loss":0,"event_name":"Golden Idol","floor":4,"gold_loss":0},{"damage_healed":0,"gold_gain":0,"player_choice":"Ignored","damage_taken":0,"max_hp_gain":0,"max_hp_loss":0,"event_name":"Liars Game","floor":8,"gold_loss":0},{"damage_healed":0,"gold_gain":100,"player_choice":"Pray","damage_taken":0,"max_hp_gain":0,"max_hp_loss":0,"event_name":"Golden Shrine","floor":20,"gold_loss":0},{"damage_healed":0,"gold_gain":0,"player_choice":"Obtained Book","damage_taken":16,"max_hp_gain":0,"max_hp_loss":0,"event_name":"Cursed Tome","floor":24,"gold_loss":0},{"damage_healed":0,"gold_gain":0,"player_choice":"Ignored","damage_taken":0,"max_hp_gain":0,"max_hp_loss":0,"event_name":"Vampires","floor":25,"gold_loss":0},{"damage_healed":0,"gold_gain":0,"player_choice":"Ignored","damage_taken":0,"max_hp_gain":0,"max_hp_loss":0,"event_name":"N\u0027loth","floor":28,"gold_loss":0}],"is_beta":false,"boss_relics":[{"not_picked":["Coffee Dripper","Runic Dome"],"picked":"Ring of the Serpent"}],"items_purged_floors":[],"is_endless":false,"potions_floor_spawned":[3,11,16,18,22,29],"killed_by":"Slavers","ascension_level":0}