{"gold_per_floor":[116,136,1,11,28,28,28,59,59,59,59,76,76,76,76,179,179,189,203,203,214,31,31,44,72,72,72],"floor_reached":27,"playtime":1073,"items_purged":[],"score":323,"play_id":"d31a39f7-8e17-4b94-88bf-0926c09e0d9a","local_time":"20190116201907","is_ascension_mode":true,"campfire_choices":[{"data":"Immolate","floor":6,"key":"SMITH"},{"data":"Uppercut","floor":10,"key":"SMITH"},{"data":"Dark Embrace","floor":13,"key":"SMITH"},{"data":"Fiend Fire","floor":15,"key":"SMITH"},{"data":"Transmutation","floor":23,"key":"SMITH"}],"neow_cost":"NONE","seed_source_timestamp":3630042184067120,"circlet_count":0,"master_deck":["Bash","Fiend Fire+1","Dual Wield","Feel No Pain","Impervious+1","Uppercut+1","Headbutt","Entrench","Clothesline","Shrug It Off","Infernal Blade+1","Heavy Blade","Immolate+1","Shrug It Off","Uppercut+1","Warcry","Dark Embrace+1","Juggernaut","Sever Soul","Transmutation+1"],"relics":["Pandora\u0027s Box","Boot","Blood Vial","Philosopher\u0027s Stone","Enchiridion","Singing Bowl"],"potions_floor_usage":[24,24,24],"damage_taken":[{"damage":0,"enemies":"Cultist","floor":1,"turns":4},{"damage":3,"enemies":"Small Slimes","floor":2,"turns":4},{"damage":0,"enemies":"Jaw Worm","floor":4,"turns":4},{"damage":0,"enemies":"2 Fungi Beasts","floor":5,"turns":3},{"damage":14,"enemies":"Gremlin Nob","floor":8,"turns":4},{"damage":3,"enemies":"Blue Slaver","floor":12,"turns":3},{"damage":32,"enemies":"The Guardian","floor":16,"turns":8},{"damage":14,"enemies":"Chosen","floor":18,"turns":3},{"damage":11,"enemies":"2 Thieves","floor":19,"turns":3},{"damage":1,"enemies":"Centurion and Healer","floor":21,"turns":4},{"damage":30,"enemies":"3 Cultists","floor":24,"turns":4},{"damage":0,"enemies":"Gremlin Leader","floor":25,"turns":3},{"damage":22,"enemies":"Sentry and Sphere","floor":27,"turns":3}],"seed_played":"-948425762829764385","potions_obtained":[{"floor":1,"key":"Explosive Potion"},{"floor":4,"key":"Explosive Potion"},{"floor":8,"key":"Regen Potion"},{"floor":18,"key":"PowerPotion"},{"floor":24,"key":"Ancient Potion"}],"is_trial":false,"path_per_floor":["M","M","$","M","M","R","$","E","T","R","?","M","R","?","R","B",null,"M","M","?","M","$","R","M","E","T","M"],"character_chosen":"IRONCLAD","items_purchased":["Immolate","Transmutation"],"campfire_rested":0,"item_purchase_floors":[3,22],"current_hp_per_floor":[80,77,77,77,77,77,77,63,63,63,63,62,62,46,46,16,64,52,43,27,28,28,28,5,9,9,0],"gold":72,"neow_bonus":"BOSS_RELIC","is_prod":false,"is_daily":false,"chose_seed":false,"campfire_upgraded":5,"win_rate":0,"timestamp":1547687947,"path_taken":["M","M","$","M","?","R","$","E","T","R","?","M","R","?","R","BOSS","M","M","?","M","$","R","M","E","T","M"],"build_version":"2019-01-10","purchased_purges":0,"victory":false,"max_hp_per_floor":[80,80,80,80,80,80,80,80,80,80,80,80,80,80,80,80,80,80,80,80,80,80,80,80,82,82,82],"card_choices":[{"not_picked":["Intimidate","Bloodletting"],"picked":"Infernal Blade","floor":1},{"not_picked":["Iron Wave","Dropkick"],"picked":"Heavy Blade","floor":2},{"not_picked":["Flex","Pommel Strike"],"picked":"Shrug It Off","floor":4},{"not_picked":["Evolve","Sever Soul"],"picked":"Uppercut","floor":5},{"not_picked":["Flex","Cleave"],"picked":"Warcry","floor":8},{"not_picked":["Pommel Strike","Combust"],"picked":"Dark Embrace","floor":12},{"not_picked":["Barricade","Brutality"],"picked":"Juggernaut","floor":16},{"not_picked":["Headbutt+1","Body Slam","Power Through"],"picked":"SKIP","floor":18},{"not_picked":["Flex","Intimidate","Pommel Strike"],"picked":"SKIP","floor":19},{"not_picked":["Sword Boomerang","Combust"],"picked":"Sever Soul","floor":21},{"not_picked":["Iron Wave","Twin Strike","Headbutt"],"picked":"SKIP","floor":24},{"not_picked":["Entrench","Feed","Metallicize"],"picked":"Singing Bowl","floor":25}],"player_experience":249888,"relics_obtained":[{"floor":8,"key":"Boot"},{"floor":9,"key":"Blood Vial"},{"floor":20,"key":"Enchiridion"},{"floor":25,"key":"Singing Bowl"}],"event_choices":[{"damage_healed":0,"gold_gain":0,"player_choice":"Grow","damage_taken":0,"max_hp_gain":0,"max_hp_loss":0,"event_name":"Living Wall","floor":11,"gold_loss":0,"cards_upgraded":["Uppercut"]},{"damage_healed":0,"gold_gain":0,"player_choice":"Entered Light","damage_taken":16,"max_hp_gain":0,"max_hp_loss":0,"event_name":"Shining Light","floor":14,"gold_loss":0,"cards_upgraded":["Infernal Blade","Impervious"]},{"damage_healed":0,"gold_gain":0,"player_choice":"Obtained Book","damage_taken":16,"max_hp_gain":0,"max_hp_loss":0,"event_name":"Cursed Tome","floor":20,"gold_loss":0}],"is_beta":false,"boss_relics":[{"not_picked":["Empty Cage","Runic Pyramid"],"picked":"Philosopher\u0027s Stone"}],"items_purged_floors":[],"is_endless":false,"potions_floor_spawned":[1,4,8,12,18,21,24],"killed_by":"Sentry and Sphere","ascension_level":5}