{"gold_per_floor":[109,109,34,47,64,98,98,113,113,133,146,146,46,73,73,173,173,187,62,75,0,0],"floor_reached":22,"playtime":2607,"items_purged":["Defend_G","Defend_G","Reflex"],"score":274,"play_id":"f4d0fd94-4c7e-4cef-a7de-71fac08822f1","local_time":"20181105201830","is_ascension_mode":true,"campfire_choices":[{"floor":7,"key":"REST"},{"floor":15,"key":"REST"}],"neow_cost":"NONE","seed_source_timestamp":2245955860917800,"circlet_count":0,"master_deck":["Defend_G","Defend_G","Defend_G","Strike_G","Strike_G","Strike_G","Strike_G","Survivor","Neutralize","Backflip","Prepared","Backflip","Acrobatics","Quick Slash+1","Adrenaline","Noxious Fumes+1","Deflect"],"relics":["Ring of the Snake","Regal Pillow","Vajra","Incense Burner","Molten Egg 2","Art of War","White Beast Statue"],"potions_floor_usage":[14,14,20,22,22],"damage_taken":[{"damage":4,"enemies":"Small Slimes","floor":1,"turns":5},{"damage":0,"enemies":"2 Louse","floor":4,"turns":2},{"damage":0,"enemies":"Jaw Worm","floor":5,"turns":5},{"damage":37,"enemies":"3 Sentries","floor":6,"turns":12},{"damage":1,"enemies":"Looter","floor":8,"turns":5},{"damage":12,"enemies":"3 Louse","floor":10,"turns":4},{"damage":6,"enemies":"Exordium Thugs","floor":11,"turns":5},{"damage":3,"enemies":"Gremlin Nob","floor":14,"turns":5},{"damage":49,"enemies":"The Guardian","floor":16,"turns":21},{"damage":11,"enemies":"3 Byrds","floor":18,"turns":8},{"damage":5,"enemies":"Spheric Guardian","floor":20,"turns":7},{"damage":1,"enemies":"Colosseum Slavers","floor":22,"turns":6},{"damage":44,"enemies":"Colosseum Nobs","floor":22,"turns":3}],"seed_played":"1687329959518807599","potions_obtained":[{"floor":8,"key":"Block Potion"},{"floor":10,"key":"Ancient Potion"},{"floor":11,"key":"FearPotion"},{"floor":18,"key":"Block Potion"},{"floor":20,"key":"Swift Potion"}],"is_trial":false,"path_per_floor":["M","?","$","M","M","E","R","M","T","M","M","?","$","E","R","B",null,"M","$","M","?","?"],"character_chosen":"THE_SILENT","items_purchased":[],"campfire_rested":2,"item_purchase_floors":[],"current_hp_per_floor":[59,56,56,56,56,19,55,54,54,42,36,36,36,33,69,20,58,47,47,42,42,0],"gold":0,"neow_bonus":"RANDOM_COMMON_RELIC","is_prod":false,"is_daily":false,"chose_seed":false,"campfire_upgraded":0,"win_rate":0,"timestamp":1541420310,"path_taken":["M","?","$","M","M","E","R","M","T","M","M","?","$","E","R","BOSS","M","$","M","?","?"],"build_version":"2018-11-01","purchased_purges":3,"victory":false,"max_hp_per_floor":[70,70,70,70,70,70,70,70,70,70,70,70,70,70,70,70,70,70,70,70,70,70],"card_choices":[{"not_picked":["Underhanded Strike","Riddle With Holes"],"picked":"Backflip","floor":1},{"not_picked":["Setup","Accuracy","Flying Knee"],"picked":"SKIP","floor":4},{"not_picked":["Poisoned Stab","Infinite Blades"],"picked":"Prepared","floor":5},{"not_picked":["Leg Sweep","Skewer"],"picked":"Backflip","floor":6},{"not_picked":["Outmaneuver","Blade Dance"],"picked":"Acrobatics","floor":8},{"not_picked":["Caltrops","Bane+1","Crippling Poison"],"picked":"SKIP","floor":10},{"not_picked":["Tools of the Trade","Infinite Blades"],"picked":"Reflex","floor":11},{"not_picked":["Masterful Stab+1","Leg Sweep"],"picked":"Quick Slash+1","floor":14},{"not_picked":["Bullet Time","Night Terror"],"picked":"Adrenaline","floor":16},{"not_picked":["Poisoned Stab+1","Accuracy"],"picked":"Noxious Fumes+1","floor":18},{"not_picked":["Masterful Stab+1","Flying Knee+1"],"picked":"Deflect","floor":20}],"player_experience":570847,"relics_obtained":[{"floor":6,"key":"Incense Burner"},{"floor":9,"key":"Molten Egg 2"},{"floor":14,"key":"Art of War"}],"event_choices":[{"damage_healed":0,"gold_gain":0,"player_choice":"Success","damage_taken":3,"relics_obtained":["Vajra"],"max_hp_gain":0,"max_hp_loss":0,"event_name":"Scrap Ooze","floor":2,"gold_loss":0},{"damage_healed":0,"gold_gain":0,"player_choice":"Searched \u00270\u0027 times","damage_taken":0,"max_hp_gain":0,"max_hp_loss":0,"event_name":"Dead Adventurer","floor":12,"gold_loss":0},{"cards_removed":["Strike_G"],"damage_healed":0,"gold_gain":0,"player_choice":"Gave Gold","damage_taken":0,"max_hp_gain":0,"max_hp_loss":0,"event_name":"Beggar","floor":21,"gold_loss":75},{"damage_healed":0,"gold_gain":0,"player_choice":"Fight","damage_taken":0,"max_hp_gain":0,"max_hp_loss":0,"event_name":"Colosseum","floor":22,"gold_loss":0},{"damage_healed":0,"gold_gain":0,"player_choice":"Fought Nobs","damage_taken":0,"max_hp_gain":0,"max_hp_loss":0,"event_name":"Colosseum","floor":22,"gold_loss":0}],"is_beta":false,"boss_relics":[{"not_picked":["Philosopher\u0027s Stone","Eternal Feather"],"picked":"White Beast Statue"}],"items_purged_floors":[3,13,19],"is_endless":false,"potions_floor_spawned":[8,10,11,18,20,22],"killed_by":"Colosseum Nobs","ascension_level":8}