{"gold_per_floor":[115,130,130,145,25,25,25,45,127,202,215,253,268,38,38,168,168,183,208,221,221],"floor_reached":21,"playtime":3047,"items_purged":["Strike_B","Strike_B"],"score":229,"play_id":"5ac336d2-bebd-4410-bd75-dadb63982b80","local_time":"20190122150237","is_ascension_mode":true,"campfire_choices":[{"data":"Redo","floor":6,"key":"SMITH"},{"data":"Capacitor","floor":15,"key":"SMITH"}],"neow_cost":"NONE","seed_source_timestamp":4127485152002529,"circlet_count":0,"master_deck":["Strike_B","Strike_B","Defend_B","Defend_B","Defend_B","Defend_B","Zap","Dualcast","Sweeping Beam","Sweeping Beam+1","Redo+1","Self Repair","Skim","Electrodynamics","Coolheaded","Capacitor+1","Coolheaded","Creative AI","Conserve Battery","Sweeping Beam+1"],"relics":["Nuclear Battery","Golden Idol","Pantograph","Strawberry","Cursed Key"],"potions_floor_usage":[12,16,19],"damage_taken":[{"damage":1,"enemies":"2 Louse","floor":1,"turns":3},{"damage":3,"enemies":"Jaw Worm","floor":2,"turns":4},{"damage":1,"enemies":"Cultist","floor":4,"turns":4},{"damage":3,"enemies":"Blue Slaver","floor":8,"turns":4},{"damage":1,"enemies":"Gremlin Gang","floor":11,"turns":4},{"damage":15,"enemies":"Lagavulin","floor":12,"turns":4},{"damage":8,"enemies":"Exordium Thugs","floor":13,"turns":3},{"damage":75,"enemies":"Hexaghost","floor":16,"turns":13},{"damage":46,"enemies":"2 Thieves","floor":18,"turns":5},{"damage":0,"enemies":"3 Byrds","floor":19,"turns":1},{"damage":14,"enemies":"Centurion and Healer","floor":20,"turns":6},{"damage":22,"enemies":"Chosen and Byrds","floor":21,"turns":4}],"seed_played":"-4264499810458547234","potions_obtained":[{"floor":8,"key":"AttackPotion"},{"floor":11,"key":"SteroidPotion"},{"floor":12,"key":"Regen Potion"},{"floor":18,"key":"Energy Potion"},{"floor":19,"key":"Energy Potion"}],"is_trial":false,"path_per_floor":["M","M","?","M","$","R","?","M","T","?","M","E","M","$","R","B",null,"M","M","M","M"],"character_chosen":"DEFECT","items_purchased":["Redo","Capacitor","Coolheaded"],"campfire_rested":0,"item_purchase_floors":[5,14,14],"current_hp_per_floor":[74,71,53,52,52,52,52,49,49,42,48,47,46,46,46,12,65,26,26,19,0],"gold":221,"neow_bonus":"BOSS_RELIC","is_prod":false,"is_daily":false,"chose_seed":false,"campfire_upgraded":2,"win_rate":0,"timestamp":1548187357,"path_taken":["M","M","?","M","$","R","?","?","T","?","M","E","?","$","R","BOSS","M","M","M","M"],"build_version":"2019-01-17v2","purchased_purges":2,"victory":false,"max_hp_per_floor":[75,75,75,75,75,75,75,75,75,75,75,82,82,82,82,82,82,82,82,82,82],"card_choices":[{"not_picked":["Gash","Streamline"],"picked":"Sweeping Beam","floor":1},{"not_picked":["Hologram","Turbo"],"picked":"Sweeping Beam","floor":2},{"not_picked":["Cold Snap","Tempest","Compile Driver"],"picked":"SKIP","floor":4},{"not_picked":["Conserve Battery","FTL"],"picked":"Self Repair","floor":8},{"not_picked":["Streamline","Coolheaded"],"picked":"Skim","floor":11},{"not_picked":["Compile Driver","Steam"],"picked":"Electrodynamics","floor":12},{"not_picked":["Sunder","Gash"],"picked":"Coolheaded","floor":13},{"not_picked":["Core Surge","All For One"],"picked":"Creative AI","floor":16},{"not_picked":["Glacier","Compile Driver+1"],"picked":"Conserve Battery","floor":18},{"not_picked":["Leap","Go for the Eyes"],"picked":"Sweeping Beam+1","floor":19},{"not_picked":["Streamline","Steam","BootSequence"],"picked":"SKIP","floor":20}],"player_experience":291472,"relics_obtained":[{"floor":9,"key":"Pantograph"},{"floor":12,"key":"Strawberry"}],"event_choices":[{"damage_healed":0,"gold_gain":0,"player_choice":"Take Damage","damage_taken":18,"relics_obtained":["Golden Idol"],"max_hp_gain":0,"max_hp_loss":0,"event_name":"Golden Idol","floor":3,"gold_loss":0},{"damage_healed":0,"gold_gain":0,"player_choice":"Forge","damage_taken":0,"max_hp_gain":0,"max_hp_loss":0,"event_name":"Accursed Blacksmith","floor":7,"gold_loss":0,"cards_upgraded":["Sweeping Beam"]},{"damage_healed":0,"gold_gain":75,"player_choice":"Touch","damage_taken":7,"max_hp_gain":0,"max_hp_loss":0,"event_name":"FaceTrader","floor":10,"gold_loss":0}],"is_beta":false,"boss_relics":[{"not_picked":["Orrery","Tiny House"],"picked":"Cursed Key"}],"items_purged_floors":[5,14],"is_endless":false,"potions_floor_spawned":[8,11,12,18,19],"killed_by":"Chosen and Byrds","ascension_level":5}