{"gold_per_floor":[115,67,67,20,20,20,32,43,66,66,82,99,126,126,126,225,225,239,252,60,72,72],"floor_reached":22,"playtime":1754,"items_purged":[],"score":205,"play_id":"21a6b619-5873-4c0d-af53-482b5710a0b4","local_time":"20190726165700","is_ascension_mode":true,"campfire_choices":[{"data":"Armaments","floor":6,"key":"SMITH"},{"floor":15,"key":"REST"}],"neow_cost":"NONE","seed_source_timestamp":6731307729537,"circlet_count":0,"master_deck":["Strike_R","Strike_R","Strike_R","Strike_R","Strike_R","Defend_R","Defend_R","Defend_R","Defend_R","Bash","Pommel Strike","Armaments","Armaments+1","Regret","Spot Weakness+1","Iron Wave","Berserk","Dual Wield","Limit Break","Ghostly Armor","Flex","Flex","Shrug It Off","Carnage","Headbutt","Infernal Blade+1","Discovery","Fire Breathing","Shrug It Off","Warcry"],"relics":["Burning Blood","Bird Faced Urn","Ancient Tea Set","Happy Flower","Orrery"],"potions_floor_usage":[],"damage_taken":[{"damage":7,"enemies":"Small Slimes","floor":1,"turns":3},{"damage":5,"enemies":"2 Louse","floor":7,"turns":4},{"damage":6,"enemies":"Jaw Worm","floor":8,"turns":4},{"damage":11,"enemies":"Looter","floor":11,"turns":4},{"damage":28,"enemies":"Lots of Slimes","floor":12,"turns":6},{"damage":28,"enemies":"3 Sentries","floor":13,"turns":8},{"damage":34,"enemies":"Slime Boss","floor":16,"turns":8},{"damage":28,"enemies":"Shell Parasite","floor":18,"turns":9},{"damage":27,"enemies":"Chosen","floor":19,"turns":5},{"damage":41,"enemies":"Snake Plant","floor":21,"turns":4},{"damage":16,"enemies":"Shelled Parasite and Fungi","floor":22,"turns":2}],"seed_played":"4301908540186147050","potions_obtained":[{"floor":0,"key":"Weak Potion"},{"floor":0,"key":"FairyPotion"},{"floor":7,"key":"Strength Potion"},{"floor":8,"key":"BloodPotion"},{"floor":21,"key":"Ancient Potion"}],"is_trial":false,"path_per_floor":["M","$","?","$","?","R","M","M","T","?","M","M","E","?","R","B",null,"M","M","$","M","M"],"character_chosen":"IRONCLAD","items_purchased":["Armaments","Armaments","Discovery","Fire Breathing","Shrug It Off"],"campfire_rested":1,"item_purchase_floors":[2,4,20,20,20],"current_hp_per_floor":[79,79,79,79,79,79,80,80,80,80,75,53,33,33,57,31,80,58,37,37,14,0],"gold":72,"neow_bonus":"THREE_SMALL_POTIONS","is_prod":false,"is_daily":false,"chose_seed":false,"campfire_upgraded":1,"win_rate":0,"timestamp":1564153020,"path_taken":["M","$","?","$","?","R","M","M","T","?","?","M","E","?","R","BOSS","M","M","$","M","M"],"build_version":"2019-07-17","purchased_purges":0,"victory":false,"max_hp_per_floor":[80,80,80,80,80,80,80,80,80,80,80,80,80,80,80,80,80,80,80,80,80,80],"card_choices":[{"not_picked":["Flame Barrier","Dropkick"],"picked":"Pommel Strike","floor":1},{"not_picked":["Iron Wave","Clash"],"picked":"Spot Weakness","floor":7},{"not_picked":["Havoc","Sever Soul","Clothesline"],"picked":"SKIP","floor":8},{"not_picked":["Pommel Strike","Disarm"],"picked":"Iron Wave","floor":11},{"not_picked":["Iron Wave","Sword Boomerang"],"picked":"Berserk","floor":12},{"not_picked":["Thunderclap","Shockwave"],"picked":"Dual Wield","floor":13},{"not_picked":["Fiend Fire","Exhume"],"picked":"Limit Break","floor":16},{"not_picked":["Body Slam","Perfected Strike"],"picked":"Ghostly Armor","floor":17},{"not_picked":["Disarm","Clash"],"picked":"Flex","floor":17},{"not_picked":["Clothesline","Uppercut"],"picked":"Flex","floor":17},{"not_picked":["Dropkick","Sword Boomerang"],"picked":"Shrug It Off","floor":17},{"not_picked":["Perfected Strike","True Grit"],"picked":"Carnage","floor":17},{"not_picked":["Entrench+1","Twin Strike+1"],"picked":"Headbutt","floor":18},{"not_picked":["Blood for Blood","Warcry"],"picked":"Infernal Blade+1","floor":19},{"not_picked":["Twin Strike","Entrench"],"picked":"Warcry","floor":21}],"player_experience":235083,"relics_obtained":[{"floor":9,"key":"Ancient Tea Set"},{"floor":13,"key":"Happy Flower"}],"event_choices":[{"damage_healed":0,"gold_gain":0,"player_choice":"Leave","damage_taken":0,"max_hp_gain":0,"max_hp_loss":0,"event_name":"The Cleric","floor":3,"gold_loss":0},{"damage_healed":0,"gold_gain":0,"player_choice":"Box","damage_taken":0,"relics_obtained":["Bird Faced Urn"],"max_hp_gain":0,"max_hp_loss":0,"event_name":"Big Fish","floor":5,"gold_loss":0,"cards_obtained":["Regret"]},{"damage_healed":0,"gold_gain":0,"player_choice":"Grow","damage_taken":0,"max_hp_gain":0,"max_hp_loss":0,"event_name":"Living Wall","floor":10,"gold_loss":0,"cards_upgraded":["Spot Weakness"]},{"damage_healed":0,"gold_gain":0,"player_choice":"Ignored","damage_taken":0,"max_hp_gain":0,"max_hp_loss":0,"event_name":"Transmorgrifier","floor":14,"gold_loss":0}],"is_beta":false,"boss_relics":[{"not_picked":["White Beast Statue","Coffee Dripper"],"picked":"Orrery"}],"items_purged_floors":[],"is_endless":false,"potions_floor_spawned":[7,8,13,16,21],"killed_by":"Shelled Parasite and Fungi","ascension_level":2}