{"gold_per_floor":[113,43,118,138,45,78,89,108,108,108,126,136,136,161,161,258,258,277,296,12,31,31,31,43,93,93,104,154,224,244,260,260,356,356,372,391,452,502,552,552,625,653,679,679,729,28,78,147,147,147],"floor_reached":50,"playtime":4490,"items_purged":["Writhe"],"score":623,"play_id":"31628e9b-f8a7-4f10-9c2c-7588f04cafb4","local_time":"20190809191903","is_ascension_mode":true,"campfire_choices":[{"floor":10.0,"key":"REST"},{"floor":15.0,"key":"RECALL"},{"floor":23.0,"key":"REST"},{"floor":32.0,"key":"REST"},{"data":"Creative AI","floor":40,"key":"SMITH"},{"floor":44,"key":"REST"},{"data":"Panache","floor":49,"key":"SMITH"}],"neow_cost":"NONE","seed_source_timestamp":35543855649532,"circlet_count":0,"master_deck":["Defend_B","Defend_B","Defend_B","Defend_B","Zap","Dualcast","Steam","Static Discharge","White Noise","Hello World","Leap","Conserve Battery+1","Self Repair","Turbo+1","Force Field+1","White Noise+1","Machine Learning","Conserve Battery+1","Barrage","Panache+1","Sunder","Tempest+1","Go for the Eyes+1","Loop","Bite","Bite","Bite","Bite","Bite","Go for the Eyes","Streamline+1","White Noise+1","Creative AI+1","Conserve Battery+1","Sunder+1","Parasite","Conserve Battery+1","Injury","Beam Cell+1","Clumsy","Conserve Battery+1","Good Instincts+1","Chrysalis+1","Self Repair","Clumsy","Go for the Eyes"],"special_seed":0,"relics":["Cracked Core","Toxic Egg 2","Meat on the Bone","Philosopher\u0027s Stone","SsserpentHead","Kunai","Shuriken","Cursed Key","Dream Catcher","Centennial Puzzle","Bag of Preparation","Happy Flower","Dodecahedron","Bottled Flame"],"potions_floor_usage":[33,33,42],"damage_taken":[{"damage":3.0,"enemies":"Small Slimes","floor":1.0,"turns":4.0},{"damage":2.0,"enemies":"Jaw Worm","floor":4.0,"turns":4.0},{"damage":31.0,"enemies":"Gremlin Nob","floor":6.0,"turns":5.0},{"damage":0.0,"enemies":"2 Louse","floor":7.0,"turns":4.0},{"damage":18.0,"enemies":"Exordium Thugs","floor":8.0,"turns":4.0},{"damage":4.0,"enemies":"3 Louse","floor":11.0,"turns":5.0},{"damage":0.0,"enemies":"Looter","floor":12.0,"turns":4.0},{"damage":27.0,"enemies":"The Guardian","floor":16.0,"turns":11.0},{"damage":18.0,"enemies":"Spheric Guardian","floor":18.0,"turns":4.0},{"damage":4.0,"enemies":"Chosen","floor":19.0,"turns":6.0},{"damage":19.0,"enemies":"Centurion and Healer","floor":21.0,"turns":7.0},{"damage":26.0,"enemies":"Sentry and Sphere","floor":27.0,"turns":5.0},{"damage":21.0,"enemies":"3 Cultists","floor":29.0,"turns":5.0},{"damage":34.0,"enemies":"Snake Plant","floor":30.0,"turns":5.0},{"damage":34.0,"enemies":"Shelled Parasite and Fungi","floor":31.0,"turns":5.0},{"damage":56,"enemies":"Collector","floor":33,"turns":8},{"damage":3,"enemies":"3 Shapes","floor":35,"turns":6},{"damage":9,"enemies":"Orb Walker","floor":36,"turns":4},{"damage":29,"enemies":"Writhing Mass","floor":37,"turns":10},{"damage":50,"enemies":"Nemesis","floor":42,"turns":7},{"damage":22,"enemies":"Jaw Worm Horde","floor":48,"turns":6},{"damage":66,"enemies":"Awakened One","floor":50,"turns":5}],"seed_played":"-1261983415300947870","potions_obtained":[{"floor":6.0,"key":"Block Potion"},{"floor":11.0,"key":"Strength Potion"},{"floor":12.0,"key":"AttackPotion"},{"floor":16.0,"key":"SkillPotion"},{"floor":18.0,"key":"Dexterity Potion"},{"floor":29.0,"key":"GamblersBrew"},{"floor":33,"key":"Explosive Potion"},{"floor":35,"key":"Regen Potion"},{"floor":48,"key":"Energy Potion"}],"is_trial":false,"path_per_floor":["M","$","?","M","$","E","M","M","T","R","M","M","?","T","R","B",null,"M","M","$","M","?","R","$","?","T","M","T","M","M","M","R","B",null,"M","M","M","?","?","R","T","E","T","R","?","$","T","M","R","B"],"character_chosen":"DEFECT","items_purchased":["Static Discharge","Hello World","Leap","Panache","Sunder","Tempest+1","Loop","Happy Flower","Dodecahedron","Chrysalis+1","Self Repair"],"campfire_rested":4,"item_purchase_floors":[2,5,5,20,20,20,24,46,46,46,46],"current_hp_per_floor":[79,79,68,66,66,35,35,24,24,48,51,58,58,58,58,50,82,71,74,74,62,62,82,82,57,57,46,46,38,31,24,41,22,57,57,57,45,57,57,57,57,46,46,57,57,57,57,53,53,0],"gold":147,"neow_bonus":"TEN_PERCENT_HP_BONUS","is_prod":false,"is_daily":false,"chose_seed":false,"campfire_upgraded":2,"win_rate":0,"timestamp":1565371143,"path_taken":["M","$","?","M","$","E","M","M","T","R","M","M","?","?","R","BOSS","M","M","$","M","?","R","?","?","T","M","?","?","M","M","R","BOSS","M","M","?","?","?","R","?","E","T","R","?","$","?","?","R","BOSS"],"build_version":"2019-07-17","purchased_purges":1,"victory":false,"max_hp_per_floor":[82,82,82,82,82,82,82,82,82,82,82,82,82,82,82,82,82,82,82,82,82,82,82,82,57,57,57,57,57,57,57,57,57,57,57,57,57,57,57,57,57,57,57,57,57,57,57,57,57,57],"card_choices":[{"not_picked":["Sweeping Beam","Rebound"],"picked":"Steam","floor":1.0},{"not_picked":["Gash","Hologram"],"picked":"White Noise","floor":4.0},{"not_picked":["Barrage","Ball Lightning"],"picked":"Conserve Battery","floor":6.0},{"not_picked":["Gash","Glacier+1"],"picked":"Self Repair","floor":7.0},{"not_picked":["Steam+1","Beam Cell"],"picked":"Turbo+1","floor":8.0},{"not_picked":["Core Surge","Chill+1"],"picked":"Force Field+1","floor":11.0},{"not_picked":["Redo+1","Stack+1"],"picked":"White Noise+1","floor":12.0},{"not_picked":["Multi-Cast+1","Rainbow+1"],"picked":"Machine Learning","floor":16.0},{"not_picked":["Doom and Gloom","Gash+1"],"picked":"Conserve Battery+1","floor":18.0},{"not_picked":["Steam Power+1","Fusion+1"],"picked":"Barrage","floor":19.0},{"not_picked":["Cold Snap","Buffer"],"picked":"Go for the Eyes+1","floor":21.0},{"not_picked":["Ball Lightning","Compile Driver+1"],"picked":"Go for the Eyes","floor":27.0},{"not_picked":["Consume+1","Scrape"],"picked":"Streamline+1","floor":29.0},{"not_picked":["Lockon","Compile Driver","Coolheaded+1"],"picked":"SKIP","floor":30.0},{"not_picked":["Blizzard","Barrage"],"picked":"White Noise+1","floor":31.0},{"not_picked":["Hyperbeam","Amplify+1"],"picked":"Creative AI","floor":33},{"not_picked":["Double Energy+1","Barrage"],"picked":"Conserve Battery+1","floor":35},{"not_picked":["Rebound","Chaos+1"],"picked":"Sunder+1","floor":36},{"not_picked":["Beam Cell+1","Turbo+1"],"picked":"Conserve Battery+1","floor":37},{"not_picked":["Streamline","Compile Driver"],"picked":"Beam Cell+1","floor":42},{"not_picked":["BootSequence+1","Barrage"],"picked":"Conserve Battery+1","floor":44},{"not_picked":["Bandage Up+1","Secret Technique+1"],"picked":"Good Instincts+1","floor":45},{"not_picked":["Heatsinks","Turbo+1"],"picked":"Go for the Eyes","floor":48}],"player_experience":332407,"relics_obtained":[{"floor":6.0,"key":"Toxic Egg 2"},{"floor":9.0,"key":"Meat on the Bone"},{"floor":26.0,"key":"Kunai"},{"floor":28.0,"key":"Shuriken"},{"floor":41,"key":"Dream Catcher"},{"floor":42,"key":"Centennial Puzzle"},{"floor":43,"key":"Bag of Preparation"},{"floor":47,"key":"Bottled Flame"}],"event_choices":[{"damage_healed":0.0,"max_hp_gain":0.0,"max_hp_loss":0.0,"gold_gain":75.0,"event_name":"World of Goop","player_choice":"Gather Gold","floor":3.0,"gold_loss":0.0,"damage_taken":11.0},{"damage_healed":0.0,"max_hp_gain":0.0,"max_hp_loss":0.0,"gold_gain":0.0,"event_name":"The Cleric","player_choice":"Leave","floor":13.0,"gold_loss":0.0,"damage_taken":0.0},{"damage_healed":0.0,"max_hp_gain":0.0,"max_hp_loss":0.0,"gold_gain":0.0,"event_name":"FaceTrader","player_choice":"Trade","floor":22.0,"gold_loss":0.0,"damage_taken":0.0,"relics_obtained":["SsserpentHead"]},{"damage_healed":0.0,"max_hp_gain":0.0,"max_hp_loss":25.0,"gold_gain":0.0,"event_name":"Vampires","player_choice":"Became a vampire","floor":25.0,"gold_loss":0.0,"damage_taken":0.0,"cards_obtained":["Bite","Bite","Bite","Bite","Bite"]},{"damage_healed":14,"gold_gain":0,"player_choice":"Writhe","damage_taken":0,"max_hp_gain":0,"max_hp_loss":0,"event_name":"Winding Halls","floor":38,"gold_loss":0,"cards_obtained":["Writhe"]},{"damage_healed":0,"gold_gain":0,"player_choice":"Ignored","damage_taken":0,"max_hp_gain":0,"max_hp_loss":0,"event_name":"Tomb of Lord Red Mask","floor":39,"gold_loss":0},{"damage_healed":0,"gold_gain":0,"player_choice":"Memory 1","damage_taken":0,"max_hp_gain":0,"max_hp_loss":0,"event_name":"SensoryStone","floor":45,"gold_loss":0}],"is_beta":false,"boss_relics":[{"not_picked":["Eternal Feather","Orrery"],"picked":"Philosopher\u0027s Stone"},{"not_picked":["Velvet Choker","Tiny House"],"picked":"Cursed Key"}],"items_purged_floors":[46],"is_endless":false,"potions_floor_spawned":[6,11,12,16,18,19,29,33,35,48],"killed_by":"Awakened One","ascension_level":1}