{"gold_per_floor":[218,228,245,245,37,69,83,83,83,93,103,116,38,98,98,202,202,216,216,33,43,58,58,32,32,106,43,71,98,110,122,134,250,262,288,316,90,90,0,17,17,17,17,35,35,51,61,61,61,61],"floor_reached":50,"playtime":6201,"items_purged":[],"score":471,"play_id":"bab3f71e-6579-419f-bad9-2e261781c9a9","local_time":"20190803144917","is_ascension_mode":false,"campfire_choices":[{"floor":8.0,"key":"REST"},{"data":"Static Discharge","floor":15.0,"key":"SMITH"},{"floor":23.0,"key":"REST"},{"floor":30.0,"key":"REST"},{"floor":32.0,"key":"REST"},{"floor":42.0,"key":"REST"},{"floor":45.0,"key":"REST"},{"floor":49,"key":"REST"}],"neow_cost":"NONE","seed_source_timestamp":451677520428116,"circlet_count":0,"master_deck":["Strike_B","Strike_B","Strike_B","Strike_B","Defend_B","Defend_B","Defend_B","Zap","Heatsinks","Reinforced Body","Loop","Melter","Stack+1","Leap+1","Defragment","Chill","Conserve Battery","Go for the Eyes","Streamline","Hello World","Static Discharge+1","Thunder Strike","Static Discharge+1","Magnetism","Static Discharge","Streamline","Cold Snap","Shame","Streamline+1","Go for the Eyes+1","Creative AI","Gash+1","Auto Shields+1","Discovery","Defragment","Undo","Loop+1","Normality","Parasite","Reinforced Body+1","Hologram+1","Thunder Strike+1","Jack Of All Trades"],"special_seed":0,"relics":["Cracked Core","War Paint","Matryoshka","Cursed Key","Molten Egg 2","MawBank","Blue Candle","Fusion Hammer","Red Mask","Orichalcum","FossilizedHelix"],"potions_floor_usage":[47,47,50],"damage_taken":[{"damage":5.0,"enemies":"Small Slimes","floor":1.0,"turns":3.0},{"damage":0.0,"enemies":"Cultist","floor":2.0,"turns":4.0},{"damage":1.0,"enemies":"2 Louse","floor":3.0,"turns":3.0},{"damage":11.0,"enemies":"Lagavulin","floor":6.0,"turns":7.0},{"damage":11.0,"enemies":"Blue Slaver","floor":7.0,"turns":4.0},{"damage":1.0,"enemies":"Red Slaver","floor":10.0,"turns":4.0},{"damage":2.0,"enemies":"3 Louse","floor":11.0,"turns":4.0},{"damage":0.0,"enemies":"Looter","floor":12.0,"turns":4.0},{"damage":20.0,"enemies":"The Guardian","floor":16.0,"turns":9.0},{"damage":19.0,"enemies":"3 Byrds","floor":18.0,"turns":4.0},{"damage":20.0,"enemies":"2 Thieves","floor":21.0,"turns":3.0},{"damage":6.0,"enemies":"Snake Plant","floor":22.0,"turns":3.0},{"damage":19.0,"enemies":"Chosen and Byrds","floor":28.0,"turns":4.0},{"damage":37.0,"enemies":"Centurion and Healer","floor":29.0,"turns":6.0},{"damage":45.0,"enemies":"Champ","floor":33.0,"turns":10.0},{"damage":16.0,"enemies":"3 Shapes","floor":35.0,"turns":5.0},{"damage":27.0,"enemies":"3 Darklings","floor":36.0,"turns":4.0},{"damage":15.0,"enemies":"Maw","floor":40.0,"turns":8.0},{"damage":10.0,"enemies":"Writhing Mass","floor":44.0,"turns":7.0},{"damage":18.0,"enemies":"Transient","floor":46.0,"turns":5.0},{"damage":20,"enemies":"Jaw Worm Horde","floor":47,"turns":5},{"damage":33,"enemies":"Donu and Deca","floor":50,"turns":4}],"seed_played":"-4938524309421459380","potions_obtained":[{"floor":2.0,"key":"Dexterity Potion"},{"floor":7.0,"key":"Fire Potion"},{"floor":10.0,"key":"PowerPotion"},{"floor":11.0,"key":"FairyPotion"},{"floor":22.0,"key":"LiquidBronze"},{"floor":33.0,"key":"Fire Potion"},{"floor":36.0,"key":"Weak Potion"},{"floor":47,"key":"AttackPotion"}],"is_trial":false,"path_per_floor":["M","M","M","?","$","E","M","R","T","M","M","M","$","?","R","B",null,"M","?","$","M","M","R","$","?","T","?","M","M","R","?","R","B",null,"M","M","$","?","?","M","?","R","T","M","R","M","M","?","R","B"],"character_chosen":"DEFECT","items_purchased":["Melter","Stack","Leap","Defragment","Static Discharge","Magnetism","Cold Snap","Discovery","Defragment","Undo"],"campfire_rested":7,"item_purchase_floors":[5,5,5,5,13,20,24,37,37,37],"current_hp_per_floor":[70,70,69,69,69,58,47,69,69,68,66,66,66,66,66,46,75,56,56,56,36,30,52,52,52,52,52,33,7,29,29,51,6,75,59,32,32,32,32,17,17,38,38,28,49,31,11,11,32,0],"gold":61,"neow_bonus":"HUNDRED_GOLD","is_prod":false,"is_daily":false,"chose_seed":false,"campfire_upgraded":1,"win_rate":0.0,"timestamp":1564836557,"path_taken":["M","M","M","?","$","E","M","R","T","M","M","?","$","?","R","BOSS","M","?","$","?","M","R","$","?","T","?","M","M","R","?","R","BOSS","M","?","$","?","?","M","?","R","T","?","R","M","M","?","R","BOSS"],"build_version":"2019-07-17","purchased_purges":0,"victory":false,"max_hp_per_floor":[75,75,75,75,75,75,75,75,75,75,75,75,75,75,75,75,75,75,75,75,75,75,75,75,75,75,75,75,75,75,75,75,75,75,75,75,75,75,75,75,71,71,71,71,71,71,71,71,71,71],"card_choices":[{"not_picked":["Sweeping Beam","Barrage"],"picked":"Heatsinks","floor":1.0},{"not_picked":["Blizzard","Streamline"],"picked":"Reinforced Body","floor":2.0},{"not_picked":["Lockon","Redo"],"picked":"Loop","floor":3.0},{"not_picked":["Heatsinks","Conserve Battery"],"picked":"Chill","floor":6.0},{"not_picked":["Redo","Leap"],"picked":"Conserve Battery","floor":7.0},{"not_picked":["Beam Cell","Rip and Tear"],"picked":"Go for the Eyes","floor":10.0},{"not_picked":["Stack","Defragment"],"picked":"Streamline","floor":11.0},{"not_picked":["Force Field","Stack"],"picked":"Hello World","floor":12.0},{"not_picked":["Fission","Biased Cognition"],"picked":"Thunder Strike","floor":16.0},{"not_picked":["Reprogram","Barrage"],"picked":"Static Discharge","floor":18.0},{"not_picked":["Leap","Blizzard+1"],"picked":"Static Discharge","floor":21.0},{"not_picked":["Rebound","Rip and Tear"],"picked":"Streamline","floor":22.0},{"not_picked":["Steam","Barrage+1"],"picked":"Streamline+1","floor":28.0},{"not_picked":["Barrage+1","Heatsinks+1"],"picked":"Go for the Eyes+1","floor":29.0},{"not_picked":["Machine Learning","Rainbow"],"picked":"Creative AI","floor":33.0},{"not_picked":["Leap","Melter+1"],"picked":"Gash+1","floor":35.0},{"not_picked":["Ball Lightning+1","Fusion+1"],"picked":"Auto Shields+1","floor":36.0},{"not_picked":["Rebound+1","Cold Snap+1"],"picked":"Loop+1","floor":40.0},{"not_picked":["Hologram+1","Tempest"],"picked":"Reinforced Body+1","floor":44.0},{"not_picked":["Rip and Tear+1","Sweeping Beam+1"],"picked":"Hologram+1","floor":46.0},{"not_picked":["Stack+1","Chill+1"],"picked":"Thunder Strike+1","floor":47},{"not_picked":["Madness","Secret Technique"],"picked":"Jack Of All Trades","floor":48}],"player_experience":276369,"relics_obtained":[{"floor":6.0,"key":"War Paint"},{"floor":9.0,"key":"Matryoshka"},{"floor":26.0,"key":"MawBank"},{"floor":26.0,"key":"Blue Candle"},{"floor":43.0,"key":"Orichalcum"},{"floor":43.0,"key":"FossilizedHelix"}],"event_choices":[{"cards_removed":["Dualcast"],"damage_healed":0.0,"max_hp_gain":0.0,"max_hp_loss":0.0,"gold_gain":0.0,"event_name":"Bonfire Elementals","player_choice":"Offered Basic","floor":4.0,"gold_loss":0.0,"damage_taken":0.0},{"damage_healed":0.0,"max_hp_gain":0.0,"max_hp_loss":0.0,"gold_gain":60.0,"event_name":"Golden Wing","player_choice":"Gained Gold","floor":14.0,"gold_loss":0.0,"damage_taken":0.0},{"damage_healed":0.0,"max_hp_gain":0.0,"max_hp_loss":0.0,"gold_gain":0.0,"event_name":"Upgrade Shrine","player_choice":"Upgraded","floor":19.0,"gold_loss":0.0,"damage_taken":0.0,"cards_upgraded":["Static Discharge"]},{"damage_healed":0.0,"max_hp_gain":0.0,"max_hp_loss":0.0,"gold_gain":0.0,"event_name":"Addict","player_choice":"Stole Relic","floor":25.0,"gold_loss":0.0,"damage_taken":0.0,"relics_obtained":["Molten Egg 2"],"cards_obtained":["Shame"]},{"cards_removed":["Shame"],"damage_healed":0.0,"max_hp_gain":0.0,"max_hp_loss":0.0,"gold_gain":0.0,"event_name":"Beggar","player_choice":"Gave Gold","floor":27.0,"gold_loss":75.0,"damage_taken":0.0},{"cards_removed":["Iron Wave"],"damage_healed":0.0,"max_hp_gain":0.0,"max_hp_loss":0.0,"gold_gain":0.0,"event_name":"NoteForYourself","player_choice":"Took Card","floor":31.0,"gold_loss":0.0,"damage_taken":0.0,"cards_obtained":["Iron Wave"]},{"cards_removed":["Defend_B"],"damage_healed":0.0,"max_hp_gain":0.0,"max_hp_loss":0.0,"gold_gain":0.0,"event_name":"Falling","player_choice":"Removed Skill","floor":38.0,"gold_loss":0.0,"damage_taken":0.0},{"damage_healed":0.0,"max_hp_gain":0.0,"max_hp_loss":0.0,"gold_gain":0.0,"event_name":"Tomb of Lord Red Mask","player_choice":"Paid","floor":39.0,"gold_loss":90.0,"damage_taken":0.0,"relics_obtained":["Red Mask"]},{"damage_healed":0.0,"max_hp_gain":0.0,"max_hp_loss":4.0,"gold_gain":0.0,"event_name":"Winding Halls","player_choice":"Max HP","floor":41.0,"gold_loss":0.0,"damage_taken":0.0},{"damage_healed":0,"gold_gain":0,"player_choice":"Memory 1","damage_taken":0,"max_hp_gain":0,"max_hp_loss":0,"event_name":"SensoryStone","floor":48,"gold_loss":0}],"is_beta":false,"boss_relics":[{"not_picked":["Ectoplasm","White Beast Statue"],"picked":"Cursed Key"},{"not_picked":["Nuclear Battery","Empty Cage"],"picked":"Fusion Hammer"}],"items_purged_floors":[],"is_endless":false,"potions_floor_spawned":[2,7,10,11,16,22,33,36,46,47],"killed_by":"Donu and Deca","ascension_level":0}