{"gold_per_floor":[111,111,126,143,68,94,94,108,155,155],"floor_reached":10,"playtime":847,"items_purged":["Strike_R"],"score":82,"play_id":"fb66d7e2-8562-458b-a43c-d5e8fc463661","local_time":"20190818021220","is_ascension_mode":true,"campfire_choices":[],"neow_cost":"TEN_PERCENT_HP_LOSS","seed_source_timestamp":2176412753425200,"circlet_count":0,"master_deck":["Strike_R","Strike_R","Strike_R","Defend_R","Defend_R","Defend_R","Defend_R","Bash","Feed","Rupture","Metallicize","Dropkick"],"relics":["Burning Blood","Meat on the Bone","Bronze Scales"],"potions_floor_usage":[6,10],"damage_taken":[{"damage":6,"enemies":"Small Slimes","floor":1,"turns":4},{"damage":8,"enemies":"Jaw Worm","floor":3,"turns":4},{"damage":3,"enemies":"2 Louse","floor":4,"turns":6},{"damage":60,"enemies":"3 Sentries","floor":6,"turns":15},{"damage":16,"enemies":"Red Slaver","floor":8,"turns":6},{"damage":32,"enemies":"Gremlin Nob","floor":10,"turns":3}],"seed_played":"4569659409580637185","potions_obtained":[{"floor":4,"key":"GamblersBrew"},{"floor":8,"key":"SteroidPotion"}],"is_trial":false,"path_per_floor":["M","?","M","M","$","E","?","M","T","?"],"character_chosen":"IRONCLAD","items_purchased":[],"campfire_rested":0,"item_purchase_floors":[],"current_hp_per_floor":[75,68,69,75,75,21,21,23,23,0],"gold":155,"neow_bonus":"THREE_RARE_CARDS","is_prod":false,"is_daily":false,"chose_seed":false,"campfire_upgraded":0,"win_rate":0,"timestamp":1566065540,"path_taken":["M","?","M","M","$","E","?","M","T","?"],"build_version":"2019-07-17","purchased_purges":1,"victory":false,"max_hp_per_floor":[75,75,78,81,81,81,81,81,81,81],"card_choices":[{"not_picked":["Offering","Reaper"],"picked":"Feed","floor":0},{"not_picked":["Armaments","Clash","Wild Strike"],"picked":"SKIP","floor":1},{"not_picked":["Clothesline","Hemokinesis"],"picked":"Rupture","floor":3},{"not_picked":["Cleave","Uppercut","Anger"],"picked":"SKIP","floor":4},{"not_picked":["Cleave","Uppercut","Anger"],"picked":"SKIP","floor":4},{"not_picked":["Ghostly Armor","Infernal Blade"],"picked":"Metallicize","floor":6},{"not_picked":["Burning Pact","Flex"],"picked":"Dropkick","floor":8}],"player_experience":722292,"relics_obtained":[{"floor":6,"key":"Meat on the Bone"},{"floor":9,"key":"Bronze Scales"}],"event_choices":[{"cards_removed":["Strike_R"],"damage_healed":0,"gold_gain":0,"player_choice":"Card Removal","damage_taken":7,"max_hp_gain":0,"max_hp_loss":0,"event_name":"Golden Wing","floor":2,"gold_loss":0},{"damage_healed":0,"gold_gain":0,"player_choice":"Fled","damage_taken":0,"max_hp_gain":0,"max_hp_loss":0,"event_name":"Scrap Ooze","floor":7,"gold_loss":0},{"damage_healed":0,"gold_gain":0,"player_choice":"Searched \u00272\u0027 times","damage_taken":0,"max_hp_gain":0,"max_hp_loss":0,"event_name":"Dead Adventurer","floor":10,"gold_loss":0}],"is_beta":false,"boss_relics":[],"items_purged_floors":[5],"is_endless":false,"potions_floor_spawned":[4,8],"killed_by":"Gremlin Nob","ascension_level":4}