{"gold_per_floor":[118,6,6,6,26,52,71,89,89,89,89,120,120,150,150,246,246,257,47,61,71,85,97,97,97,123,140,154,185,196,216,216,317,317,330,346,356,217,228,262,262,55,55,55,0,0,11,11],"floor_reached":48,"playtime":3232,"items_purged":["Strike_B","Regret","Defend_B"],"score":633,"play_id":"1ea9e205-cd01-4aea-abbd-c12d30888dcd","local_time":"20190121213032","is_ascension_mode":true,"campfire_choices":[{"data":"Dualcast","floor":10,"key":"SMITH"},{"floor":13,"key":"REST"},{"data":"Scrape","floor":15,"key":"SMITH"},{"data":"Coolheaded","floor":25,"key":"SMITH"},{"floor":32,"key":"REST"},{"data":"Fission","floor":41,"key":"SMITH"},{"floor":44,"key":"RECALL"}],"neow_cost":"NONE","seed_source_timestamp":4064171325549092,"circlet_count":0,"master_deck":["Strike_B","Defend_B+1","Defend_B+1","Defend_B","Zap+1","Dualcast+1","Gash","Scrape+1","BootSequence","Aggregate","Genetic Algorithm","Chill","Scrape+1","Reboot","Reinforced Body+1","Coolheaded+1","Redo+1","Beam Cell+1","Gash+1","Redo","White Noise","Chill","Creative AI","Coolheaded","Stack+1","Hello World+1","Heatsinks","Fission+1","Skim","Heatsinks","Pain","Defragment+1"],"relics":["Runic Dome","Mercury Hourglass","War Paint","Dodecahedron","Centennial Puzzle","Whetstone","Lizard Tail","TheAbacus","Strawberry","Dead Branch","Cursed Key","Gambling Chip","Red Mask"],"potions_floor_usage":[12,16,33,33,47],"damage_taken":[{"damage":7,"enemies":"Jaw Worm","floor":1,"turns":3},{"damage":1,"enemies":"2 Louse","floor":5,"turns":2},{"damage":21,"enemies":"Gremlin Nob","floor":6,"turns":4},{"damage":3,"enemies":"Cultist","floor":7,"turns":4},{"damage":0,"enemies":"3 Louse","floor":8,"turns":2},{"damage":22,"enemies":"Lagavulin","floor":12,"turns":6},{"damage":14,"enemies":"3 Sentries","floor":14,"turns":7},{"damage":22,"enemies":"Slime Boss","floor":16,"turns":6},{"damage":6,"enemies":"2 Thieves","floor":18,"turns":3},{"damage":2,"enemies":"Spheric Guardian","floor":20,"turns":4},{"damage":10,"enemies":"Shelled Parasite and Fungi","floor":21,"turns":5},{"damage":11,"enemies":"Centurion and Healer","floor":22,"turns":7},{"damage":3,"enemies":"Snake Plant","floor":23,"turns":7},{"damage":5,"enemies":"Shelled Parasite and Fungi","floor":27,"turns":7},{"damage":3,"enemies":"Centurion and Healer","floor":28,"turns":4},{"damage":6,"enemies":"Slavers","floor":29,"turns":6},{"damage":9,"enemies":"Snecko","floor":30,"turns":8},{"damage":5,"enemies":"Shelled Parasite and Fungi","floor":31,"turns":3},{"damage":42,"enemies":"Automaton","floor":33,"turns":11},{"damage":8,"enemies":"3 Darklings","floor":35,"turns":5},{"damage":0,"enemies":"Orb Walker","floor":36,"turns":3},{"damage":3,"enemies":"Sphere and 2 Shapes","floor":37,"turns":5},{"damage":0,"enemies":"4 Shapes","floor":39,"turns":4},{"damage":45,"enemies":"Reptomancer","floor":40,"turns":6},{"damage":33,"enemies":"Maw","floor":47,"turns":9},{"damage":35,"enemies":"Writhing Mass","floor":48,"turns":2}],"seed_played":"1674223343450162366","potions_obtained":[{"floor":6,"key":"FairyPotion"},{"floor":7,"key":"Swift Potion"},{"floor":12,"key":"Regen Potion"},{"floor":14,"key":"AttackPotion"},{"floor":16,"key":"Fire Potion"},{"floor":36,"key":"SkillPotion"},{"floor":47,"key":"Regen Potion"}],"is_trial":false,"path_per_floor":["M","$","?","?","M","E","M","M","T","R","?","E","R","E","R","B",null,"M","$","M","M","M","M","?","R","T","M","M","E","M","M","R","B",null,"M","M","M","$","M","E","R","$","T","R","?","?","M","M"],"character_chosen":"DEFECT","items_purchased":["Scrape","TheAbacus","Heatsinks","Heatsinks"],"campfire_rested":2,"item_purchase_floors":[2,19,38,42],"current_hp_per_floor":[68,68,68,68,67,46,43,43,43,43,43,21,43,29,29,7,58,52,52,50,40,29,26,26,26,33,28,25,19,10,5,29,2,62,54,54,51,51,51,6,6,6,6,6,6,6,35,0],"gold":11,"neow_bonus":"BOSS_RELIC","is_prod":false,"is_daily":false,"chose_seed":false,"campfire_upgraded":4,"win_rate":0,"timestamp":1548124232,"path_taken":["M","$","?","?","M","E","?","M","T","R","?","E","R","E","R","BOSS","M","$","?","M","M","M","?","R","T","M","M","E","M","M","R","BOSS","M","M","?","$","M","E","R","?","T","R","?","?","M","M"],"build_version":"2019-01-17v2","purchased_purges":3,"victory":false,"max_hp_per_floor":[75,75,75,75,75,75,75,75,75,75,75,75,75,75,75,75,75,75,75,75,75,75,75,75,75,82,82,82,82,82,82,82,82,82,82,82,82,82,82,82,82,82,82,82,82,82,82,82],"card_choices":[{"not_picked":["Go for the Eyes","Cold Snap"],"picked":"Gash","floor":1},{"not_picked":["Sunder","Compile Driver"],"picked":"BootSequence","floor":5},{"not_picked":["Turbo","Streamline","Leap"],"picked":"SKIP","floor":6},{"not_picked":["FTL","Glacier","Barrage"],"picked":"SKIP","floor":7},{"not_picked":["Stack","Force Field"],"picked":"Aggregate","floor":8},{"not_picked":["Undo","Steam"],"picked":"Chill","floor":12},{"not_picked":["Self Repair","Ball Lightning"],"picked":"Scrape","floor":14},{"not_picked":["Amplify","Rainbow"],"picked":"Reboot","floor":16},{"not_picked":["Ball Lightning+1","Conserve Battery"],"picked":"Reinforced Body+1","floor":18},{"not_picked":["Sweeping Beam","Streamline"],"picked":"Coolheaded","floor":20},{"not_picked":["Hologram","Double Energy"],"picked":"Redo","floor":21},{"not_picked":["Heatsinks","Compile Driver","Undo"],"picked":"SKIP","floor":22},{"not_picked":["Leap+1","Blizzard"],"picked":"Beam Cell+1","floor":23},{"not_picked":["Double Energy","Cold Snap"],"picked":"Gash+1","floor":27},{"not_picked":["Doom and Gloom+1","Biased Cognition"],"picked":"Redo","floor":28},{"not_picked":["Barrage","Streamline","Cold Snap"],"picked":"SKIP","floor":29},{"not_picked":["Auto Shields","Loop"],"picked":"White Noise","floor":30},{"not_picked":["Stack","Self Repair"],"picked":"Chill","floor":31},{"not_picked":["Hyperbeam","Buffer"],"picked":"Creative AI","floor":33},{"not_picked":["Beam Cell+1","Auto Shields"],"picked":"Coolheaded","floor":35},{"not_picked":["Leap+1","Coolheaded"],"picked":"Stack+1","floor":36},{"not_picked":["Sweeping Beam+1","Beam Cell+1"],"picked":"Hello World+1","floor":37},{"not_picked":["Go for the Eyes","Rip and Tear"],"picked":"Fission","floor":39},{"not_picked":["Hello World","Conserve Battery"],"picked":"Skim","floor":40},{"not_picked":["Consume","Streamline+1"],"picked":"Defragment+1","floor":47}],"player_experience":286655,"relics_obtained":[{"floor":6,"key":"War Paint"},{"floor":9,"key":"Dodecahedron"},{"floor":12,"key":"Centennial Puzzle"},{"floor":14,"key":"Whetstone"},{"floor":26,"key":"Strawberry"},{"floor":29,"key":"Dead Branch"},{"floor":40,"key":"Gambling Chip"}],"event_choices":[{"damage_healed":0,"gold_gain":0,"player_choice":"Box","damage_taken":0,"relics_obtained":["Mercury Hourglass"],"max_hp_gain":0,"max_hp_loss":0,"event_name":"Big Fish","floor":3,"gold_loss":0,"cards_obtained":["Regret"]},{"damage_healed":0,"gold_gain":0,"player_choice":"Upgraded","damage_taken":0,"max_hp_gain":0,"max_hp_loss":0,"event_name":"Upgrade Shrine","floor":4,"gold_loss":0,"cards_upgraded":["Zap"]},{"damage_healed":0,"gold_gain":0,"cards_transformed":["Strike_B"],"player_choice":"Transformed","damage_taken":0,"max_hp_gain":0,"max_hp_loss":0,"event_name":"Transmorgrifier","floor":11,"gold_loss":0,"cards_obtained":["Genetic Algorithm"]},{"damage_healed":0,"gold_gain":0,"player_choice":"Upgraded","damage_taken":0,"max_hp_gain":0,"max_hp_loss":0,"event_name":"Upgrade Shrine","floor":24,"gold_loss":0,"cards_upgraded":["Redo"]},{"damage_healed":0,"gold_gain":0,"player_choice":"Paid","damage_taken":0,"relics_obtained":["Red Mask"],"max_hp_gain":0,"max_hp_loss":0,"event_name":"Tomb of Lord Red Mask","floor":45,"gold_loss":55},{"cards_removed":["Strike_B"],"damage_healed":0,"gold_gain":0,"player_choice":"Removed Attack","damage_taken":0,"max_hp_gain":0,"max_hp_loss":0,"event_name":"Falling","floor":46,"gold_loss":0}],"is_beta":false,"boss_relics":[{"not_picked":["Busted Crown","Snecko Eye"],"picked":"Lizard Tail"},{"not_picked":["Black Star","Astrolabe"],"picked":"Cursed Key"}],"items_purged_floors":[2,38,42],"is_endless":false,"potions_floor_spawned":[6,7,12,14,16,18,20,23,28,36,47],"killed_by":"Writhing Mass","ascension_level":5}