{"gold_per_floor":[110,110,130,149,160,160,185,185,185,214,214,233,43,53,53,148,198,209,228,67,78,78,90,90,109,109,109],"floor_reached":27,"playtime":2110,"items_purged":["Strike_B"],"score":306,"play_id":"7f5d8581-9a9d-4d94-8bb1-93dee54521c7","local_time":"20190819165143","is_ascension_mode":true,"campfire_choices":[{"data":"Steam","floor":6,"key":"SMITH"},{"floor":8,"key":"REST"},{"floor":11,"key":"REST"},{"floor":15,"key":"REST"}],"neow_cost":"NONE","seed_source_timestamp":23301982078671,"circlet_count":0,"master_deck":["Strike_B","Defend_B","Defend_B","Defend_B","Defend_B","Zap","Dualcast","Sunder","Barrage","Steam+1","Capacitor+1","Auto Shields","Cold Snap","Hello World","Echo Form","Loop","Glacier","Cold Snap","Blizzard","Electrodynamics"],"relics":["Cracked Core","Bag of Marbles","Blood Vial","Ornamental Fan","Tiny House","Prayer Wheel"],"potions_floor_usage":[1,4,5,5,5,10,16,18,19,21,27],"damage_taken":[{"damage":0,"enemies":"Jaw Worm","floor":1,"turns":4},{"damage":0,"enemies":"Cultist","floor":3,"turns":3},{"damage":0,"enemies":"2 Louse","floor":4,"turns":2},{"damage":6,"enemies":"Lots of Slimes","floor":5,"turns":3},{"damage":35,"enemies":"3 Sentries","floor":7,"turns":7},{"damage":33,"enemies":"Gremlin Nob","floor":10,"turns":4},{"damage":6,"enemies":"2 Fungi Beasts","floor":12,"turns":3},{"damage":7,"enemies":"Exordium Thugs","floor":14,"turns":4},{"damage":47,"enemies":"Hexaghost","floor":16,"turns":11},{"damage":17,"enemies":"Chosen","floor":18,"turns":9},{"damage":23,"enemies":"Spheric Guardian","floor":19,"turns":5},{"damage":11,"enemies":"Snake Plant","floor":21,"turns":8},{"damage":13,"enemies":"Centurion and Healer","floor":23,"turns":9},{"damage":6,"enemies":"Snecko","floor":25,"turns":9},{"damage":29,"enemies":"Snake Plant","floor":27,"turns":5}],"seed_played":"-5509363756402316889","potions_obtained":[{"floor":0,"key":"EssenceOfSteel"},{"floor":0,"key":"LiquidBronze"},{"floor":0,"key":"Fruit Juice"},{"floor":3,"key":"SteroidPotion"},{"floor":4,"key":"SkillPotion"},{"floor":5,"key":"FearPotion"},{"floor":14,"key":"Swift Potion"},{"floor":17,"key":"Regen Potion"},{"floor":18,"key":"GamblersBrew"},{"floor":19,"key":"EssenceOfSteel"},{"floor":23,"key":"SteroidPotion"}],"is_trial":false,"path_per_floor":["M","?","M","M","M","R","E","R","T","E","R","M","$","M","R","B",null,"M","M","$","M","?","M","?","M","T","M"],"character_chosen":"DEFECT","items_purchased":["Cold Snap","Hello World","Glacier","Cold Snap","Blizzard"],"campfire_rested":3,"item_purchase_floors":[13,13,20,20,20],"current_hp_per_floor":[68,68,68,73,67,67,32,56,56,25,49,45,45,40,64,19,70,69,48,48,39,39,28,28,24,24,0],"gold":109,"neow_bonus":"THREE_SMALL_POTIONS","is_prod":false,"is_daily":false,"chose_seed":false,"campfire_upgraded":1,"win_rate":0,"timestamp":1566229903,"path_taken":["M","?","M","?","M","R","E","R","T","E","R","M","$","M","R","BOSS","M","M","$","M","?","M","?","M","T","M"],"build_version":"2019-07-17","purchased_purges":1,"victory":false,"max_hp_per_floor":[75,75,75,80,80,80,80,80,80,80,80,80,80,80,80,80,85,85,85,85,85,85,85,85,85,85,85],"card_choices":[{"not_picked":["Hologram","Turbo"],"picked":"Sunder","floor":1},{"not_picked":["Compile Driver","Streamline"],"picked":"Barrage","floor":3},{"not_picked":["Turbo","Beam Cell"],"picked":"Steam","floor":4},{"not_picked":["Chaos","Recycle","Double Energy"],"picked":"SKIP","floor":5},{"not_picked":["Meteor Strike","Stack"],"picked":"Capacitor","floor":7},{"not_picked":["Rebound","Sweeping Beam","Beam Cell"],"picked":"SKIP","floor":10},{"not_picked":["Gash","Redo"],"picked":"Auto Shields","floor":12},{"not_picked":["Sunder","Static Discharge","Compile Driver"],"picked":"SKIP","floor":14},{"not_picked":["Core Surge","Buffer"],"picked":"Echo Form","floor":16},{"not_picked":["Heatsinks","Self Repair+1"],"picked":"Loop","floor":18},{"not_picked":["Redo","Fusion","Beam Cell+1"],"picked":"SKIP","floor":19},{"not_picked":["Compile Driver","Rebound","Barrage"],"picked":"SKIP","floor":21},{"not_picked":["Self Repair","Go for the Eyes+1"],"picked":"Electrodynamics","floor":23},{"not_picked":["Skim","Compile Driver+1","Lockon"],"picked":"SKIP","floor":25}],"player_experience":449600,"relics_obtained":[{"floor":7,"key":"Bag of Marbles"},{"floor":9,"key":"Blood Vial"},{"floor":10,"key":"Ornamental Fan"},{"floor":26,"key":"Prayer Wheel"}],"event_choices":[{"cards_removed":["Strike_B"],"damage_healed":0,"gold_gain":0,"player_choice":"Card Removal","damage_taken":0,"max_hp_gain":0,"max_hp_loss":0,"event_name":"Wheel of Change","floor":2,"gold_loss":0},{"damage_healed":0,"gold_gain":0,"player_choice":"Ignored","damage_taken":0,"max_hp_gain":0,"max_hp_loss":0,"event_name":"Ghosts","floor":22,"gold_loss":0},{"cards_removed":["Strike_B"],"damage_healed":0,"gold_gain":0,"player_choice":"Offered Basic","damage_taken":0,"max_hp_gain":0,"max_hp_loss":0,"event_name":"Bonfire Elementals","floor":24,"gold_loss":0}],"is_beta":false,"boss_relics":[{"not_picked":["Velvet Choker","Ectoplasm"],"picked":"Tiny House"}],"items_purged_floors":[13],"is_endless":false,"potions_floor_spawned":[3,4,5,14,18,19,23],"killed_by":"Snake Plant","ascension_level":7}