{"gold_per_floor":[113,126,126,144,156,156],"floor_reached":6,"playtime":762,"items_purged":[],"score":42,"play_id":"a9046bb6-0e7e-443d-a4f2-cdf53107930f","local_time":"20190815091858","is_ascension_mode":true,"campfire_choices":[],"neow_cost":"NONE","seed_source_timestamp":4551304650699,"circlet_count":0,"master_deck":["Strike_G","Strike_G","Strike_G","Strike_G","Strike_G","Defend_G","Defend_G","Defend_G","Defend_G","Survivor","Neutralize","Escape Plan","Backflip","Acrobatics","Dodge and Roll","Deadly Poison","Slice","Backflip","Well Laid Plans","Poisoned Stab"],"special_seed":0,"relics":["Orrery"],"potions_floor_usage":[5,6],"damage_taken":[{"damage":0.0,"enemies":"Small Slimes","floor":1.0,"turns":3.0},{"damage":0.0,"enemies":"Cultist","floor":2.0,"turns":5.0},{"damage":1,"enemies":"2 Louse","floor":4,"turns":3},{"damage":28,"enemies":"Gremlin Gang","floor":5,"turns":8},{"damage":57,"enemies":"Gremlin Nob","floor":6,"turns":4}],"seed_played":"-5783798049260956278","potions_obtained":[{"floor":2.0,"key":"Weak Potion"},{"floor":5,"key":"Fire Potion"}],"is_trial":false,"path_per_floor":["M","M","?","M","M","E"],"character_chosen":"THE_SILENT","items_purchased":[],"campfire_rested":0,"item_purchase_floors":[],"current_hp_per_floor":[70,70,63,62,34,0],"gold":156,"neow_bonus":"BOSS_RELIC","is_prod":false,"is_daily":false,"chose_seed":false,"campfire_upgraded":0,"win_rate":0,"timestamp":1565853538,"path_taken":["M","M","?","M","M","E"],"build_version":"2019-07-17","purchased_purges":0,"victory":false,"max_hp_per_floor":[70,70,70,70,70,70],"card_choices":[{"not_picked":["Slice","Quick Slash"],"picked":"Escape Plan","floor":0.0},{"not_picked":["Skewer","PiercingWail"],"picked":"Backflip","floor":0.0},{"not_picked":["Eviscerate","Dagger Spray"],"picked":"Acrobatics","floor":0.0},{"not_picked":["Tools of the Trade","Reflex"],"picked":"Dodge and Roll","floor":0.0},{"not_picked":["Sucker Punch","Calculated Gamble"],"picked":"Deadly Poison","floor":0.0},{"not_picked":["Cloak And Dagger","Blade Dance"],"picked":"Slice","floor":1.0},{"not_picked":["Sucker Punch","Underhanded Strike"],"picked":"Backflip","floor":2.0},{"not_picked":["Concentrate","Sucker Punch"],"picked":"Well Laid Plans","floor":4},{"not_picked":["Grand Finale","All Out Attack"],"picked":"Poisoned Stab","floor":5}],"player_experience":374136,"relics_obtained":[],"event_choices":[{"cards_removed":["Defend_G"],"damage_healed":0.0,"max_hp_gain":0.0,"max_hp_loss":0.0,"gold_gain":0.0,"event_name":"Golden Wing","player_choice":"Card Removal","floor":3.0,"gold_loss":0.0,"damage_taken":7.0}],"is_beta":false,"boss_relics":[],"items_purged_floors":[],"is_endless":false,"potions_floor_spawned":[2,5],"killed_by":"Gremlin Nob","ascension_level":2}