{"gold_per_floor":[109,122,5,17,37,65,65,127,127,127,138,138,164,180,180,278,278,298,78,88,115,115,142,153,153,228,258,258,258],"floor_reached":29,"playtime":3488,"items_purged":[],"score":297,"play_id":"69f8219f-1a1b-42bc-b456-c7be1c37cb6e","local_time":"20190711125846","is_ascension_mode":true,"campfire_choices":[{"floor":10,"key":"REST"},{"data":"Metallicize","floor":12,"key":"SMITH"},{"data":"Armaments","floor":15,"key":"SMITH"},{"floor":25,"key":"REST"}],"neow_cost":"NONE","seed_source_timestamp":20736413465692,"circlet_count":0,"master_deck":["Strike_R","Strike_R","Strike_R","Strike_R","Strike_R","Defend_R","Defend_R","Defend_R","Defend_R","Bash","Headbutt","Rage","Metallicize+1","Pommel Strike","Hemokinesis","Headbutt","Dual Wield+1","Anger","Rampage","Dual Wield","Armaments+1","Barricade","Sword Boomerang","Metallicize","Ghostly Armor","Shrug It Off","Pommel Strike","Metallicize+1","Armaments","Fiend Fire","Iron Wave+1","Rage"],"relics":["Burning Blood","Pen Nib","Tiny Chest","Regal Pillow","Mercury Hourglass","Mark of Pain","Lantern","Anchor","Bottled Flame","Frozen Egg 2"],"potions_floor_usage":[],"damage_taken":[{"damage":10,"enemies":"Small Slimes","floor":1,"turns":4},{"damage":1,"enemies":"Cultist","floor":2,"turns":4},{"damage":6,"enemies":"Jaw Worm","floor":4,"turns":4},{"damage":18,"enemies":"Exordium Thugs","floor":5,"turns":8},{"damage":32,"enemies":"Lagavulin","floor":6,"turns":8},{"damage":26,"enemies":"3 Sentries","floor":8,"turns":14},{"damage":6,"enemies":"3 Louse","floor":11,"turns":2},{"damage":11,"enemies":"Lagavulin","floor":13,"turns":6},{"damage":5,"enemies":"Looter","floor":14,"turns":2},{"damage":14,"enemies":"Slime Boss","floor":16,"turns":11},{"damage":0,"enemies":"Chosen","floor":18,"turns":4},{"damage":10,"enemies":"3 Byrds","floor":20,"turns":6},{"damage":65,"enemies":"Book of Stabbing","floor":23,"turns":11},{"damage":13,"enemies":"Centurion and Healer","floor":24,"turns":7},{"damage":43,"enemies":"Gremlin Leader","floor":27,"turns":12},{"damage":26,"enemies":"Chosen and Byrds","floor":29,"turns":5}],"seed_played":"1470832163159255840","potions_obtained":[{"floor":2,"key":"LiquidBronze"},{"floor":5,"key":"FearPotion"},{"floor":8,"key":"Weak Potion"},{"floor":13,"key":"Strength Potion"}],"is_trial":false,"path_per_floor":["M","M","$","M","M","E","?","E","T","R","M","R","E","M","R","B",null,"M","$","M","T","?","E","M","R","T","E","T","M"],"character_chosen":"IRONCLAD","items_purchased":["Metallicize","Pommel Strike","Metallicize","Ghostly Armor","Shrug It Off","Pommel Strike"],"campfire_rested":2,"item_purchase_floors":[3,3,19,19,19,19],"current_hp_per_floor":[84,88,88,88,76,50,50,30,30,71,71,71,66,67,67,59,88,88,88,84,84,84,25,18,59,59,22,22,0],"gold":258,"neow_bonus":"TEN_PERCENT_HP_BONUS","is_prod":false,"is_daily":false,"chose_seed":false,"campfire_upgraded":2,"win_rate":0,"timestamp":1562842726,"path_taken":["M","M","$","M","M","E","?","E","T","R","M","R","E","M","R","BOSS","M","$","M","?","?","E","M","R","T","E","?","M"],"build_version":"2019-07-05","purchased_purges":0,"victory":false,"max_hp_per_floor":[88,88,88,88,88,88,88,88,88,88,88,88,88,88,88,88,88,88,88,88,88,88,88,88,88,88,88,88,88],"card_choices":[{"not_picked":["Clothesline","True Grit"],"picked":"Headbutt","floor":1},{"not_picked":["Twin Strike","Reckless Charge"],"picked":"Rage","floor":2},{"not_picked":["Warcry","Power Through"],"picked":"Hemokinesis","floor":4},{"not_picked":["Corruption","Offering"],"picked":"Headbutt","floor":5},{"not_picked":["Sword Boomerang","Fire Breathing"],"picked":"Dual Wield","floor":6},{"not_picked":["Warcry","Shrug It Off"],"picked":"Anger","floor":8},{"not_picked":["True Grit","Pommel Strike"],"picked":"Rampage","floor":11},{"not_picked":["Bludgeon","Sword Boomerang"],"picked":"Dual Wield","floor":13},{"not_picked":["Wild Strike","Anger"],"picked":"Armaments","floor":14},{"not_picked":["Bludgeon","Impervious"],"picked":"Barricade","floor":16},{"not_picked":["Intimidate","Warcry"],"picked":"Sword Boomerang","floor":18},{"not_picked":["Anger","Clothesline"],"picked":"Metallicize+1","floor":20},{"not_picked":["Bloodletting","Wild Strike"],"picked":"Fiend Fire","floor":23},{"not_picked":["Body Slam","Thunderclap"],"picked":"Iron Wave+1","floor":24},{"not_picked":["Flex","Reckless Charge"],"picked":"Rage","floor":27}],"player_experience":78147,"relics_obtained":[{"floor":6,"key":"Pen Nib"},{"floor":8,"key":"Tiny Chest"},{"floor":9,"key":"Regal Pillow"},{"floor":13,"key":"Mercury Hourglass"},{"floor":21,"key":"Lantern"},{"floor":23,"key":"Anchor"},{"floor":26,"key":"Bottled Flame"},{"floor":28,"key":"Frozen Egg 2"}],"event_choices":[{"damage_healed":0,"gold_gain":0,"player_choice":"Upgraded","damage_taken":0,"max_hp_gain":0,"max_hp_loss":0,"event_name":"Upgrade Shrine","floor":7,"gold_loss":0,"cards_upgraded":["Dual Wield"]},{"damage_healed":0,"gold_gain":0,"player_choice":"Read","damage_taken":0,"max_hp_gain":0,"max_hp_loss":0,"event_name":"The Library","floor":22,"gold_loss":0,"cards_obtained":["Armaments"]}],"is_beta":false,"boss_relics":[{"not_picked":["Eternal Feather","Snecko Eye"],"picked":"Mark of Pain"}],"items_purged_floors":[],"is_endless":false,"potions_floor_spawned":[2,5,8,13,14,18,24,27],"killed_by":"Chosen and Byrds","ascension_level":1}