{"gold_per_floor":[114,132,57,57,5,5,5,50,88,100,131,113],"floor_reached":12,"playtime":5265,"items_purged":[],"score":84,"play_id":"2067cb9c-33fc-4e72-a57c-522535936dee","local_time":"20190820193518","is_ascension_mode":true,"campfire_choices":[{"floor":6,"key":"RECALL"}],"neow_cost":"NONE","seed_source_timestamp":35419070237217,"circlet_count":0,"master_deck":["Strike_G","Strike_G","Strike_G","Strike_G","Strike_G","Defend_G","Defend_G","Defend_G","Defend_G","Defend_G","Survivor","Neutralize","Setup","Endless Agony","Infinite Blades","Poisoned Stab","Regret","Envenom","Injury"],"special_seed":0,"relics":["Ring of the Snake","Juzu Bracelet","MawBank","Ancient Tea Set","Golden Idol"],"potions_floor_usage":[8],"damage_taken":[{"damage":3.0,"enemies":"2 Louse","floor":1.0,"turns":4.0},{"damage":4.0,"enemies":"Cultist","floor":2.0,"turns":5.0},{"damage":46,"enemies":"Lagavulin","floor":8,"turns":9},{"damage":7,"enemies":"Small Slimes","floor":11,"turns":3},{"damage":15,"enemies":"Exordium Thugs","floor":12,"turns":3}],"seed_played":"7285559115367048978","potions_obtained":[{"floor":1.0,"key":"SkillPotion"}],"is_trial":false,"path_per_floor":["M","M","$","?","$","R","?","E","T","?","M","M"],"character_chosen":"THE_SILENT","items_purchased":["Infinite Blades","Poisoned Stab"],"campfire_rested":0,"item_purchase_floors":[3,5],"current_hp_per_floor":[67,63,63,63,63,63,63,17,17,17,10,0],"gold":113,"neow_bonus":"RANDOM_COMMON_RELIC","is_prod":false,"is_daily":false,"chose_seed":false,"campfire_upgraded":0,"win_rate":0,"timestamp":1566322518,"path_taken":["M","M","$","?","$","R","?","E","T","?","M","M"],"build_version":"2019-07-17","purchased_purges":0,"victory":false,"max_hp_per_floor":[70,70,70,70,70,70,70,70,70,70,70,70],"card_choices":[{"not_picked":["Dodge and Roll","Outmaneuver"],"picked":"Setup","floor":1.0},{"not_picked":["Eviscerate","Calculated Gamble"],"picked":"Endless Agony","floor":2.0},{"not_picked":["Eviscerate","Heel Hook"],"picked":"Envenom","floor":8},{"not_picked":["Sucker Punch","Tactician","Quick Slash"],"picked":"SKIP","floor":11}],"player_experience":394386,"relics_obtained":[{"floor":8,"key":"Ancient Tea Set"}],"event_choices":[{"damage_healed":0.0,"max_hp_gain":0.0,"max_hp_loss":0.0,"gold_gain":0.0,"event_name":"The Woman in Blue","player_choice":"Bought 0 Potions","floor":4.0,"gold_loss":0.0,"damage_taken":0.0},{"damage_healed":0,"gold_gain":0,"player_choice":"Box","damage_taken":0,"relics_obtained":["MawBank"],"max_hp_gain":0,"max_hp_loss":0,"event_name":"Big Fish","floor":7,"gold_loss":0,"cards_obtained":["Regret"]},{"damage_healed":0,"gold_gain":0,"player_choice":"Take Wound","damage_taken":0,"relics_obtained":["Golden Idol"],"max_hp_gain":0,"max_hp_loss":0,"event_name":"Golden Idol","floor":10,"gold_loss":0,"cards_obtained":["Injury"]}],"is_beta":false,"boss_relics":[],"items_purged_floors":[],"is_endless":false,"potions_floor_spawned":[1],"killed_by":"Exordium Thugs","ascension_level":2}