{"gold_per_floor":[114,127,127,142,152,152,165,165,189,189,204,204,248,248,248,371,371,386,410,435,456,456,456],"floor_reached":23,"playtime":866,"items_purged":[],"score":220,"play_id":"0620377a-51c5-4f69-b8ed-a2c1509ee5b9","local_time":"20190821223042","is_ascension_mode":false,"campfire_choices":[{"data":"Body Slam","floor":6,"key":"SMITH"},{"data":"Sword Boomerang","floor":8,"key":"SMITH"},{"data":"Pummel","floor":12,"key":"SMITH"},{"data":"Demon Form","floor":15,"key":"SMITH"}],"neow_cost":"NONE","seed_source_timestamp":543676212106700,"circlet_count":0,"master_deck":["Strike_R","Strike_R","Strike_R","Strike_R","Defend_R+1","Defend_R","Defend_R","Defend_R","Bash","Pummel+1","Warcry+1","Body Slam+1","Sword Boomerang+1","Shrug It Off","Demon Form+1","Limit Break","Heavy Blade+1"],"relics":["Burning Blood","NeowsBlessing","Omamori","Golden Idol","War Paint","Coffee Dripper"],"potions_floor_usage":[5,7,20],"damage_taken":[{"damage":0,"enemies":"2 Louse","floor":1,"turns":1},{"damage":0,"enemies":"Cultist","floor":2,"turns":1},{"damage":0,"enemies":"Jaw Worm","floor":4,"turns":1},{"damage":0,"enemies":"Large Slime","floor":5,"turns":6},{"damage":2,"enemies":"Looter","floor":7,"turns":2},{"damage":15,"enemies":"3 Louse","floor":11,"turns":4},{"damage":28,"enemies":"Gremlin Nob","floor":13,"turns":4},{"damage":40,"enemies":"The Guardian","floor":16,"turns":8},{"damage":20,"enemies":"Shell Parasite","floor":18,"turns":4},{"damage":14,"enemies":"3 Byrds","floor":19,"turns":5},{"damage":2,"enemies":"Cultist and Chosen","floor":20,"turns":4},{"damage":7,"enemies":"Snecko","floor":21,"turns":3},{"damage":63,"enemies":"Gremlin Leader","floor":23,"turns":5}],"seed_played":"-7752458917007473276","potions_obtained":[{"floor":1,"key":"AttackPotion"},{"floor":2,"key":"AttackPotion"},{"floor":13,"key":"SneckoOil"}],"is_trial":false,"path_per_floor":["M","M","?","M","M","R","M","R","T","?","M","R","E","?","R","B",null,"M","M","M","M","?","E"],"character_chosen":"IRONCLAD","items_purchased":[],"campfire_rested":0,"item_purchase_floors":[],"current_hp_per_floor":[80,80,80,80,80,80,80,80,80,80,71,71,49,42,42,8,80,66,58,62,61,61,0],"gold":456,"neow_bonus":"THREE_ENEMY_KILL","is_prod":false,"is_daily":false,"chose_seed":false,"campfire_upgraded":4,"win_rate":0,"timestamp":1566390642,"path_taken":["M","M","?","M","?","R","M","R","T","?","M","R","E","?","R","BOSS","M","M","M","M","?","E"],"build_version":"2019-07-17","purchased_purges":0,"victory":false,"max_hp_per_floor":[80,80,80,80,80,80,80,80,80,80,80,80,80,80,80,80,80,80,80,80,80,80,80],"card_choices":[{"not_picked":["Perfected Strike","Clash","Dual Wield"],"picked":"SKIP","floor":1},{"not_picked":["Wild Strike","Clothesline"],"picked":"Pummel","floor":2},{"not_picked":["Armaments","Iron Wave"],"picked":"Warcry","floor":4},{"not_picked":["Pommel Strike","Clash"],"picked":"Body Slam","floor":5},{"not_picked":["Corruption","Infernal Blade"],"picked":"Sword Boomerang","floor":7},{"not_picked":["Flame Barrier","Sever Soul"],"picked":"Shrug It Off","floor":11},{"not_picked":["Rage","Headbutt"],"picked":"Demon Form","floor":13},{"not_picked":["Fiend Fire","Feed"],"picked":"Limit Break","floor":16},{"not_picked":["Sword Boomerang","Clothesline"],"picked":"Heavy Blade+1","floor":18},{"not_picked":["Armaments","Thunderclap","Clothesline+1"],"picked":"SKIP","floor":19},{"not_picked":["Body Slam","Heavy Blade","Searing Blow"],"picked":"SKIP","floor":20},{"not_picked":["Second Wind+1","Iron Wave","Blood for Blood"],"picked":"SKIP","floor":21}],"player_experience":78212,"relics_obtained":[{"floor":9,"key":"Omamori"},{"floor":13,"key":"War Paint"}],"event_choices":[{"damage_healed":0,"gold_gain":0,"player_choice":"Ignored","damage_taken":0,"max_hp_gain":0,"max_hp_loss":0,"event_name":"NoteForYourself","floor":3,"gold_loss":0},{"damage_healed":0,"gold_gain":0,"player_choice":"Take Wound","damage_taken":0,"relics_obtained":["Golden Idol"],"max_hp_gain":0,"max_hp_loss":0,"event_name":"Golden Idol","floor":10,"gold_loss":0,"cards_obtained":["Injury"]},{"cards_removed":["Strike_R"],"damage_healed":0,"gold_gain":0,"player_choice":"Card Removal","damage_taken":7,"max_hp_gain":0,"max_hp_loss":0,"event_name":"Golden Wing","floor":14,"gold_loss":0},{"damage_healed":0,"gold_gain":0,"player_choice":"Ignored","damage_taken":0,"max_hp_gain":0,"max_hp_loss":0,"event_name":"Ghosts","floor":22,"gold_loss":0}],"is_beta":false,"boss_relics":[{"not_picked":["Philosopher\u0027s Stone","Astrolabe"],"picked":"Coffee Dripper"}],"items_purged_floors":[],"is_endless":false,"potions_floor_spawned":[1,2,13],"killed_by":"Gremlin Leader","ascension_level":0}