{"gold_per_floor":[113,133,153,167,22,55,55,55,105,115,115,141,157,175,175,272,272,285,14,28,28,40,40,52,80,131,148,148],"floor_reached":28,"playtime":1912,"items_purged":["Strike_B","Strike_B"],"score":281,"play_id":"fae24d7b-4b1e-4031-bc56-4e9ea6cc4778","local_time":"20190105095332","is_ascension_mode":true,"campfire_choices":[{"data":"Loop","floor":8,"key":"SMITH"},{"data":"Zap","floor":11,"key":"SMITH"},{"floor":15,"key":"REST"},{"data":"Creative AI","floor":23,"key":"SMITH"}],"neow_cost":"NONE","seed_source_timestamp":2641203250149251,"circlet_count":0,"master_deck":["Strike_B","Strike_B","Defend_B","Defend_B","Defend_B","Defend_B","Zap+1","Dualcast","Gash","Sweeping Beam+1","Coolheaded+1","Redo","Gash","Loop+1","Gash+1","Hello World","Conserve Battery","Go for the Eyes","Creative AI+1","Parasite","Parasite","Parasite","Cold Snap+1","Coolheaded","Doom and Gloom","Rebound+1","Gash","Storm+1"],"relics":["Cracked Core","Pantograph","Strawberry","Odd Mushroom","Calling Bell","Orichalcum","Mummified Hand","Peace Pipe","Membership Card","Bronze Scales","Whetstone"],"potions_floor_usage":[12,16,16,25,27,28],"damage_taken":[{"damage":7,"enemies":"2 Louse","floor":1,"turns":2},{"damage":1,"enemies":"Cultist","floor":2,"turns":3},{"damage":1,"enemies":"Jaw Worm","floor":3,"turns":3},{"damage":16,"enemies":"Exordium Thugs","floor":4,"turns":3},{"damage":31,"enemies":"Lagavulin","floor":6,"turns":6},{"damage":0,"enemies":"Gremlin Gang","floor":10,"turns":3},{"damage":10,"enemies":"The Mushroom Lair","floor":12,"turns":3},{"damage":0,"enemies":"Large Slime","floor":13,"turns":4},{"damage":0,"enemies":"Blue Slaver","floor":14,"turns":4},{"damage":19,"enemies":"Hexaghost","floor":16,"turns":7},{"damage":12,"enemies":"Spheric Guardian","floor":18,"turns":4},{"damage":1,"enemies":"Chosen","floor":20,"turns":7},{"damage":7,"enemies":"Snecko","floor":22,"turns":5},{"damage":18,"enemies":"Sentry and Sphere","floor":24,"turns":6},{"damage":8,"enemies":"Book of Stabbing","floor":25,"turns":5},{"damage":27,"enemies":"Snake Plant","floor":27,"turns":4},{"damage":4,"enemies":"Centurion and Healer","floor":28,"turns":3}],"seed_played":"-6016482243735072335","potions_obtained":[{"floor":1,"key":"PowerPotion"},{"floor":3,"key":"SteroidPotion"},{"floor":6,"key":"Energy Potion"},{"floor":10,"key":"GamblersBrew"},{"floor":12,"key":"SteroidPotion"},{"floor":22,"key":"Weak Potion"},{"floor":24,"key":"LiquidBronze"},{"floor":25,"key":"AttackPotion"}],"is_trial":false,"path_per_floor":["M","M","M","M","$","E","?","R","T","M","R","?","M","M","R","B",null,"M","$","M","?","M","R","M","E","T","M","M"],"character_chosen":"DEFECT","items_purchased":["Loop","Membership Card","Coolheaded"],"campfire_rested":1,"item_purchase_floors":[5,19,19],"current_hp_per_floor":[68,67,66,50,50,19,19,19,26,26,26,16,16,16,40,46,82,70,70,69,61,54,54,36,28,28,1,0],"gold":148,"neow_bonus":"THREE_CARDS","is_prod":false,"is_daily":false,"chose_seed":false,"campfire_upgraded":3,"win_rate":0,"timestamp":1546700012,"path_taken":["M","M","M","M","$","E","?","R","T","?","R","?","M","M","R","BOSS","M","$","M","?","M","R","M","E","T","M","M"],"build_version":"2019-01-03v4","purchased_purges":2,"victory":false,"max_hp_per_floor":[75,75,75,75,75,75,75,75,82,82,82,82,82,82,82,82,82,82,82,82,82,82,82,82,82,82,82,82],"card_choices":[{"not_picked":["Reinforced Body","Streamline"],"picked":"Gash","floor":0},{"not_picked":["Reinforced Body","Compile Driver"],"picked":"Sweeping Beam","floor":1},{"not_picked":["Sunder","Consume"],"picked":"Coolheaded","floor":2},{"not_picked":["Hologram","Static Discharge"],"picked":"Redo","floor":3},{"not_picked":["Cold Snap","Turbo"],"picked":"Gash","floor":4},{"not_picked":["Reinforced Body","Amplify","Force Field"],"picked":"SKIP","floor":6},{"not_picked":["Capacitor","Rip and Tear"],"picked":"Gash","floor":10},{"not_picked":["Loop","Capacitor"],"picked":"Hello World","floor":12},{"not_picked":["Hologram","Barrage"],"picked":"Conserve Battery","floor":13},{"not_picked":["Stack","BootSequence"],"picked":"Go for the Eyes","floor":14},{"not_picked":["Biased Cognition","Seek"],"picked":"Creative AI","floor":16},{"not_picked":["Rebound","Reprogram+1"],"picked":"Cold Snap+1","floor":18},{"not_picked":["Defragment","Steam"],"picked":"Doom and Gloom","floor":20},{"not_picked":["Ball Lightning","Reinforced Body+1"],"picked":"Rebound+1","floor":22},{"not_picked":["Conserve Battery","Cold Snap"],"picked":"Gash","floor":24},{"not_picked":["Beam Cell","Stack+1","Sunder"],"picked":"SKIP","floor":25},{"not_picked":["Steam","Double Energy"],"picked":"Storm+1","floor":27}],"player_experience":31677,"relics_obtained":[{"floor":6,"key":"Pantograph"},{"floor":9,"key":"Strawberry"},{"floor":12,"key":"Odd Mushroom"},{"floor":17,"key":"Orichalcum"},{"floor":17,"key":"Mummified Hand"},{"floor":17,"key":"Peace Pipe"},{"floor":25,"key":"Bronze Scales"},{"floor":26,"key":"Whetstone"}],"event_choices":[{"damage_healed":0,"gold_gain":0,"player_choice":"Forge","damage_taken":0,"max_hp_gain":0,"max_hp_loss":0,"event_name":"Accursed Blacksmith","floor":7,"gold_loss":0,"cards_upgraded":["Coolheaded"]},{"damage_healed":0,"gold_gain":0,"player_choice":"Fought Mushrooms","damage_taken":0,"max_hp_gain":0,"max_hp_loss":0,"event_name":"Mushrooms","floor":12,"gold_loss":0},{"damage_healed":0,"gold_gain":0,"player_choice":"Damaged","damage_taken":8,"max_hp_gain":0,"max_hp_loss":0,"event_name":"Wheel of Change","floor":21,"gold_loss":0}],"is_beta":false,"boss_relics":[{"not_picked":["Philosopher\u0027s Stone","Fusion Hammer"],"picked":"Calling Bell"}],"items_purged_floors":[5,19],"is_endless":false,"potions_floor_spawned":[1,3,6,10,12,22,24,25],"killed_by":"Centurion and Healer","ascension_level":1}