{"gold_per_floor":[112,212,229,241,115,140,150,183,183,195,195,222,239,268,268,372,372,384,384,216,229,244,244,269,281,319,358,370,392,404,435,447,459],"floor_reached":33,"playtime":1531,"items_purged":["Defend_B","Strike_B"],"score":440,"play_id":"155c0484-5312-4be5-a866-25e8fdc033fa","local_time":"20190116195831","is_ascension_mode":true,"campfire_choices":[{"floor":11.0,"key":"REST"},{"floor":15.0,"key":"REST"},{"floor":23.0,"key":"REST"},{"floor":25.0,"key":"REST"},{"floor":32,"key":"REST"}],"neow_cost":"NONE","seed_source_timestamp":0,"circlet_count":0,"master_deck":["Strike_B","Strike_B","Strike_B","Defend_B","Defend_B","Defend_B","Zap","Dualcast","Ball Lightning","Coolheaded","Coolheaded","Electrodynamics","Tempest","Ball Lightning","Conserve Battery","Conserve Battery","Electrodynamics","Chaos","Redo+1","Static Discharge","Defragment","Cold Snap+1"],"special_seed":0,"relics":["Sozu","Dodecahedron","Matryoshka","Pen Nib","Shovel","Molten Egg 2","Strawberry","Lizard Tail","MutagenicStrength","MawBank","Potion Belt","Regal Pillow","Vajra"],"potions_floor_usage":[],"damage_taken":[{"damage":0.0,"enemies":"2 Louse","floor":1.0,"turns":2.0},{"damage":0.0,"enemies":"Cultist","floor":3.0,"turns":3.0},{"damage":1.0,"enemies":"Small Slimes","floor":4.0,"turns":4.0},{"damage":8.0,"enemies":"3 Sentries","floor":6.0,"turns":7.0},{"damage":25.0,"enemies":"Gremlin Gang","floor":7.0,"turns":3.0},{"damage":33.0,"enemies":"Gremlin Nob","floor":8.0,"turns":4.0},{"damage":0.0,"enemies":"Exordium Wildlife","floor":10.0,"turns":3.0},{"damage":14.0,"enemies":"3 Sentries","floor":12.0,"turns":3.0},{"damage":11.0,"enemies":"Looter","floor":13.0,"turns":2.0},{"damage":4.0,"enemies":"Gremlin Nob","floor":14.0,"turns":3.0},{"damage":0.0,"enemies":"Slime Boss","floor":16.0,"turns":6.0},{"damage":0.0,"enemies":"3 Byrds","floor":18.0,"turns":2.0},{"damage":16.0,"enemies":"Chosen","floor":21.0,"turns":5.0},{"damage":24.0,"enemies":"Snake Plant","floor":22.0,"turns":4.0},{"damage":61.0,"enemies":"Book of Stabbing","floor":24.0,"turns":7.0},{"damage":34,"enemies":"Gremlin Leader","floor":27,"turns":5},{"damage":9,"enemies":"Centurion and Healer","floor":29,"turns":3},{"damage":7,"enemies":"3 Cultists","floor":31,"turns":2},{"damage":61,"enemies":"Champ","floor":33,"turns":9}],"seed_played":"-297902754423360181","potions_obtained":[],"is_trial":false,"path_per_floor":["M","?","M","M","$","E","M","E","T","M","R","E","M","E","R","B",null,"M","?","$","M","M","R","E","R","T","E","?","M","?","M","R","B"],"character_chosen":"DEFECT","items_purchased":["Coolheaded","Chaos"],"campfire_rested":5,"item_purchase_floors":[5,20],"current_hp_per_floor":[75,75,75,74,74,66,41,8,8,8,30,16,5,8,32,32,82,82,82,82,66,42,66,5,29,29,36,36,27,27,20,59,0],"gold":459,"neow_bonus":"BOSS_RELIC","is_prod":false,"is_daily":false,"chose_seed":false,"campfire_upgraded":0,"win_rate":0,"timestamp":1547686711,"path_taken":["M","?","M","M","?","E","M","E","T","M","R","E","M","E","R","BOSS","M","?","$","M","M","R","E","R","T","E","?","M","?","M","R","BOSS"],"build_version":"2019-01-10","purchased_purges":2,"victory":false,"max_hp_per_floor":[75,75,75,75,75,75,75,75,75,75,75,75,75,82,82,82,82,82,82,82,82,82,82,82,82,82,82,82,82,82,82,82,82],"card_choices":[{"not_picked":["Go for the Eyes","Leap","Conserve Battery"],"picked":"SKIP","floor":1.0},{"not_picked":["Barrage","Leap"],"picked":"Ball Lightning","floor":3.0},{"not_picked":["Hello World","Self Repair"],"picked":"Coolheaded","floor":4.0},{"not_picked":["Scrape","Turbo"],"picked":"Electrodynamics","floor":6.0},{"not_picked":["Compile Driver","Streamline","Sweeping Beam"],"picked":"SKIP","floor":7.0},{"not_picked":["Skim","Lockon"],"picked":"Tempest","floor":8.0},{"not_picked":["Loop","Undo"],"picked":"Ball Lightning","floor":10.0},{"not_picked":["Steam","Conserve Battery","Loop"],"picked":"SKIP","floor":12.0},{"not_picked":["All For One+1","Ball Lightning+1"],"picked":"Conserve Battery","floor":13.0},{"not_picked":["Sunder+1","Rebound+1"],"picked":"Conserve Battery","floor":14.0},{"not_picked":["Echo Form","Multi-Cast"],"picked":"Electrodynamics","floor":16.0},{"not_picked":["Go for the Eyes+1","Steam","Rebound+1"],"picked":"SKIP","floor":18.0},{"not_picked":["Heatsinks","Stack"],"picked":"Redo+1","floor":21.0},{"not_picked":["Go for the Eyes+1","Beam Cell+1","Coolheaded"],"picked":"SKIP","floor":22.0},{"not_picked":["Coolheaded+1","Double Energy"],"picked":"Static Discharge","floor":24.0},{"not_picked":["Hologram","Recycle"],"picked":"Defragment","floor":27},{"not_picked":["Blizzard+1","Barrage+1","Coolheaded+1"],"picked":"SKIP","floor":29},{"not_picked":["Consume","FTL+1"],"picked":"Cold Snap+1","floor":31}],"player_experience":248357,"relics_obtained":[{"floor":6.0,"key":"Dodecahedron"},{"floor":8.0,"key":"Matryoshka"},{"floor":9.0,"key":"Pen Nib"},{"floor":9.0,"key":"Shovel"},{"floor":12.0,"key":"Molten Egg 2"},{"floor":14.0,"key":"Strawberry"},{"floor":24.0,"key":"MawBank"},{"floor":26,"key":"Potion Belt"},{"floor":26,"key":"Regal Pillow"},{"floor":27,"key":"Vajra"}],"event_choices":[{"damage_healed":0.0,"max_hp_gain":0.0,"max_hp_loss":0.0,"gold_gain":100.0,"event_name":"Wheel of Change","player_choice":"Gold","floor":2.0,"gold_loss":0.0,"damage_taken":0.0},{"damage_healed":0.0,"max_hp_gain":0.0,"max_hp_loss":0.0,"gold_gain":0.0,"event_name":"Drug Dealer","player_choice":"Inject Mutagens","floor":19.0,"gold_loss":0.0,"damage_taken":0.0,"relics_obtained":["MutagenicStrength"]},{"damage_healed":0,"gold_gain":0,"player_choice":"Ignored","damage_taken":0,"max_hp_gain":0,"max_hp_loss":0,"event_name":"Ghosts","floor":28,"gold_loss":0},{"damage_healed":0,"gold_gain":0,"player_choice":"0 cards matched","damage_taken":0,"max_hp_gain":0,"max_hp_loss":0,"event_name":"Match and Keep!","floor":30,"gold_loss":0,"cards_obtained":[]}],"is_beta":false,"boss_relics":[{"not_picked":["Runic Pyramid","Runic Dome"],"picked":"Lizard Tail"}],"items_purged_floors":[5,20],"is_endless":false,"potions_floor_spawned":[4,6,7,10,14,16,22,24,29],"killed_by":"Champ","ascension_level":4}