{"gold_per_floor":[112,37,55,55,73,73,73,73,146,146,160,180,180,200,200,304,304,319,234,234,282,293,318,318,318],"floor_reached":25,"playtime":711,"items_purged":["Strike_B"],"score":287,"play_id":"51ac97ac-9efd-4731-8d56-48383a17f3ac","local_time":"20190820225841","is_ascension_mode":true,"campfire_choices":[{"data":"Sunder","floor":6,"key":"SMITH"},{"data":"Conserve Battery","floor":10,"key":"SMITH"},{"data":"Streamline","floor":15,"key":"SMITH"}],"neow_cost":"NONE","seed_source_timestamp":459109694455500,"circlet_count":0,"master_deck":["Strike_B+1","Strike_B+1","Defend_B","Defend_B","Defend_B+1","Defend_B","Zap+1","Dualcast","Sunder+1","Conserve Battery","Parasite","Conserve Battery+1","Streamline+1","Double Energy"],"relics":["Cracked Core","Whetstone","Ornamental Fan","Busted Crown","War Paint","Strawberry","Bronze Scales","Potion Belt"],"potions_floor_usage":[23,23],"damage_taken":[{"damage":2,"enemies":"2 Louse","floor":1,"turns":2},{"damage":0,"enemies":"Cultist","floor":3,"turns":2},{"damage":12,"enemies":"Jaw Worm","floor":5,"turns":2},{"damage":3,"enemies":"3 Louse","floor":11,"turns":2},{"damage":2,"enemies":"Exordium Wildlife","floor":12,"turns":4},{"damage":6,"enemies":"Blue Slaver","floor":14,"turns":3},{"damage":0,"enemies":"Slime Boss","floor":16,"turns":7},{"damage":0,"enemies":"Chosen","floor":18,"turns":3},{"damage":14,"enemies":"Shell Parasite","floor":22,"turns":5},{"damage":41,"enemies":"Gremlin Leader","floor":23,"turns":6},{"damage":31,"enemies":"Centurion and Healer","floor":25,"turns":3}],"seed_played":"5818362902926472825","potions_obtained":[{"floor":3,"key":"Strength Potion"},{"floor":11,"key":"LiquidBronze"},{"floor":16,"key":"Explosive Potion"},{"floor":22,"key":"Energy Potion"},{"floor":23,"key":"Fire Potion"}],"is_trial":false,"path_per_floor":["M","$","M","$","M","R","?","?","T","R","M","M","?","M","R","B",null,"M","?","?","T","M","E","?","M"],"character_chosen":"DEFECT","items_purchased":[],"campfire_rested":0,"item_purchase_floors":[],"current_hp_per_floor":[73,73,73,73,61,61,75,75,75,75,72,70,70,64,64,64,75,75,75,75,82,68,27,27,0],"gold":318,"neow_bonus":"RANDOM_COMMON_RELIC","is_prod":false,"is_daily":false,"chose_seed":false,"campfire_upgraded":3,"win_rate":0,"timestamp":1566305921,"path_taken":["M","$","M","$","M","R","?","?","T","R","?","M","?","M","R","BOSS","M","?","?","?","?","E","?","M"],"build_version":"2019-07-17","purchased_purges":1,"victory":false,"max_hp_per_floor":[75,75,75,75,75,75,75,75,75,75,75,75,75,75,75,75,75,75,75,75,82,82,82,82,82],"card_choices":[{"not_picked":["Leap","Lockon","Auto Shields"],"picked":"SKIP","floor":1},{"not_picked":["Double Energy","Streamline"],"picked":"Sunder","floor":3},{"not_picked":["Rebound","Blizzard"],"picked":"Conserve Battery","floor":5},{"not_picked":["Barrage","Beam Cell","Hologram"],"picked":"SKIP","floor":11},{"not_picked":["Stack","Self Repair"],"picked":"Streamline","floor":12},{"not_picked":["White Noise","Ball Lightning","Buffer"],"picked":"SKIP","floor":14},{"not_picked":["Cold Snap"],"picked":"SKIP","floor":18},{"not_picked":[],"picked":"Double Energy","floor":22},{"not_picked":["Capacitor"],"picked":"SKIP","floor":23}],"player_experience":74469,"relics_obtained":[{"floor":9,"key":"Ornamental Fan"},{"floor":21,"key":"Strawberry"},{"floor":23,"key":"Bronze Scales"}],"event_choices":[{"damage_healed":18,"gold_gain":0,"player_choice":"Healed and dodged fight","damage_taken":0,"max_hp_gain":0,"max_hp_loss":0,"event_name":"Mushrooms","floor":7,"gold_loss":0,"cards_obtained":["Parasite"]},{"damage_healed":0,"gold_gain":0,"cards_transformed":["Strike_B"],"player_choice":"Transformed","damage_taken":0,"max_hp_gain":0,"max_hp_loss":0,"event_name":"Transmorgrifier","floor":8,"gold_loss":0,"cards_obtained":["Conserve Battery"]},{"damage_healed":0,"gold_gain":0,"player_choice":"Ignored","damage_taken":0,"max_hp_gain":0,"max_hp_loss":0,"event_name":"Liars Game","floor":13,"gold_loss":0},{"damage_healed":0,"gold_gain":0,"player_choice":"Obtained Relic","damage_taken":0,"relics_obtained":["War Paint"],"max_hp_gain":0,"max_hp_loss":0,"event_name":"Addict","floor":19,"gold_loss":85},{"damage_healed":0,"gold_gain":0,"player_choice":"Ignored","damage_taken":0,"max_hp_gain":0,"max_hp_loss":0,"event_name":"Vampires","floor":20,"gold_loss":0},{"damage_healed":0,"gold_gain":0,"player_choice":"Opened","damage_taken":0,"relics_obtained":["Potion Belt"],"max_hp_gain":0,"max_hp_loss":0,"event_name":"The Mausoleum","floor":24,"gold_loss":0}],"is_beta":false,"boss_relics":[{"not_picked":["Astrolabe","Coffee Dripper"],"picked":"Busted Crown"}],"items_purged_floors":[2],"is_endless":false,"potions_floor_spawned":[3,11,16,22,23],"killed_by":"Centurion and Healer","ascension_level":2}