{"gold_per_floor":[115,115,36,53,66,66,80,106,106,106],"floor_reached":10,"playtime":426,"items_purged":[],"score":99,"play_id":"a1bea8a7-37ea-46f5-919f-e1b996ab4783","local_time":"20190131094800","is_ascension_mode":true,"campfire_choices":[{"data":"Flex","floor":6,"key":"SMITH"}],"neow_cost":"NONE","seed_source_timestamp":4888866769043545,"circlet_count":0,"master_deck":["Strike_R","Strike_R","Strike_R","Strike_R","Strike_R","Defend_R","Defend_R","Defend_R","Defend_R","Bash","Spot Weakness","Rage","Flex+1","Iron Wave","Inflame"],"relics":["Runic Pyramid","Oddly Smooth Stone","Sundial"],"potions_floor_usage":[],"damage_taken":[{"damage":3,"enemies":"Jaw Worm","floor":1,"turns":5},{"damage":1,"enemies":"Cultist","floor":4,"turns":4},{"damage":4,"enemies":"Small Slimes","floor":5,"turns":3},{"damage":4,"enemies":"Blue Slaver","floor":7,"turns":5},{"damage":22,"enemies":"3 Sentries","floor":8,"turns":8},{"damage":43,"enemies":"Gremlin Nob","floor":10,"turns":4}],"seed_played":"-8434895490135810323","potions_obtained":[{"floor":5,"key":"Dexterity Potion"},{"floor":7,"key":"Ancient Potion"}],"is_trial":false,"path_per_floor":["M","?","$","M","M","R","M","E","T","E"],"character_chosen":"IRONCLAD","items_purchased":["Rage"],"campfire_rested":0,"item_purchase_floors":[3],"current_hp_per_floor":[69,69,69,68,64,64,60,38,38,0],"gold":106,"neow_bonus":"BOSS_RELIC","is_prod":false,"is_daily":false,"chose_seed":false,"campfire_upgraded":1,"win_rate":0,"timestamp":1548946080,"path_taken":["M","?","$","M","M","R","M","E","T","E"],"build_version":"2019-01-23","purchased_purges":0,"victory":false,"max_hp_per_floor":[80,80,80,80,80,80,80,80,80,80],"card_choices":[{"not_picked":["Anger","Battle Trance"],"picked":"Spot Weakness","floor":1},{"not_picked":["Thunderclap","Sword Boomerang"],"picked":"Flex","floor":4},{"not_picked":["Shrug It Off","Perfected Strike","Uppercut"],"picked":"SKIP","floor":5},{"not_picked":["Spot Weakness","Wild Strike"],"picked":"Iron Wave","floor":7},{"not_picked":["Body Slam","Burning Pact"],"picked":"Inflame","floor":8}],"player_experience":377931,"relics_obtained":[{"floor":8,"key":"Oddly Smooth Stone"},{"floor":9,"key":"Sundial"}],"event_choices":[{"damage_healed":0,"gold_gain":0,"player_choice":"Bought 0 Potions","damage_taken":0,"max_hp_gain":0,"max_hp_loss":0,"event_name":"The Woman in Blue","floor":2,"gold_loss":0}],"is_beta":false,"boss_relics":[],"items_purged_floors":[],"is_endless":false,"potions_floor_spawned":[5,7],"killed_by":"Gremlin Nob","ascension_level":9}