{"gold_per_floor":[110,13,33,47,47,47,47,47,47,65,104,139,151,186,198,330,342,379,406,31,31,31,31,31,31,58,78,78],"floor_reached":28,"playtime":1994,"items_purged":[],"score":242,"play_id":"957b4e27-70c3-4591-996f-f5aa2c902035","local_time":"20190815164242","is_ascension_mode":true,"campfire_choices":[{"floor":6.0,"key":"REST"},{"floor":8.0,"key":"RECALL"},{"floor":13.0,"key":"REST"},{"floor":15.0,"key":"REST"},{"floor":23.0,"key":"REST"},{"floor":25.0,"key":"REST"}],"neow_cost":"NONE","seed_source_timestamp":29861630242254,"circlet_count":0,"master_deck":["Strike_G","Strike_G","Strike_G","Strike_G","Strike_G","Defend_G","Defend_G","Defend_G","Defend_G","Defend_G","Survivor","Neutralize","Accuracy","Deadly Poison","Deflect","Slice","Terror","Caltrops","Footwork","Dodge and Roll","Envenom","Backflip","Dash","Panache","Accuracy","Deflect","Trip","Dash"],"special_seed":0,"relics":["Ring of the Snake","Pen Nib","Bloody Idol","Blue Candle","MawBank","Fusion Hammer"],"potions_floor_usage":[28],"damage_taken":[{"damage":3.0,"enemies":"Small Slimes","floor":1.0,"turns":5.0},{"damage":0.0,"enemies":"2 Louse","floor":3.0,"turns":2.0},{"damage":0.0,"enemies":"Cultist","floor":4.0,"turns":4.0},{"damage":18.0,"enemies":"Exordium Thugs","floor":10.0,"turns":5.0},{"damage":38.0,"enemies":"Gremlin Nob","floor":11.0,"turns":5.0},{"damage":1.0,"enemies":"Blue Slaver","floor":12.0,"turns":4.0},{"damage":23.0,"enemies":"Large Slime","floor":14.0,"turns":5.0},{"damage":25.0,"enemies":"Hexaghost","floor":16.0,"turns":14.0},{"damage":55.0,"enemies":"3 Byrds","floor":18.0,"turns":7.0},{"damage":1.0,"enemies":"Shell Parasite","floor":19.0,"turns":6.0},{"damage":12.0,"enemies":"Snecko","floor":22.0,"turns":5.0},{"damage":39.0,"enemies":"Snake Plant","floor":27.0,"turns":5.0},{"damage":18,"enemies":"Cultist and Chosen","floor":28,"turns":6}],"seed_played":"-8783535560560393506","potions_obtained":[{"floor":3.0,"key":"Dexterity Potion"},{"floor":7.0,"key":"SmokeBomb"},{"floor":7.0,"key":"Strength Potion"},{"floor":14.0,"key":"Fire Potion"},{"floor":27.0,"key":"Dexterity Potion"}],"is_trial":false,"path_per_floor":["M","$","M","M","?","R","?","R","T","M","E","M","R","M","R","B",null,"M","M","$","?","M","R","?","R","T","M","M"],"character_chosen":"THE_SILENT","items_purchased":["Accuracy","Deadly Poison","Panache","Accuracy","Deflect","Trip"],"campfire_rested":5,"item_purchase_floors":[2,2,20,20,20,20],"current_hp_per_floor":[67,67,67,67,50,70,70,70,70,52,14,13,34,11,32,7,70,15,14,14,14,2,23,23,44,49,15,0],"gold":78,"neow_bonus":"RANDOM_COMMON_RELIC","is_prod":false,"is_daily":false,"chose_seed":false,"campfire_upgraded":0,"win_rate":0,"timestamp":1565880162,"path_taken":["M","$","M","M","?","R","?","R","T","?","E","M","R","M","R","BOSS","M","M","$","?","M","R","?","R","T","M","M"],"build_version":"2019-07-17","purchased_purges":0,"victory":false,"max_hp_per_floor":[70,70,70,70,70,70,70,70,70,70,70,70,70,70,70,70,70,70,70,70,70,70,70,70,70,70,70,70],"card_choices":[{"not_picked":["Underhanded Strike","Dagger Throw","Acrobatics"],"picked":"SKIP","floor":1.0},{"not_picked":["Sucker Punch","All Out Attack"],"picked":"Deflect","floor":3.0},{"not_picked":["Deadly Poison","Underhanded Strike"],"picked":"Slice","floor":4.0},{"not_picked":["Quick Slash","Footwork"],"picked":"Terror","floor":10.0},{"not_picked":["Predator","Reflex"],"picked":"Caltrops","floor":11.0},{"not_picked":["Slice","Bane"],"picked":"Footwork","floor":12.0},{"not_picked":["Tactician","Prepared"],"picked":"Dodge and Roll","floor":14.0},{"not_picked":["Tools of the Trade","Unload"],"picked":"Envenom","floor":16.0},{"not_picked":["Expertise+1","Heel Hook"],"picked":"Backflip","floor":18.0},{"not_picked":["Heel Hook","Underhanded Strike"],"picked":"Dash","floor":19.0},{"not_picked":["Catalyst","Acrobatics+1"],"picked":"Dash","floor":27.0}],"player_experience":378185,"relics_obtained":[{"floor":9.0,"key":"Blue Candle"},{"floor":11.0,"key":"MawBank"}],"event_choices":[{"damage_healed":0.0,"max_hp_gain":0.0,"max_hp_loss":0.0,"gold_gain":0.0,"event_name":"Golden Idol","player_choice":"Take Damage","floor":5.0,"gold_loss":0.0,"damage_taken":17.0,"relics_obtained":["Golden Idol"]},{"damage_healed":0.0,"max_hp_gain":0.0,"max_hp_loss":0.0,"gold_gain":0.0,"event_name":"Lab","player_choice":"Got Potions","floor":7.0,"gold_loss":0.0,"damage_taken":0.0},{"damage_healed":0.0,"max_hp_gain":0.0,"max_hp_loss":0.0,"gold_gain":0.0,"event_name":"Forgotten Altar","player_choice":"Gave Idol","floor":21.0,"relics_lost":["Golden Idol"],"gold_loss":0.0,"damage_taken":0.0,"relics_obtained":["Bloody Idol"]},{"damage_healed":0.0,"max_hp_gain":0.0,"max_hp_loss":0.0,"gold_gain":0.0,"event_name":"Ghosts","player_choice":"Ignored","floor":24.0,"gold_loss":0.0,"damage_taken":0.0}],"is_beta":false,"boss_relics":[{"not_picked":["Pandora\u0027s Box","Black Star"],"picked":"Fusion Hammer"}],"items_purged_floors":[],"is_endless":false,"potions_floor_spawned":[3,10,14,27],"killed_by":"Cultist and Chosen","ascension_level":2}