{"gold_per_floor":[110,35,52,64,64,89,89,14,14,0,16,51,51,67,67,171,171,190,210,210,87,87,87,117,133,156,156,6,6],"floor_reached":29,"playtime":2619,"items_purged":["Strike_G","Crippling Poison"],"score":289,"play_id":"ddaa5a6a-2893-4451-aaf9-85267ea5a7e0","local_time":"20181005021559","is_ascension_mode":true,"campfire_choices":[{"floor":7,"key":"REST"},{"floor":13,"key":"REST"},{"floor":15,"key":"REST"},{"floor":23,"key":"REST"},{"floor":27,"key":"REST"}],"neow_cost":"NONE","seed_source_timestamp":1311247573881400,"circlet_count":0,"master_deck":["Defend_G","Defend_G","Defend_G","Defend_G","Defend_G","Strike_G","Strike_G","Strike_G","Strike_G","Survivor","Neutralize","Noxious Fumes","PiercingWail","Poisoned Stab","Bane","Die Die Die","Glass Knife","Deadly Poison","Infinite Blades","Writhe","Deadly Poison+1","Quick Slash"],"relics":["Ring of the Snake","NeowsBlessing","Du-Vu Doll","Kunai","Potion Belt","Toxic Egg 2","Ancient Tea Set","Lantern"],"potions_floor_usage":[12,16,24,24,29,29],"damage_taken":[{"damage":0,"enemies":"Cultist","floor":1,"turns":1},{"damage":0,"enemies":"Small Slimes","floor":3,"turns":1},{"damage":0,"enemies":"2 Louse","floor":4,"turns":1},{"damage":41,"enemies":"Lagavulin","floor":6,"turns":11},{"damage":18,"enemies":"Exordium Thugs","floor":11,"turns":6},{"damage":19,"enemies":"3 Sentries","floor":12,"turns":7},{"damage":0,"enemies":"Large Slime","floor":14,"turns":6},{"damage":20,"enemies":"Hexaghost","floor":16,"turns":11},{"damage":26,"enemies":"Shell Parasite","floor":18,"turns":9},{"damage":13,"enemies":"3 Byrds","floor":19,"turns":7},{"damage":25,"enemies":"Slavers","floor":24,"turns":7},{"damage":16,"enemies":"Centurion and Healer","floor":25,"turns":7},{"damage":43,"enemies":"Book of Stabbing","floor":29,"turns":5}],"seed_played":"8998247155568493147","potions_obtained":[{"floor":1,"key":"Fire Potion"},{"floor":12,"key":"GhostInAJar"},{"floor":16,"key":"Weak Potion"},{"floor":19,"key":"AttackPotion"}],"is_trial":false,"path_per_floor":["M","$","M","M","$","E","R","$","T","?","M","E","R","M","R","B",null,"M","M","?","$","?","R","E","M","T","R","$"],"character_chosen":"THE_SILENT","items_purchased":["Crippling Poison","Deadly Poison+1","GhostInAJar","SteroidPotion"],"campfire_rested":5,"item_purchase_floors":[8,21,21,28],"current_hp_per_floor":[70,70,70,70,70,29,50,50,50,50,32,13,34,34,55,35,70,44,31,31,31,31,52,27,11,11,32,32,0],"gold":6,"neow_bonus":"THREE_ENEMY_KILL","is_prod":false,"is_daily":false,"chose_seed":false,"campfire_upgraded":0,"win_rate":0,"timestamp":1538676959,"path_taken":["M","?","?","M","$","E","R","$","T","?","M","E","R","M","R","BOSS","M","M","?","$","?","R","E","?","T","R","$","E"],"build_version":"2018-09-27","purchased_purges":2,"victory":false,"max_hp_per_floor":[70,70,70,70,70,70,70,70,70,70,70,70,70,70,70,70,70,70,70,70,70,70,70,70,70,70,70,70,70],"card_choices":[{"not_picked":["Prepared","Caltrops"],"picked":"Noxious Fumes","floor":1},{"not_picked":["Escape Plan","Dodge and Roll"],"picked":"PiercingWail","floor":3},{"not_picked":["Eviscerate","Dagger Throw","Masterful Stab"],"picked":"SKIP","floor":4},{"not_picked":["Concentrate","Outmaneuver"],"picked":"Poisoned Stab","floor":6},{"not_picked":["Dagger Throw","Underhanded Strike","Concentrate"],"picked":"SKIP","floor":11},{"not_picked":["Dagger Throw","Deflect"],"picked":"Bane","floor":12},{"not_picked":["Prepared","Concentrate"],"picked":"Die Die Die","floor":14},{"not_picked":["Wraith Form v2","Venomology"],"picked":"Glass Knife","floor":16},{"not_picked":["Dagger Spray","Acrobatics"],"picked":"Deadly Poison","floor":18},{"not_picked":["Riddle With Holes","Heel Hook+1"],"picked":"Infinite Blades","floor":19},{"not_picked":["Setup+1","Distraction+1"],"picked":"Quick Slash","floor":24},{"not_picked":["Dagger Throw+1","Caltrops","Reflex+1"],"picked":"SKIP","floor":25}],"player_experience":379711,"relics_obtained":[{"floor":6,"key":"Du-Vu Doll"},{"floor":9,"key":"Kunai"},{"floor":12,"key":"Potion Belt"},{"floor":24,"key":"Ancient Tea Set"},{"floor":26,"key":"Lantern"}],"event_choices":[{"event_name":"World of Goop","player_choice":"Left","floor":10,"damage_taken":0},{"event_name":"The Mausoleum","player_choice":"Yes","floor":20,"damage_taken":0},{"event_name":"Cursed Tome","player_choice":"Ignored","floor":22,"damage_taken":0}],"is_beta":false,"boss_relics":[{"not_picked":["HoveringKite","WristBlade","Pandora\u0027s Box"]}],"items_purged_floors":[2,28],"is_endless":false,"potions_floor_spawned":[1,12,16,19],"killed_by":"Book of Stabbing","ascension_level":3}