{"gold_per_floor":[111,111,123,139,37,37,71,71,71,101,101,112,132,152,152,253,253,273,288,4,17,30,30,56,70,70,70,89,89,89,189,189,288,288,305,324,147,162,162,162,195,195,195,195,212,13,23,23,23,23],"floor_reached":51,"playtime":11036,"items_purged":["Outmaneuver+1","Tools of the Trade","Defend_G"],"score":750,"play_id":"4ab2a732-5439-4d02-b30a-12c368fc397f","local_time":"20180917014153","is_ascension_mode":true,"campfire_choices":[{"data":"Accuracy","floor":6,"key":"SMITH"},{"data":"Cloak And Dagger","floor":11,"key":"SMITH"},{"data":"Cloak And Dagger","floor":15,"key":"SMITH"},{"data":"Accuracy","floor":23,"key":"SMITH"},{"floor":27,"key":"REST"},{"floor":32,"key":"REST"},{"floor":40,"key":"REST"},{"data":"Cloak And Dagger","floor":42,"key":"SMITH"},{"floor":44,"key":"REST"},{"floor":49,"key":"DIG"}],"neow_cost":"NONE","seed_source_timestamp":215919106470052,"circlet_count":0,"master_deck":["Defend_G+1","Defend_G+1","Defend_G+1","Strike_G+1","Strike_G+1","Survivor+1","Neutralize+1","Cloak And Dagger+1","Cloak And Dagger+1","Well Laid Plans+1","Accuracy+1","Backstab+1","Prepared+1","Backstab+1","Cloak And Dagger+1","Sucker Punch+1","Blur+1","Accuracy+1","Cloak And Dagger+1","PiercingWail+1","PiercingWail+1","Burst+1","Accuracy+1","Infinite Blades+1"],"relics":["Ring of the Snake","Shuriken","Snake Skull","Whetstone","Astrolabe","DollysMirror","Centennial Puzzle","Darkstone Periapt","Unceasing Top","Mummified Hand","Busted Crown","Shovel","Pen Nib","Mark of the Bloom","Strawberry"],"potions_floor_usage":[12,16,24,24,28,31,41,41,47,50,50,50,50],"damage_taken":[{"damage":2,"enemies":"2 Louse","floor":1,"turns":3},{"damage":4,"enemies":"Cultist","floor":3,"turns":5},{"damage":0,"enemies":"Jaw Worm","floor":4,"turns":5},{"damage":9,"enemies":"3 Sentries","floor":7,"turns":11},{"damage":1,"enemies":"Lagavulin","floor":10,"turns":6},{"damage":7,"enemies":"Large Slime","floor":12,"turns":5},{"damage":3,"enemies":"Exordium Thugs","floor":13,"turns":4},{"damage":0,"enemies":"Red Slaver","floor":14,"turns":2},{"damage":23,"enemies":"The Guardian","floor":16,"turns":10},{"damage":0,"enemies":"Spheric Guardian","floor":18,"turns":3},{"damage":0,"enemies":"3 Byrds","floor":19,"turns":5},{"damage":8,"enemies":"Shelled Parasite and Fungi","floor":21,"turns":4},{"damage":1,"enemies":"Snecko","floor":22,"turns":4},{"damage":34,"enemies":"Slavers","floor":24,"turns":4},{"damage":17,"enemies":"Centurion and Healer","floor":25,"turns":5},{"damage":4,"enemies":"Snake Plant","floor":28,"turns":4},{"damage":7,"enemies":"Colosseum Slavers","floor":31,"turns":4},{"damage":13,"enemies":"Colosseum Nobs","floor":31,"turns":4},{"damage":38,"enemies":"Automaton","floor":33,"turns":11},{"damage":34,"enemies":"3 Darklings","floor":35,"turns":5},{"damage":5,"enemies":"3 Shapes","floor":36,"turns":4},{"damage":1,"enemies":"Maw","floor":38,"turns":7},{"damage":16,"enemies":"Nemesis","floor":41,"turns":9},{"damage":7,"enemies":"Sphere and 2 Shapes","floor":45,"turns":4},{"damage":17,"enemies":"Transient","floor":47,"turns":5},{"damage":7,"enemies":"Awakened One","floor":50,"turns":7}],"seed_played":"-3461780524988178367","potions_obtained":[{"floor":3,"key":"SpeedPotion"},{"floor":4,"key":"Explosive Potion"},{"floor":10,"key":"Dexterity Potion"},{"floor":14,"key":"GamblersBrew"},{"floor":18,"key":"Dexterity Potion"},{"floor":25,"key":"Swift Potion"},{"floor":33,"key":"Block Potion"},{"floor":38,"key":"Swift Potion"},{"floor":41,"key":"Regen Potion"},{"floor":47,"key":"EntropicBrew"}],"is_trial":false,"path_per_floor":["M","?","M","M","$","R","E","$","T","E","R","M","M","M","R","B",null,"M","M","$","M","M","R","E","M","T","R","M","?","?","?","R","B",null,"M","M","$","M","?","R","E","R","T","R","M","$","M","?","R","B"],"character_chosen":"THE_SILENT","items_purchased":["Accuracy","Backstab","DollysMirror","Accuracy","Infinite Blades"],"campfire_rested":4,"item_purchase_floors":[5,5,20,37,46],"current_hp_per_floor":[68,68,64,64,64,64,55,55,55,54,54,47,44,44,44,21,70,70,70,70,62,61,61,27,10,10,31,27,50,50,30,51,13,70,36,31,31,30,30,51,35,35,35,56,49,49,46,46,46,39],"gold":23,"neow_bonus":"REMOVE_CARD","is_prod":false,"is_daily":false,"chose_seed":false,"campfire_upgraded":5,"win_rate":0,"timestamp":1537119713,"path_taken":["M","?","?","M","$","R","E","$","T","E","R","M","M","M","R","BOSS","M","M","$","?","M","R","E","M","T","R","M","?","?","?","R","BOSS","M","M","$","M","?","R","E","R","T","R","M","?","M","?","R","BOSS"],"build_version":"2018-09-06","purchased_purges":3,"victory":true,"max_hp_per_floor":[70,70,70,70,70,70,70,70,70,70,70,70,70,70,70,70,70,70,70,70,70,70,70,70,70,70,70,70,70,70,70,70,70,70,70,70,70,70,70,70,70,70,70,70,70,70,70,70,77,77],"card_choices":[{"not_picked":["Endless Agony","Blur"],"picked":"Cloak And Dagger","floor":1},{"not_picked":["Quick Slash","Dagger Throw"],"picked":"Cloak And Dagger","floor":3},{"not_picked":["Noxious Fumes","Dagger Spray"],"picked":"Well Laid Plans","floor":4},{"not_picked":["Dagger Throw","Poisoned Stab"],"picked":"Prepared","floor":7},{"not_picked":["All Out Attack","Underhanded Strike","Predator"],"picked":"SKIP","floor":10},{"not_picked":["Outmaneuver","Sucker Punch","Deadly Poison"],"picked":"SKIP","floor":12},{"not_picked":["Prepared","Bouncing Flask"],"picked":"Backstab","floor":13},{"not_picked":["Setup","Bouncing Flask"],"picked":"Cloak And Dagger","floor":14},{"not_picked":["Venomology","Adrenaline"],"picked":"Tools of the Trade","floor":16},{"not_picked":["Prepared","Flechettes"],"picked":"Accuracy","floor":18},{"not_picked":["Expertise","Deadly Poison","Riddle With Holes+1"],"picked":"SKIP","floor":19},{"not_picked":["Reflex","Blur","Bane"],"picked":"SKIP","floor":21},{"not_picked":["Setup","Deadly Poison+1","Deflect"],"picked":"SKIP","floor":22},{"not_picked":["Endless Agony","Calculated Gamble","Flying Knee"],"picked":"SKIP","floor":24},{"not_picked":["Heel Hook","Backflip","Sucker Punch"],"picked":"SKIP","floor":25},{"not_picked":["Poisoned Stab+1","Expertise"],"picked":"PiercingWail","floor":28},{"not_picked":["Night Terror","Sucker Punch"],"picked":"PiercingWail","floor":31},{"not_picked":["Phantasmal Killer","After Image"],"picked":"Burst","floor":33},{"not_picked":["Poisoned Stab"],"picked":"SKIP","floor":35},{"not_picked":["Dash"],"picked":"SKIP","floor":36},{"not_picked":["Bane+1"],"picked":"SKIP","floor":38},{"not_picked":["Tools of the Trade"],"picked":"SKIP","floor":41},{"not_picked":["Underhanded Strike+1"],"picked":"SKIP","floor":45},{"not_picked":["Tactician+1"],"picked":"SKIP","floor":47}],"player_experience":368675,"relics_obtained":[{"floor":7,"key":"Shuriken"},{"floor":9,"key":"Snake Skull"},{"floor":10,"key":"Whetstone"},{"floor":24,"key":"Centennial Puzzle"},{"floor":26,"key":"Darkstone Periapt"},{"floor":31,"key":"Unceasing Top"},{"floor":31,"key":"Mummified Hand"},{"floor":41,"key":"Shovel"},{"floor":43,"key":"Pen Nib"},{"floor":49,"key":"Strawberry"}],"event_choices":[{"event_name":"Upgrade Shrine","player_choice":"Upgraded","floor":2,"damage_taken":0},{"event_name":"The Library","player_choice":"Heal","floor":29,"damage_taken":0},{"event_name":"FaceTrader","player_choice":"Leave","floor":30,"damage_taken":0},{"event_name":"Colosseum","player_choice":"Fight","floor":31,"damage_taken":0},{"event_name":"Colosseum","player_choice":"Fought Nobs","floor":31,"damage_taken":0},{"event_name":"Mysterious Sphere","player_choice":"Ignore","floor":39,"damage_taken":0},{"event_name":"MindBloom","player_choice":"Upgrade","floor":48,"damage_taken":0}],"is_beta":false,"boss_relics":[{"not_picked":["Philosopher\u0027s Stone","Calling Bell"],"picked":"Astrolabe"},{"not_picked":["Runic Dome","Snecko Eye"],"picked":"Busted Crown"}],"items_purged_floors":[20,37,46],"is_endless":false,"potions_floor_spawned":[3,4,10,14,18,21,25,33,38,41,47],"ascension_level":2}