{"gold_per_floor":[116,116,137,62,62,106,126,146,146,12,31,65,65,26,26,155,155,176,201,116,13,28,69,69,85,85,103,103],"floor_reached":28,"playtime":1121,"items_purged":["Defend_B","Defend_B"],"score":344,"play_id":"af9cd203-caec-4fc8-b68a-824bc264024c","local_time":"20190119210357","is_ascension_mode":true,"campfire_choices":[{"data":"Conserve Battery","floor":13,"key":"SMITH"},{"data":"Conserve Battery","floor":15,"key":"SMITH"},{"data":"Rainbow","floor":24,"key":"SMITH"}],"neow_cost":"NONE","seed_source_timestamp":3891885888785618,"circlet_count":0,"master_deck":["Strike_B","Strike_B","Strike_B","Strike_B+1","Defend_B","Defend_B","Zap","Dualcast","BootSequence+1","Cold Snap","Compile Driver","Conserve Battery","Self Repair","Conserve Battery+1","Conserve Battery+1","Hello World","Rainbow+1","Capacitor","Compile Driver","Double Energy","Storm+1","Capacitor+1"],"relics":["Cracked Core","NeowsBlessing","Golden Idol","Anchor","Blue Candle","Symbiotic Virus","Busted Crown","FossilizedHelix","Mummified Hand","Cables"],"potions_floor_usage":[16,16,22,22],"damage_taken":[{"damage":0,"enemies":"2 Louse","floor":1,"turns":1},{"damage":0,"enemies":"Jaw Worm","floor":3,"turns":1},{"damage":0,"enemies":"Gremlin Nob","floor":6,"turns":1},{"damage":0,"enemies":"Small Slimes","floor":7,"turns":3},{"damage":7,"enemies":"2 Fungi Beasts","floor":8,"turns":3},{"damage":6,"enemies":"Blue Slaver","floor":11,"turns":3},{"damage":17,"enemies":"3 Sentries","floor":12,"turns":7},{"damage":1,"enemies":"Hexaghost","floor":16,"turns":8},{"damage":15,"enemies":"2 Thieves","floor":18,"turns":4},{"damage":0,"enemies":"Chosen","floor":19,"turns":4},{"damage":0,"enemies":"Snecko","floor":22,"turns":5},{"damage":30,"enemies":"Slavers","floor":23,"turns":7},{"damage":8,"enemies":"Centurion and Healer","floor":25,"turns":5},{"damage":12,"enemies":"Shelled Parasite and Fungi","floor":27,"turns":4},{"damage":33,"enemies":"Book of Stabbing","floor":28,"turns":4}],"seed_played":"861072197335484401","potions_obtained":[{"floor":1,"key":"AttackPotion"},{"floor":6,"key":"LiquidBronze"},{"floor":7,"key":"Energy Potion"},{"floor":16,"key":"Block Potion"},{"floor":19,"key":"Energy Potion"},{"floor":27,"key":"FearPotion"}],"is_trial":false,"path_per_floor":["M","?","M","$","?","E","M","M","T","$","M","E","R","$","R","B",null,"M","M","?","$","M","E","R","M","T","M","E"],"character_chosen":"DEFECT","items_purchased":["Self Repair","Hello World","Capacitor","Compile Driver"],"campfire_rested":0,"item_purchase_floors":[10,14,21,21],"current_hp_per_floor":[75,57,57,57,42,42,42,35,35,35,36,26,26,26,26,32,64,56,63,63,63,63,40,40,39,39,27,0],"gold":103,"neow_bonus":"THREE_ENEMY_KILL","is_prod":false,"is_daily":false,"chose_seed":false,"campfire_upgraded":3,"win_rate":0,"timestamp":1547949837,"path_taken":["M","?","M","$","?","E","M","M","T","$","M","E","R","$","R","BOSS","M","M","?","$","M","E","R","M","T","M","E"],"build_version":"2019-01-17v2","purchased_purges":2,"victory":false,"max_hp_per_floor":[75,75,75,75,75,75,75,75,75,75,75,75,75,75,75,75,75,75,75,75,75,75,75,75,75,75,75,75],"card_choices":[{"not_picked":["Consume","Steam"],"picked":"BootSequence","floor":1},{"not_picked":["Stack","Static Discharge","Chill"],"picked":"SKIP","floor":3},{"not_picked":["Steam","Recycle"],"picked":"Cold Snap","floor":6},{"not_picked":["Go for the Eyes","Rebound"],"picked":"Compile Driver","floor":7},{"not_picked":["Leap","Coolheaded"],"picked":"Conserve Battery","floor":8},{"not_picked":["Chaos","Barrage"],"picked":"Conserve Battery","floor":11},{"not_picked":["Capacitor","Rip and Tear"],"picked":"Conserve Battery","floor":12},{"not_picked":["Seek","Reboot"],"picked":"Rainbow","floor":16},{"not_picked":["Hologram"],"picked":"SKIP","floor":18},{"not_picked":["Rebound"],"picked":"SKIP","floor":19},{"not_picked":[],"picked":"Double Energy","floor":22},{"not_picked":["Stack+1"],"picked":"SKIP","floor":23},{"not_picked":[],"picked":"Storm+1","floor":25},{"not_picked":[],"picked":"Capacitor+1","floor":27}],"player_experience":271275,"relics_obtained":[{"floor":6,"key":"Anchor"},{"floor":9,"key":"Blue Candle"},{"floor":12,"key":"Symbiotic Virus"},{"floor":23,"key":"Mummified Hand"},{"floor":26,"key":"Cables"}],"event_choices":[{"damage_healed":0,"gold_gain":0,"player_choice":"Take Damage","damage_taken":18,"relics_obtained":["Golden Idol"],"max_hp_gain":0,"max_hp_loss":0,"event_name":"Golden Idol","floor":2,"gold_loss":0},{"damage_healed":0,"gold_gain":0,"player_choice":"Entered Light","damage_taken":15,"max_hp_gain":0,"max_hp_loss":0,"event_name":"Shining Light","floor":5,"gold_loss":0,"cards_upgraded":["Strike_B","BootSequence"]},{"damage_healed":0,"gold_gain":0,"player_choice":"Obtained Relic","damage_taken":0,"relics_obtained":["FossilizedHelix"],"max_hp_gain":0,"max_hp_loss":0,"event_name":"Addict","floor":20,"gold_loss":85}],"is_beta":false,"boss_relics":[{"not_picked":["Calling Bell","Eternal Feather"],"picked":"Busted Crown"}],"items_purged_floors":[4,10],"is_endless":false,"potions_floor_spawned":[1,6,7,8,16,19,27],"killed_by":"Book of Stabbing","ascension_level":5}