{"gold_per_floor":[110,123,136,148,158,158,158,158,158,183,206,227,250,264,264,264],"floor_reached":16,"playtime":733,"items_purged":[],"score":196,"play_id":"c718912a-078d-424e-9819-f90c507ee5fb","local_time":"20190822181348","is_ascension_mode":true,"campfire_choices":[{"data":"Genetic Algorithm","floor":6,"key":"SMITH"},{"data":"Conserve Battery","floor":8,"key":"SMITH"},{"floor":15,"key":"REST"}],"neow_cost":"NONE","seed_source_timestamp":1118186597026389,"circlet_count":0,"master_deck":["AscendersBane","Strike_B","Strike_B","Strike_B","Strike_B","Defend_B","Defend_B","Defend_B","Defend_B","Zap","Dualcast","Genetic Algorithm+1","Conserve Battery","Undo","Conserve Battery+1","BootSequence","Ball Lightning","Coolheaded","Compile Driver","Tempest"],"relics":["Cracked Core","Golden Idol","Frozen Egg 2","Smiling Mask"],"potions_floor_usage":[],"damage_taken":[{"damage":4,"enemies":"Small Slimes","floor":1,"turns":4},{"damage":3,"enemies":"Jaw Worm","floor":2,"turns":5},{"damage":0,"enemies":"Cultist","floor":3,"turns":4},{"damage":29,"enemies":"Exordium Thugs","floor":4,"turns":5},{"damage":0,"enemies":"2 Fungi Beasts","floor":5,"turns":3},{"damage":0,"enemies":"Looter","floor":10,"turns":4},{"damage":2,"enemies":"Gremlin Gang","floor":12,"turns":6},{"damage":1,"enemies":"3 Louse","floor":13,"turns":4},{"damage":4,"enemies":"Exordium Wildlife","floor":14,"turns":4},{"damage":52,"enemies":"Slime Boss","floor":16,"turns":11}],"seed_played":"7553322080690137823","potions_obtained":[{"floor":1,"key":"FearPotion"},{"floor":2,"key":"SpeedPotion"}],"is_trial":false,"path_per_floor":["M","M","M","M","M","R","?","R","T","M","T","M","M","M","R","B"],"character_chosen":"DEFECT","items_purchased":[],"campfire_rested":1,"item_purchase_floors":[],"current_hp_per_floor":[67,64,64,35,35,35,35,35,35,35,35,33,32,28,49,0],"gold":264,"neow_bonus":"TEN_PERCENT_HP_BONUS","is_prod":false,"is_daily":false,"chose_seed":false,"campfire_upgraded":2,"win_rate":0,"timestamp":1566512028,"path_taken":["M","M","M","M","M","R","?","R","T","M","?","M","M","M","R","BOSS"],"build_version":"2019-07-17","purchased_purges":0,"victory":false,"max_hp_per_floor":[78,78,78,78,78,78,71,71,71,71,71,71,71,71,71,71],"card_choices":[{"not_picked":["Storm","Tempest"],"picked":"Genetic Algorithm","floor":1},{"not_picked":["White Noise","Stack"],"picked":"Conserve Battery","floor":2},{"not_picked":["Heatsinks","Reinforced Body"],"picked":"Undo","floor":3},{"not_picked":["Streamline","Go for the Eyes"],"picked":"Conserve Battery","floor":4},{"not_picked":["Lockon","Hologram"],"picked":"BootSequence","floor":5},{"not_picked":["Go for the Eyes","Turbo"],"picked":"Ball Lightning","floor":10},{"not_picked":["Turbo","Fission"],"picked":"Coolheaded","floor":12},{"not_picked":["Force Field","Skim"],"picked":"Compile Driver","floor":13},{"not_picked":["Steam","Sweeping Beam"],"picked":"Tempest","floor":14}],"player_experience":1097815,"relics_obtained":[{"floor":9,"key":"Frozen Egg 2"},{"floor":11,"key":"Smiling Mask"}],"event_choices":[{"damage_healed":0,"gold_gain":0,"player_choice":"Lose Max HP","damage_taken":0,"relics_obtained":["Golden Idol"],"max_hp_gain":0,"max_hp_loss":7,"event_name":"Golden Idol","floor":7,"gold_loss":0}],"is_beta":false,"boss_relics":[],"items_purged_floors":[],"is_endless":false,"potions_floor_spawned":[1,2,12,14],"killed_by":"Slime Boss","ascension_level":20}