{"gold_per_floor":[116,133,152,169,49,49,66,66,90,90,123,123,147,147,147,147],"floor_reached":16,"playtime":944,"items_purged":["Strike_G"],"score":122,"play_id":"544cc4d0-904c-4e4d-b75b-72cbe7e8edaa","local_time":"20181026004650","is_ascension_mode":true,"campfire_choices":[{"data":"Sucker Punch","floor":6,"key":"SMITH"},{"data":"Terror","floor":8,"key":"SMITH"},{"data":"Neutralize","floor":10,"key":"SMITH"},{"floor":15,"key":"REST"}],"neow_cost":"NONE","seed_source_timestamp":0,"circlet_count":0,"master_deck":["Defend_G","Defend_G","Defend_G","Defend_G","Defend_G","Strike_G","Strike_G","Strike_G","Strike_G","Survivor","Neutralize+1","Impatience","Heel Hook","Finisher","Slice","Sucker Punch+1","Terror+1","Slice","Slice","Decay"],"special_seed":0,"relics":["Ring of the Snake","PreservedInsect","Snake Skull","Golden Idol"],"potions_floor_usage":[7,7,16],"damage_taken":[{"damage":0,"enemies":"Cultist","floor":1,"turns":4},{"damage":1,"enemies":"2 Louse","floor":2,"turns":3},{"damage":0,"enemies":"Small Slimes","floor":3,"turns":4},{"damage":10,"enemies":"Looter","floor":4,"turns":4},{"damage":0,"enemies":"Large Slime","floor":7,"turns":3},{"damage":4,"enemies":"3 Sentries","floor":11,"turns":5},{"damage":1,"enemies":"2 Fungi Beasts","floor":13,"turns":3},{"damage":58,"enemies":"Slime Boss","floor":16,"turns":13}],"seed_played":"1144459828840646742","potions_obtained":[{"floor":3,"key":"GamblersBrew"},{"floor":4,"key":"Strength Potion"},{"floor":7,"key":"EssenceOfSteel"}],"is_trial":false,"path_per_floor":["M","M","M","M","$","R","M","R","T","R","E","?","M","?","R"],"character_chosen":"THE_SILENT","items_purchased":["Sucker Punch"],"campfire_rested":1,"item_purchase_floors":[5],"current_hp_per_floor":[70,69,69,59,59,59,59,59,59,59,55,38,37,37,58,0],"gold":147,"neow_bonus":"RANDOM_COLORLESS","is_prod":false,"is_daily":false,"chose_seed":false,"campfire_upgraded":3,"win_rate":0,"timestamp":1540486010,"path_taken":["M","M","?","?","$","R","?","R","T","R","E","?","M","?","R","BOSS"],"build_version":"2018-10-18","purchased_purges":1,"victory":false,"max_hp_per_floor":[70,70,70,70,70,70,70,70,70,70,70,70,70,70,70,70],"card_choices":[{"not_picked":["Bane","Prepared"],"picked":"Heel Hook","floor":1},{"not_picked":["Caltrops","Bane","Dagger Throw"],"picked":"SKIP","floor":2},{"not_picked":["Blade Dance","Bane"],"picked":"Finisher","floor":3},{"not_picked":["Noxious Fumes","Concentrate"],"picked":"Slice","floor":4},{"not_picked":["Poisoned Stab","Acrobatics"],"picked":"Terror","floor":7},{"not_picked":["PiercingWail","Infinite Blades"],"picked":"Slice","floor":11},{"not_picked":["Choke","Footwork"],"picked":"Slice","floor":13}],"player_experience":450606,"relics_obtained":[{"floor":9,"key":"PreservedInsect"},{"floor":11,"key":"Snake Skull"}],"event_choices":[{"damage_healed":0,"gold_gain":0,"player_choice":"Take Damage","damage_taken":17,"relics_obtained":["Golden Idol"],"max_hp_gain":0,"max_hp_loss":0,"event_name":"Golden Idol","floor":12,"gold_loss":0},{"damage_healed":0,"gold_gain":0,"player_choice":"Cursed","damage_taken":0,"max_hp_gain":0,"max_hp_loss":0,"event_name":"Wheel of Change","floor":14,"gold_loss":0,"cards_obtained":["Decay"]}],"is_beta":false,"boss_relics":[],"items_purged_floors":[5],"is_endless":false,"potions_floor_spawned":[3,4,7],"killed_by":"Slime Boss","ascension_level":4}