{"gold_per_floor":[113,123,123,139,155,155,182,182,182,182],"floor_reached":10,"playtime":485,"items_purged":[],"score":126,"play_id":"ef46a818-fb57-4c73-a23b-a24803b67eed","local_time":"20190821162121","is_ascension_mode":true,"campfire_choices":[{"floor":6,"key":"REST"}],"neow_cost":"NONE","seed_source_timestamp":845254098387,"circlet_count":0,"master_deck":["AscendersBane","Strike_G","Strike_G","Strike_G","Strike_G","Strike_G","Defend_G","Defend_G","Defend_G","Defend_G","Defend_G","Survivor","Neutralize","Leg Sweep+1","Predator","Dagger Spray","Outmaneuver","Flying Knee","Writhe","Neutralize"],"relics":["Ring of the Snake","NeowsBlessing","Incense Burner","Mummified Hand"],"potions_floor_usage":[],"damage_taken":[{"damage":0,"enemies":"Cultist","floor":1,"turns":1},{"damage":0,"enemies":"Jaw Worm","floor":2,"turns":1},{"damage":0,"enemies":"2 Louse","floor":4,"turns":1},{"damage":38,"enemies":"Exordium Thugs","floor":5,"turns":9},{"damage":37,"enemies":"3 Sentries","floor":7,"turns":8},{"damage":11,"enemies":"Gremlin Gang","floor":10,"turns":1}],"seed_played":"7174028094491923568","potions_obtained":[{"floor":7,"key":"LiquidBronze"}],"is_trial":false,"path_per_floor":["M","M","?","M","M","R","E","?","T","M"],"character_chosen":"THE_SILENT","items_purchased":[],"campfire_rested":1,"item_purchase_floors":[],"current_hp_per_floor":[59,59,59,59,21,40,3,3,3,0],"gold":182,"neow_bonus":"THREE_ENEMY_KILL","is_prod":false,"is_daily":false,"chose_seed":false,"campfire_upgraded":0,"win_rate":0,"timestamp":1566429681,"path_taken":["M","M","?","M","M","R","E","?","T","?"],"build_version":"2019-07-17","purchased_purges":0,"victory":false,"max_hp_per_floor":[66,66,66,66,66,66,66,66,66,66],"card_choices":[{"not_picked":["PiercingWail","Bane"],"picked":"Leg Sweep","floor":1},{"not_picked":["Skewer","Well Laid Plans"],"picked":"Predator","floor":2},{"not_picked":["Acrobatics","Finisher"],"picked":"Dagger Spray","floor":4},{"not_picked":["Deflect","Underhanded Strike"],"picked":"Outmaneuver","floor":5},{"not_picked":["Caltrops","Corpse Explosion"],"picked":"Flying Knee","floor":7}],"player_experience":712826,"relics_obtained":[{"floor":7,"key":"Incense Burner"},{"floor":9,"key":"Mummified Hand"}],"event_choices":[{"damage_healed":0,"gold_gain":0,"player_choice":"Grow","damage_taken":0,"max_hp_gain":0,"max_hp_loss":0,"event_name":"Living Wall","floor":3,"gold_loss":0,"cards_upgraded":["Leg Sweep"]},{"damage_healed":0,"gold_gain":0,"player_choice":"2 cards matched","damage_taken":0,"max_hp_gain":0,"max_hp_loss":0,"event_name":"Match and Keep!","floor":8,"gold_loss":0,"cards_obtained":["Writhe","Neutralize"]}],"is_beta":false,"boss_relics":[],"items_purged_floors":[],"is_endless":false,"potions_floor_spawned":[7],"killed_by":"Gremlin Gang","ascension_level":17}