{"gold_per_floor":[109,119,139,139,151,184,184,197,224,250,267,279,295,43,43,146,146,156,156,169,17,17,17,17],"floor_reached":24,"playtime":3405,"items_purged":["Strike_R"],"score":235,"play_id":"4a80f80c-a8cd-40c6-b065-c3ddf5593e94","local_time":"20180725202954","is_ascension_mode":false,"campfire_choices":[{"data":"Flame Barrier","floor":7,"key":"SMITH"},{"data":"Twin Strike","floor":15,"key":"SMITH"},{"data":"Brutality","floor":23,"key":"SMITH"}],"neow_cost":"","seed_source_timestamp":275714982921264,"circlet_count":0,"master_deck":["Strike_R","Strike_R","Strike_R","Strike_R","Defend_R","Defend_R","Defend_R","Defend_R","Bash","Armaments","Headbutt","Flame Barrier+1","Uppercut","Clothesline","Armaments","Carnage","Twin Strike+1","Rampage","Sever Soul","Body Slam","Brutality+1","Twin Strike","Twin Strike","Rage"],"relics":["Burning Blood","Anchor","Ornamental Fan","Strawberry","Mercury Hourglass","Lee\u0027s Waffle","Runic Pyramid"],"potions_floor_usage":[10],"damage_taken":[{"damage":6,"enemies":"Cultist","floor":1,"turns":4},{"damage":11,"enemies":"Small Slimes","floor":2,"turns":3},{"damage":5,"enemies":"2 Louse","floor":3,"turns":2},{"damage":5,"enemies":"Exordium Thugs","floor":5,"turns":4},{"damage":47,"enemies":"Gremlin Nob","floor":6,"turns":6},{"damage":15,"enemies":"3 Louse","floor":8,"turns":7},{"damage":6,"enemies":"3 Sentries","floor":10,"turns":11},{"damage":2,"enemies":"Exordium Wildlife","floor":11,"turns":5},{"damage":10,"enemies":"2 Fungi Beasts","floor":12,"turns":3},{"damage":7,"enemies":"Blue Slaver","floor":13,"turns":3},{"damage":41,"enemies":"The Guardian","floor":16,"turns":10},{"damage":12,"enemies":"Chosen","floor":18,"turns":5},{"damage":8,"enemies":"Shell Parasite","floor":20,"turns":7},{"damage":74,"enemies":"Book of Stabbing","floor":24,"turns":6}],"seed_played":"-8653382326172099641","potions_obtained":[{"floor":5,"key":"SkillPotion"},{"floor":8,"key":"SteroidPotion"},{"floor":12,"key":"Strength Potion"},{"floor":13,"key":"SteroidPotion"},{"floor":16,"key":"Explosive Potion"},{"floor":18,"key":"EssenceOfSteel"}],"is_trial":false,"path_per_floor":["M","M","M","T","M","E","R","M","T","E","M","M","M","$","R","B",null,"M","?","M","$","$","R"],"character_chosen":"IRONCLAD","items_purchased":["Lee\u0027s Waffle","Body Slam","Rage"],"campfire_rested":0,"item_purchase_floors":[14,14,21],"current_hp_per_floor":[80,75,76,76,77,36,36,27,34,34,38,34,33,94,94,59,94,88,69,67,67,67,67,0],"gold":17,"neow_bonus":"","is_prod":false,"is_daily":false,"chose_seed":false,"campfire_upgraded":3,"win_rate":0.0,"timestamp":1532521794,"path_taken":["M","M","M","?","M","E","R","M","T","E","?","M","M","$","R","BOSS","M","?","M","?","$","R","E"],"build_version":"2018-07-19v2","purchased_purges":1,"victory":false,"max_hp_per_floor":[80,80,80,80,80,80,80,80,87,87,87,87,87,94,94,94,94,94,99,99,99,99,99,99],"card_choices":[{"not_picked":["Flex","Thunderclap"],"picked":"Armaments","floor":1},{"not_picked":["Shockwave","Thunderclap"],"picked":"Headbutt","floor":2},{"not_picked":["Clothesline","Reckless Charge"],"picked":"Flame Barrier","floor":3},{"not_picked":["Sword Boomerang","Second Wind"],"picked":"Uppercut","floor":5},{"not_picked":["Impervious","True Grit"],"picked":"Clothesline","floor":6},{"not_picked":["Power Through","Anger"],"picked":"Armaments","floor":8},{"not_picked":["Disarm","Thunderclap"],"picked":"Carnage","floor":10},{"not_picked":["Combust","Cleave"],"picked":"Twin Strike","floor":11},{"not_picked":["True Grit","Warcry"],"picked":"Rampage","floor":12},{"not_picked":["Searing Blow","Hemokinesis"],"picked":"Sever Soul","floor":13},{"not_picked":["Feed","Offering"],"picked":"Brutality","floor":16},{"not_picked":["Body Slam","Inflame"],"picked":"Twin Strike","floor":18},{"not_picked":["Blood for Blood+1","Anger"],"picked":"Twin Strike","floor":20}],"player_experience":0,"relics_obtained":[{"floor":4,"key":"Anchor"},{"floor":6,"key":"Ornamental Fan"},{"floor":9,"key":"Strawberry"},{"floor":10,"key":"Mercury Hourglass"}],"event_choices":[{"event_name":"Forgotten Altar","player_choice":"Shed Blood","floor":19,"damage_taken":0}],"is_beta":false,"boss_relics":[{"not_picked":["Astrolabe","Black Star"],"picked":"Runic Pyramid"}],"items_purged_floors":[21],"is_endless":false,"potions_floor_spawned":[5,8,12,13,16,18],"killed_by":"Book of Stabbing","ascension_level":0}