{"gold_per_floor":[110,110,120,27,27,60,80,80,380,380,36,51,62,92,92,92],"floor_reached":16,"playtime":838,"items_purged":["Strike_G"],"score":149,"play_id":"aeea9fb0-bddf-47cd-958f-277dbeb76a23","local_time":"20190201195941","is_ascension_mode":true,"campfire_choices":[{"floor":8.0,"key":"REST"},{"data":"Finesse","floor":10.0,"key":"SMITH"},{"data":"Calculated Gamble","floor":15.0,"key":"SMITH"}],"neow_cost":"NONE","seed_source_timestamp":5011484925779056,"circlet_count":0,"master_deck":["Defend_G","Defend_G","Defend_G","Defend_G","Strike_G","Strike_G+1","Strike_G","Strike_G","Survivor+1","Neutralize","Acrobatics","Finesse+1","Infinite Blades","Prepared","Calculated Gamble+1"],"special_seed":0,"relics":["Runic Pyramid","FossilizedHelix","Old Coin","TheAbacus","Pocketwatch"],"potions_floor_usage":[],"damage_taken":[{"damage":0.0,"enemies":"2 Louse","floor":1.0,"turns":3.0},{"damage":0.0,"enemies":"Jaw Worm","floor":3.0,"turns":5.0},{"damage":37.0,"enemies":"Lagavulin","floor":6.0,"turns":9.0},{"damage":0.0,"enemies":"Cultist","floor":7.0,"turns":3.0},{"damage":0.0,"enemies":"Large Slime","floor":12.0,"turns":7.0},{"damage":9.0,"enemies":"Gremlin Gang","floor":13.0,"turns":6.0},{"damage":3.0,"enemies":"Gremlin Nob","floor":14.0,"turns":5.0},{"damage":23,"enemies":"Slime Boss","floor":16,"turns":6}],"seed_played":"5510635470886479858","potions_obtained":[{"floor":6.0,"key":"PowerPotion"},{"floor":13.0,"key":"LiquidBronze"}],"is_trial":false,"path_per_floor":["M","?","M","$","?","E","M","R","T","R","$","M","M","E","R","B"],"character_chosen":"THE_SILENT","items_purchased":["Finesse","TheAbacus","Infinite Blades"],"campfire_rested":1,"item_purchase_floors":[4,11,11],"current_hp_per_floor":[63,63,63,63,49,12,12,33,33,33,33,33,24,21,21,0],"gold":92,"neow_bonus":"BOSS_RELIC","is_prod":false,"is_daily":false,"chose_seed":false,"campfire_upgraded":2,"win_rate":0,"timestamp":1549069181,"path_taken":["M","?","M","$","?","E","M","R","T","R","?","M","?","E","R","BOSS"],"build_version":"2019-01-23","purchased_purges":1,"victory":false,"max_hp_per_floor":[70,70,70,70,70,70,70,70,70,70,70,70,70,70,70,70],"card_choices":[{"not_picked":["Bane","Riddle With Holes","Deflect"],"picked":"SKIP","floor":1.0},{"not_picked":["Poisoned Stab","Deadly Poison"],"picked":"Acrobatics","floor":3.0},{"not_picked":["Masterful Stab","Poisoned Stab","Deflect"],"picked":"SKIP","floor":6.0},{"not_picked":["Flying Knee","Bane","PiercingWail"],"picked":"SKIP","floor":7.0},{"not_picked":["Riddle With Holes","Dagger Spray","Doppelganger"],"picked":"SKIP","floor":12.0},{"not_picked":["Dagger Spray","Predator"],"picked":"Prepared","floor":13.0},{"not_picked":["Cloak And Dagger","Blur"],"picked":"Calculated Gamble","floor":14.0}],"player_experience":384654,"relics_obtained":[{"floor":6.0,"key":"FossilizedHelix"},{"floor":9.0,"key":"Old Coin"},{"floor":14.0,"key":"Pocketwatch"}],"event_choices":[{"cards_removed":["Defend_G"],"damage_healed":0.0,"max_hp_gain":0.0,"max_hp_loss":0.0,"gold_gain":0.0,"event_name":"Living Wall","player_choice":"Forget","floor":2.0,"gold_loss":0.0,"damage_taken":0.0},{"damage_healed":0.0,"max_hp_gain":0.0,"max_hp_loss":0.0,"gold_gain":0.0,"event_name":"Shining Light","player_choice":"Entered Light","floor":5.0,"gold_loss":0.0,"damage_taken":14.0,"cards_upgraded":["Survivor","Strike_G"]}],"is_beta":false,"boss_relics":[],"items_purged_floors":[11],"is_endless":false,"potions_floor_spawned":[6,13],"killed_by":"Slime Boss","ascension_level":7}