{"gold_per_floor":[112,112,128,144,144,171,171,198,198,231,245,245,256,272,272,349,349,360,393,308,308,258,258,258,258,258,258,275,290,290],"floor_reached":30,"playtime":1145,"items_purged":[],"score":509,"play_id":"d534f025-d7cc-4224-9ce4-d7dacce0c34b","local_time":"20190816153442","is_ascension_mode":true,"campfire_choices":[{"floor":7.0,"key":"REST"},{"floor":12.0,"key":"REST"},{"floor":15.0,"key":"REST"},{"data":"Rainbow","floor":23,"key":"SMITH"},{"data":"Capacitor","floor":25,"key":"SMITH"},{"data":"Streamline","floor":27,"key":"SMITH"}],"neow_cost":"NONE","seed_source_timestamp":589827930263833,"circlet_count":0,"master_deck":["AscendersBane","Defend_B","Defend_B","Defend_B","Zap","Dualcast","Conserve Battery","Loop","Ball Lightning","Ball Lightning","Streamline+1","Capacitor+1","Rainbow+1","Undo","Machine Learning","Ball Lightning","Bite","Bite","Bite","Bite","Bite","Stack"],"special_seed":0,"relics":["Cracked Core","NeowsBlessing","Oddly Smooth Stone","Bag of Marbles","Pantograph","Singing Bowl","Happy Flower","Velvet Choker","Red Mask","Thread and Needle","Kunai"],"potions_floor_usage":[30],"damage_taken":[{"damage":0.0,"enemies":"Small Slimes","floor":1.0,"turns":1.0},{"damage":0.0,"enemies":"Cultist","floor":3.0,"turns":1.0},{"damage":0.0,"enemies":"2 Louse","floor":4.0,"turns":1.0},{"damage":26.0,"enemies":"3 Sentries","floor":6.0,"turns":7.0},{"damage":24.0,"enemies":"Gremlin Nob","floor":8.0,"turns":4.0},{"damage":30.0,"enemies":"3 Sentries","floor":10.0,"turns":6.0},{"damage":0.0,"enemies":"2 Fungi Beasts","floor":11.0,"turns":3.0},{"damage":14.0,"enemies":"Exordium Thugs","floor":13.0,"turns":3.0},{"damage":7.0,"enemies":"3 Louse","floor":14.0,"turns":3.0},{"damage":42.0,"enemies":"Hexaghost","floor":16.0,"turns":9.0},{"damage":6.0,"enemies":"Chosen","floor":18.0,"turns":4.0},{"damage":18.0,"enemies":"Masked Bandits","floor":19.0,"turns":4.0},{"damage":13,"enemies":"Shell Parasite","floor":28,"turns":5},{"damage":14,"enemies":"Snake Plant","floor":29,"turns":4},{"damage":62,"enemies":"Gremlin Leader","floor":30,"turns":6}],"seed_played":"-4839302774180230151","potions_obtained":[{"floor":4.0,"key":"Energy Potion"},{"floor":6.0,"key":"Ancient Potion"},{"floor":10.0,"key":"PowerPotion"},{"floor":14.0,"key":"SteroidPotion"},{"floor":29,"key":"Regen Potion"}],"is_trial":false,"path_per_floor":["M","?","M","M","T","E","R","E","T","E","M","R","M","M","R","B",null,"M","?","?","?","$","R","?","R","T","R","M","M","E"],"character_chosen":"DEFECT","items_purchased":["Stack"],"campfire_rested":3,"item_purchase_floors":[22],"current_hp_per_floor":[64,64,64,64,64,38,59,35,35,5,5,26,12,7,28,11,58,52,36,36,36,36,36,36,36,36,36,35,25,0],"gold":290,"neow_bonus":"THREE_ENEMY_KILL","is_prod":false,"is_daily":false,"chose_seed":false,"campfire_upgraded":3,"win_rate":0,"timestamp":1565984082,"path_taken":["M","?","?","?","?","E","R","E","T","E","M","R","M","M","R","BOSS","M","?","?","?","$","R","?","R","T","R","M","?","E"],"build_version":"2019-07-17","purchased_purges":0,"victory":false,"max_hp_per_floor":[71,71,71,71,71,71,71,71,71,71,71,71,71,73,73,73,73,73,75,75,52,52,52,52,52,52,52,54,56,56],"card_choices":[{"not_picked":["Stack","Undo"],"picked":"Conserve Battery","floor":1.0},{"not_picked":["Hologram","Turbo"],"picked":"Loop","floor":3.0},{"not_picked":["Sweeping Beam","Conserve Battery"],"picked":"Ball Lightning","floor":4.0},{"not_picked":["Conserve Battery","Streamline"],"picked":"Ball Lightning","floor":6.0},{"not_picked":["Hello World","Rebound"],"picked":"Streamline","floor":8.0},{"not_picked":["Gash","Lockon"],"picked":"Capacitor","floor":10.0},{"not_picked":["Capacitor","Streamline"],"picked":"Rainbow","floor":11.0},{"not_picked":["Rip and Tear","Chill"],"picked":"Undo","floor":13.0},{"not_picked":["Redo","Genetic Algorithm","Turbo"],"picked":"Singing Bowl","floor":14.0},{"not_picked":["Reboot","Creative AI"],"picked":"Machine Learning","floor":16.0},{"not_picked":["Barrage+1","Turbo"],"picked":"Ball Lightning","floor":18.0},{"not_picked":["Barrage","Steam Power","Cold Snap"],"picked":"Singing Bowl","floor":19.0},{"not_picked":["Heatsinks+1","Rip and Tear","Doom and Gloom"],"picked":"Singing Bowl","floor":28},{"not_picked":["Hologram","Sweeping Beam","Stack"],"picked":"Singing Bowl","floor":29}],"player_experience":1048737,"relics_obtained":[{"floor":5.0,"key":"Oddly Smooth Stone"},{"floor":6.0,"key":"Bag of Marbles"},{"floor":8.0,"key":"Pantograph"},{"floor":9.0,"key":"Singing Bowl"},{"floor":10.0,"key":"Happy Flower"},{"floor":19.0,"key":"Red Mask"},{"floor":26,"key":"Kunai"}],"event_choices":[{"damage_healed":0.0,"max_hp_gain":0.0,"max_hp_loss":0.0,"gold_gain":0.0,"event_name":"Match and Keep!","player_choice":"0 cards matched","floor":2.0,"gold_loss":0.0,"damage_taken":0.0,"cards_obtained":[]},{"damage_healed":0.0,"max_hp_gain":0.0,"max_hp_loss":0.0,"gold_gain":0.0,"event_name":"Masked Bandits","player_choice":"Fought Bandits","floor":19.0,"gold_loss":0.0,"damage_taken":0.0},{"damage_healed":0.0,"max_hp_gain":0.0,"max_hp_loss":0.0,"gold_gain":0.0,"event_name":"Addict","player_choice":"Obtained Relic","floor":20.0,"gold_loss":85.0,"damage_taken":0.0,"relics_obtained":["Thread and Needle"]},{"damage_healed":0,"gold_gain":0,"player_choice":"Became a vampire","damage_taken":0,"max_hp_gain":0,"max_hp_loss":23,"event_name":"Vampires","floor":21,"gold_loss":0,"cards_obtained":["Bite","Bite","Bite","Bite","Bite"]},{"cards_removed":["Defend_B"],"damage_healed":0,"gold_gain":0,"player_choice":"Offered Basic","damage_taken":0,"max_hp_gain":0,"max_hp_loss":0,"event_name":"Bonfire Elementals","floor":24,"gold_loss":0}],"is_beta":false,"boss_relics":[{"not_picked":["Runic Dome","Snecko Eye"],"picked":"Velvet Choker"}],"items_purged_floors":[],"is_endless":false,"potions_floor_spawned":[4,6,10,14,29],"killed_by":"Gremlin Leader","ascension_level":19}