{"gold_per_floor":[110,110,35,35,49,49,82,82,150,178,178,189,11,29,29,134,134,148,48,48,48,48,48,68,68,142,154,154,154],"floor_reached":29,"playtime":3002,"items_purged":["Strike_G","Defend_G"],"score":275,"play_id":"8f55e214-6666-40d4-a5c0-976d31f0ec89","local_time":"20181014165743","is_ascension_mode":true,"campfire_choices":[{"data":"Terror","floor":6,"key":"SMITH"},{"data":"Unload","floor":8,"key":"SMITH"},{"data":"Defend_G","floor":11,"key":"SMITH"},{"floor":15,"key":"REST"},{"floor":23,"key":"REST"},{"floor":28,"key":"REST"}],"neow_cost":"NONE","seed_source_timestamp":332741970879800,"circlet_count":0,"master_deck":["Defend_G","Defend_G","Defend_G+1","Defend_G","Strike_G","Strike_G","Strike_G","Survivor","Neutralize","Unload+1","Terror+1","Deflect","Deflect","Panache","A Thousand Cuts","Infinite Blades","Cloak And Dagger"],"relics":["Ring of the Snake","Dodecahedron","Meat on the Bone","Gremlin Horn","WingedGreaves","Black Star","Kunai"],"potions_floor_usage":[16,16,27,27,29],"damage_taken":[{"damage":0,"enemies":"2 Louse","floor":1,"turns":3},{"damage":0,"enemies":"Cultist","floor":5,"turns":2},{"damage":25,"enemies":"Gremlin Nob","floor":7,"turns":4},{"damage":13,"enemies":"Lagavulin","floor":10,"turns":6},{"damage":0,"enemies":"Jaw Worm","floor":12,"turns":3},{"damage":1,"enemies":"Large Slime","floor":14,"turns":6},{"damage":14,"enemies":"Slime Boss","floor":16,"turns":12},{"damage":32,"enemies":"Spheric Guardian","floor":18,"turns":5},{"damage":36,"enemies":"3 Byrds","floor":24,"turns":5},{"damage":16,"enemies":"Snecko","floor":27,"turns":5},{"damage":58,"enemies":"Slavers","floor":29,"turns":6}],"seed_played":"988985304461159286","potions_obtained":[{"floor":1,"key":"Strength Potion"},{"floor":7,"key":"Strength Potion"},{"floor":12,"key":"Ancient Potion"},{"floor":14,"key":"SteroidPotion"},{"floor":18,"key":"Weak Potion"},{"floor":27,"key":"Explosive Potion"}],"is_trial":false,"path_per_floor":["M","?","$","?","M","R","E","R","T","E","R","M","$","M","R","B",null,"M","$","?","$","$","R","M","?","T","M","R"],"character_chosen":"THE_SILENT","items_purchased":["Panache"],"campfire_rested":3,"item_purchase_floors":[13],"current_hp_per_floor":[70,70,70,70,70,70,45,45,45,44,44,44,44,43,64,50,70,38,38,38,38,38,59,35,35,35,31,52,0],"gold":154,"neow_bonus":"TRANSFORM_CARD","is_prod":false,"is_daily":false,"chose_seed":false,"campfire_upgraded":3,"win_rate":0,"timestamp":1539507463,"path_taken":["M","?","$","?","?","R","E","R","T","E","R","M","$","M","R","BOSS","M","$","?","?","$","R","M","?","T","?","R","E"],"build_version":"2018-10-11","purchased_purges":2,"victory":false,"max_hp_per_floor":[70,70,70,70,70,70,70,70,70,70,70,70,70,70,70,70,70,70,70,70,70,70,70,70,70,70,70,70,70],"card_choices":[{"not_picked":["Expertise","Endless Agony"],"picked":"Terror","floor":1},{"not_picked":["Backflip","Leg Sweep","Predator"],"picked":"SKIP","floor":5},{"not_picked":["Dagger Spray","Backflip"],"picked":"Deflect","floor":7},{"not_picked":["Catalyst","Quick Slash","Blur"],"picked":"SKIP","floor":10},{"not_picked":["Sucker Punch","Dagger Spray"],"picked":"Deflect","floor":12},{"not_picked":["Distraction","Blur","Sucker Punch"],"picked":"SKIP","floor":14},{"not_picked":["Night Terror","Envenom"],"picked":"A Thousand Cuts","floor":16},{"not_picked":["Dodge and Roll+1","Well Laid Plans+1"],"picked":"Infinite Blades","floor":18},{"not_picked":["Poisoned Stab","All Out Attack"],"picked":"Cloak And Dagger","floor":24},{"not_picked":["Flying Knee","Calculated Gamble","Crippling Poison"],"picked":"SKIP","floor":27}],"player_experience":411085,"relics_obtained":[{"floor":7,"key":"Meat on the Bone"},{"floor":9,"key":"Gremlin Horn"},{"floor":10,"key":"WingedGreaves"},{"floor":26,"key":"Kunai"}],"event_choices":[{"event_name":"WeMeetAgain","player_choice":"Potion","floor":2,"damage_taken":0},{"event_name":"The Cleric","player_choice":"Leave","floor":4,"damage_taken":0},{"event_name":"Cursed Tome","player_choice":"Ignored","floor":20,"damage_taken":0},{"event_name":"The Mausoleum","player_choice":"No","floor":25,"damage_taken":0}],"is_beta":false,"boss_relics":[{"not_picked":["Coffee Dripper","Tiny House"],"picked":"Black Star"}],"items_purged_floors":[3,19],"is_endless":false,"potions_floor_spawned":[1,7,12,14,18,27],"killed_by":"Slavers","ascension_level":4}