{"gold_per_floor":[119,119,119,72,86,119,136,41,41,41,60,60,75,87,87,190,190,205,24,41,54,54],"floor_reached":22,"playtime":1857,"items_purged":[],"score":224,"play_id":"f6070122-e24a-4d5f-a320-c153a01e2de3","local_time":"20190724172316","is_ascension_mode":true,"campfire_choices":[{"data":"Discovery","floor":10,"key":"SMITH"},{"data":"Anger","floor":12,"key":"SMITH"},{"data":"Metallicize","floor":15,"key":"SMITH"}],"neow_cost":"NONE","seed_source_timestamp":33702090948139,"circlet_count":0,"master_deck":["Strike_R","Strike_R","Strike_R","Strike_R","Strike_R","Defend_R","Defend_R","Defend_R","Defend_R","Bash","Rampage","Pommel Strike","Anger+1","Headbutt","Hemokinesis","Metallicize+1","Discovery+1","Cleave","Flex","Pommel Strike","Juggernaut","Thunderclap","Evolve","Metallicize","Evolve","Inflame","Spot Weakness+1"],"relics":["Burning Blood","NeowsBlessing","The Courier","Vajra","White Beast Statue"],"potions_floor_usage":[],"damage_taken":[{"damage":0,"enemies":"Jaw Worm","floor":1,"turns":1},{"damage":0,"enemies":"2 Louse","floor":5,"turns":1},{"damage":0,"enemies":"Gremlin Nob","floor":6,"turns":1},{"damage":1,"enemies":"Cultist","floor":7,"turns":3},{"damage":3,"enemies":"Exordium Wildlife","floor":11,"turns":4},{"damage":7,"enemies":"Lots of Slimes","floor":13,"turns":3},{"damage":7,"enemies":"Looter","floor":14,"turns":3},{"damage":41,"enemies":"The Guardian","floor":16,"turns":12},{"damage":13,"enemies":"Spheric Guardian","floor":18,"turns":4},{"damage":25,"enemies":"Shell Parasite","floor":20,"turns":6},{"damage":57,"enemies":"Chosen and Byrds","floor":21,"turns":7},{"damage":14,"enemies":"Snake Plant","floor":22,"turns":2}],"seed_played":"-4201170578886930438","potions_obtained":[{"floor":1,"key":"GamblersBrew"},{"floor":7,"key":"SpeedPotion"},{"floor":11,"key":"Energy Potion"},{"floor":14,"key":"Strength Potion"},{"floor":18,"key":"AttackPotion"}],"is_trial":false,"path_per_floor":["M","?","?","$","M","E","M","$","T","R","M","R","M","M","R","B",null,"M","$","M","M","M"],"character_chosen":"IRONCLAD","items_purchased":["Pommel Strike","Metallicize","Discovery","Evolve","Metallicize","Evolve"],"campfire_rested":0,"item_purchase_floors":[4,8,8,19,19,19],"current_hp_per_floor":[80,80,85,85,85,85,85,85,85,85,85,85,84,83,83,48,85,78,78,59,8,0],"gold":54,"neow_bonus":"THREE_ENEMY_KILL","is_prod":false,"is_daily":false,"chose_seed":false,"campfire_upgraded":3,"win_rate":0,"timestamp":1563981796,"path_taken":["M","?","?","$","M","E","M","?","T","R","M","R","M","?","R","BOSS","M","$","M","M","M"],"build_version":"2019-07-17","purchased_purges":0,"victory":false,"max_hp_per_floor":[80,80,85,85,85,85,85,85,85,85,85,85,85,85,85,85,85,85,85,85,85,85],"card_choices":[{"not_picked":["Fire Breathing","Perfected Strike"],"picked":"Rampage","floor":1},{"not_picked":["Heavy Blade","Flex"],"picked":"Anger","floor":5},{"not_picked":["Sword Boomerang","Shrug It Off"],"picked":"Headbutt","floor":6},{"not_picked":["Bloodletting","Seeing Red"],"picked":"Hemokinesis","floor":7},{"not_picked":["Clash","Warcry"],"picked":"Cleave","floor":11},{"not_picked":["Perfected Strike","Sever Soul"],"picked":"Flex","floor":13},{"not_picked":["Havoc","Pummel"],"picked":"Pommel Strike","floor":14},{"not_picked":["Double Tap","Dark Embrace"],"picked":"Juggernaut","floor":16},{"not_picked":["Clothesline","Corruption"],"picked":"Thunderclap","floor":18},{"not_picked":["Hemokinesis","Shockwave"],"picked":"Inflame","floor":20},{"not_picked":["Heavy Blade+1","Seeing Red"],"picked":"Spot Weakness+1","floor":21}],"player_experience":203690,"relics_obtained":[{"floor":6,"key":"The Courier"},{"floor":9,"key":"Vajra"}],"event_choices":[{"damage_healed":0,"gold_gain":0,"player_choice":"Leave","damage_taken":0,"max_hp_gain":0,"max_hp_loss":0,"event_name":"The Cleric","floor":2,"gold_loss":0},{"damage_healed":0,"gold_gain":0,"player_choice":"Donut","damage_taken":0,"max_hp_gain":5,"max_hp_loss":0,"event_name":"Big Fish","floor":3,"gold_loss":0}],"is_beta":false,"boss_relics":[{"not_picked":["Ectoplasm","Snecko Eye"],"picked":"White Beast Statue"}],"items_purged_floors":[],"is_endless":false,"potions_floor_spawned":[1,7,11,14,18,20,21],"killed_by":"Snake Plant","ascension_level":1}