{"gold_per_floor":[117,117,42,52,2,2,21,21,93,16,16,27,27,109,109,212,212,212],"floor_reached":18,"playtime":1201,"items_purged":["Strike_G"],"score":148,"play_id":"b3d3b84d-2c7e-439f-ad63-83d463e96558","local_time":"20180728163311","is_ascension_mode":false,"campfire_choices":[{"data":"Footwork","floor":6.0,"key":"SMITH"},{"data":"Flying Knee","floor":8.0,"key":"SMITH"},{"data":"Deadly Poison","floor":13.0,"key":"SMITH"},{"floor":15.0,"key":"REST"}],"neow_cost":"NONE","seed_source_timestamp":0,"circlet_count":0,"master_deck":["Defend_G","Defend_G","Defend_G","Defend_G","Defend_G","Strike_G","Strike_G","Strike_G","Survivor","Neutralize","Footwork+1","Deadly Poison+1","Flying Knee+1","Blur","Envenom"],"special_seed":0,"relics":["Ring of the Snake","Question Card","Meat on the Bone"],"potions_floor_usage":[],"damage_taken":[{"damage":0.0,"enemies":"2 Louse","floor":1.0,"turns":4.0},{"damage":3.0,"enemies":"Cultist","floor":4.0,"turns":7.0},{"damage":13.0,"enemies":"Jaw Worm","floor":7.0,"turns":6.0},{"damage":0.0,"enemies":"Lots of Slimes","floor":12.0,"turns":6.0},{"damage":49.0,"enemies":"Slime Boss","floor":16.0,"turns":25.0},{"damage":22,"enemies":"3 Byrds","floor":18,"turns":3}],"seed_played":"2418511637254544844","potions_obtained":[{"floor":1.0,"key":"AttackPotion"},{"floor":12.0,"key":"LiquidBronze"},{"floor":16.0,"key":"PowerPotion"}],"is_trial":false,"path_per_floor":["M","?","$","M","?","R","M","R","T","$","?","M","R","T","R","B",null],"character_chosen":"THE_SILENT","items_purchased":["Blur"],"campfire_rested":1,"item_purchase_floors":[10],"current_hp_per_floor":[70,70,70,67,67,67,54,54,54,54,54,54,54,54,70,33,70,48],"gold":212,"neow_bonus":"REMOVE_CARD","is_prod":false,"is_daily":false,"chose_seed":false,"campfire_upgraded":3,"win_rate":0.0,"timestamp":1532766791,"path_taken":["M","?","$","?","?","R","M","R","T","$","?","M","R","?","R","BOSS","M"],"build_version":"2018-07-26","purchased_purges":1,"victory":false,"max_hp_per_floor":[70,70,70,70,70,70,70,70,70,70,70,70,70,70,70,70,70,70],"card_choices":[{"not_picked":["Leg Sweep","Acrobatics"],"picked":"Footwork","floor":1.0},{"not_picked":["Dodge and Roll","Distraction"],"picked":"Deadly Poison","floor":4.0},{"not_picked":["Dodge and Roll","Dagger Throw"],"picked":"Flying Knee","floor":7.0},{"not_picked":["Reflex","Dagger Spray","Eviscerate","Bouncing Flask"],"picked":"SKIP","floor":12.0},{"not_picked":["Malaise","Tools of the Trade","Unload"],"picked":"Envenom","floor":16.0}],"player_experience":39017,"relics_obtained":[{"floor":9.0,"key":"Question Card"},{"floor":14.0,"key":"Meat on the Bone"}],"event_choices":[{"event_name":"Wheel of Change","player_choice":"Curse","floor":2.0,"damage_taken":0.0},{"event_name":"The Cleric","player_choice":"Card Removal","floor":5.0,"damage_taken":0.0},{"event_name":"FaceTrader","player_choice":"Leave","floor":11.0,"damage_taken":0.0}],"is_beta":false,"boss_relics":[{"not_picked":["Philosopher\u0027s Stone","HoveringKite","Runic Dome"]}],"items_purged_floors":[3],"is_endless":false,"potions_floor_spawned":[1,12,16],"killed_by":"3 Byrds","ascension_level":0}