{"gold_per_floor":[113,127,127,141,160,160,171,186,211,230,250,250,129,144,144,144],"floor_reached":16,"playtime":1853,"items_purged":["Limit Break"],"score":98,"play_id":"1207b46f-4b78-4625-b366-669b3efb665e","local_time":"20180725231151","is_ascension_mode":false,"campfire_choices":[{"data":"Flex","floor":15,"key":"SMITH"}],"neow_cost":"NONE","seed_source_timestamp":286981700645241,"circlet_count":0,"master_deck":["Strike_R","Strike_R","Strike_R","Strike_R","Strike_R+1","Defend_R","Defend_R+1","Defend_R","Defend_R","Bash","Iron Wave","Dropkick","Shrug It Off","Flex+1","Rampage","Twin Strike","Rampage","Shrug It Off","Injury","Shrug It Off","Power Through"],"relics":["Burning Blood","Frozen Egg 2","Ancient Tea Set","Golden Idol"],"potions_floor_usage":[16,16,16],"damage_taken":[{"damage":12,"enemies":"2 Louse","floor":1,"turns":3},{"damage":1,"enemies":"Jaw Worm","floor":2,"turns":6},{"damage":1,"enemies":"Cultist","floor":4,"turns":4},{"damage":5,"enemies":"Looter","floor":5,"turns":3},{"damage":4,"enemies":"Exordium Thugs","floor":7,"turns":5},{"damage":12,"enemies":"3 Louse","floor":8,"turns":3},{"damage":15,"enemies":"Looter","floor":10,"turns":3},{"damage":12,"enemies":"Blue Slaver","floor":11,"turns":3},{"damage":2,"enemies":"Large Slime","floor":14,"turns":8},{"damage":54,"enemies":"The Guardian","floor":16,"turns":16}],"seed_played":"-7400422181780026596","potions_obtained":[{"floor":4,"key":"Weak Potion"},{"floor":7,"key":"Swift Potion"},{"floor":8,"key":"PowerPotion"}],"is_trial":false,"path_per_floor":["M","M","?","M","M","?","M","M","T","M","M","?","$","M","R"],"character_chosen":"IRONCLAD","items_purchased":["Shrug It Off"],"campfire_rested":0,"item_purchase_floors":[13],"current_hp_per_floor":[74,79,63,68,69,66,68,62,62,53,47,47,47,51,51,0],"gold":144,"neow_bonus":"ONE_RANDOM_RARE_CARD","is_prod":false,"is_daily":false,"chose_seed":false,"campfire_upgraded":1,"win_rate":0.0,"timestamp":1532531511,"path_taken":["M","M","?","?","M","?","M","M","T","M","M","?","$","M","R","BOSS"],"build_version":"2018-07-19v2","purchased_purges":1,"victory":false,"max_hp_per_floor":[80,80,80,80,80,80,80,80,80,80,80,80,80,80,80,80],"card_choices":[{"not_picked":["Warcry","Thunderclap"],"picked":"Iron Wave","floor":1},{"not_picked":["Sever Soul","Iron Wave"],"picked":"Dropkick","floor":2},{"not_picked":["Searing Blow","Body Slam"],"picked":"Shrug It Off","floor":4},{"not_picked":["Twin Strike","Anger"],"picked":"Flex","floor":5},{"not_picked":["Headbutt","True Grit"],"picked":"Rampage","floor":7},{"not_picked":["Clash","Intimidate"],"picked":"Twin Strike","floor":8},{"not_picked":["Whirlwind","Offering"],"picked":"Rampage","floor":10},{"not_picked":["Blood for Blood","Flex"],"picked":"Shrug It Off","floor":11},{"not_picked":["Infernal Blade","Fire Breathing+1"],"picked":"Power Through","floor":14}],"player_experience":9603,"relics_obtained":[{"floor":9,"key":"Ancient Tea Set"}],"event_choices":[{"event_name":"Shining Light","player_choice":"Entered Light","floor":3,"damage_taken":0},{"event_name":"Scrap Ooze","player_choice":"success","floor":6,"damage_taken":3},{"event_name":"Golden Idol","player_choice":"Take Wound","floor":12,"damage_taken":0}],"is_beta":false,"boss_relics":[],"items_purged_floors":[13],"is_endless":false,"potions_floor_spawned":[4,7,8],"killed_by":"The Guardian","ascension_level":0}