{"gold_per_floor":[110,29,46,46,61,119,119,138,138,138,158,158,158,158,158,158],"floor_reached":16,"playtime":1486,"items_purged":[],"score":104,"play_id":"18d8bd8e-63f2-496e-bc2a-a85e1a0d6d0d","local_time":"20190810003448","is_ascension_mode":true,"campfire_choices":[{"floor":7,"key":"REST"},{"floor":10,"key":"REST"},{"floor":12,"key":"RECALL"},{"floor":15,"key":"REST"}],"neow_cost":"NONE","seed_source_timestamp":356962101886,"circlet_count":0,"master_deck":["Strike_G","Strike_G","Strike_G","Strike_G","Strike_G","Defend_G","Defend_G","Defend_G","Defend_G","Defend_G","Survivor","Neutralize","Footwork","Footwork","Prepared","Endless Agony","Footwork","Expertise","Blur"],"relics":["Ring of the Snake","Tiny Chest","Golden Idol","Spirit Poop"],"potions_floor_usage":[16,16],"damage_taken":[{"damage":0,"enemies":"Cultist","floor":1,"turns":4},{"damage":0,"enemies":"Jaw Worm","floor":3,"turns":5},{"damage":0,"enemies":"2 Louse","floor":5,"turns":3},{"damage":65,"enemies":"3 Sentries","floor":6,"turns":16},{"damage":15,"enemies":"Lots of Slimes","floor":8,"turns":8},{"damage":2,"enemies":"2 Fungi Beasts","floor":11,"turns":6},{"damage":68,"enemies":"Hexaghost","floor":16,"turns":19}],"seed_played":"6984774884119185913","potions_obtained":[{"floor":1,"key":"Poison Potion"},{"floor":3,"key":"Block Potion"}],"is_trial":false,"path_per_floor":["M","$","M","$","M","E","R","M","T","R","M","R","?","?","R","B"],"character_chosen":"THE_SILENT","items_purchased":["Footwork"],"campfire_rested":3,"item_purchase_floors":[2],"current_hp_per_floor":[77,77,77,77,77,12,35,20,20,43,41,41,41,41,64,0],"gold":158,"neow_bonus":"TEN_PERCENT_HP_BONUS","is_prod":false,"is_daily":false,"chose_seed":false,"campfire_upgraded":0,"win_rate":0,"timestamp":1565390088,"path_taken":["M","$","M","$","M","E","R","M","T","R","?","R","?","?","R","BOSS"],"build_version":"2019-07-17","purchased_purges":0,"victory":false,"max_hp_per_floor":[77,77,77,77,77,77,77,77,77,77,77,77,77,77,77,77],"card_choices":[{"not_picked":["Finisher","Deflect"],"picked":"Footwork","floor":1},{"not_picked":["Distraction","Acrobatics"],"picked":"Prepared","floor":3},{"not_picked":["Outmaneuver","Underhanded Strike"],"picked":"Endless Agony","floor":5},{"not_picked":["Acrobatics","Blade Dance"],"picked":"Footwork","floor":6},{"not_picked":["Masterful Stab","Acrobatics"],"picked":"Expertise","floor":8},{"not_picked":["Underhanded Strike","Choke"],"picked":"Blur","floor":11}],"player_experience":341489,"relics_obtained":[{"floor":6,"key":"Tiny Chest"}],"event_choices":[{"damage_healed":0,"gold_gain":0,"player_choice":"Take Wound","damage_taken":0,"relics_obtained":["Golden Idol"],"max_hp_gain":0,"max_hp_loss":0,"event_name":"Golden Idol","floor":13,"gold_loss":0,"cards_obtained":["Injury"]},{"cards_removed":["Injury"],"damage_healed":0,"gold_gain":0,"player_choice":"Offered Curse","damage_taken":0,"relics_obtained":["Spirit Poop"],"max_hp_gain":0,"max_hp_loss":0,"event_name":"Bonfire Elementals","floor":14,"gold_loss":0}],"is_beta":false,"boss_relics":[],"items_purged_floors":[],"is_endless":false,"potions_floor_spawned":[1,3],"killed_by":"Hexaghost","ascension_level":1}