{"gold_per_floor":[115,128,142,242,262,262,296,296,321,333,56,85,110,133,145,157],"floor_reached":16,"playtime":1694,"items_purged":["Strike_G"],"score":125,"play_id":"cfc1595b-bda7-49d7-ac31-48b8aeb973c3","local_time":"20180801192723","is_ascension_mode":true,"campfire_choices":[{"data":"Underhanded Strike","floor":6,"key":"SMITH"},{"data":"Dagger Throw","floor":8,"key":"SMITH"},{"data":"Reflex","floor":15,"key":"SMITH"}],"neow_cost":"NONE","seed_source_timestamp":0,"circlet_count":0,"master_deck":["Defend_G","Defend_G","Defend_G","Defend_G+1","Defend_G","Strike_G","Strike_G","Strike_G","Strike_G","Survivor","Neutralize+1","Dagger Throw+1","Deflect","Underhanded Strike+1","Leg Sweep+1","Eviscerate","Acrobatics","Reflex+1"],"special_seed":0,"relics":["Ring of the Snake","Potion Belt","Blood Vial","War Paint","MawBank"],"potions_floor_usage":[7,12,16,16],"damage_taken":[{"damage":2,"enemies":"Cultist","floor":1,"turns":5},{"damage":6,"enemies":"Jaw Worm","floor":2,"turns":5},{"damage":0,"enemies":"2 Louse","floor":3,"turns":3},{"damage":0,"enemies":"Exordium Thugs","floor":5,"turns":5},{"damage":4,"enemies":"Lagavulin","floor":7,"turns":6},{"damage":0,"enemies":"2 Fungi Beasts","floor":10,"turns":3},{"damage":10,"enemies":"Gremlin Nob","floor":12,"turns":4},{"damage":0,"enemies":"Blue Slaver","floor":13,"turns":4},{"damage":2,"enemies":"Looter","floor":14,"turns":3},{"damage":58,"enemies":"Hexaghost","floor":16,"turns":16}],"seed_played":"3452710700480218063","potions_obtained":[{"floor":2,"key":"PowerPotion"},{"floor":3,"key":"PowerPotion"},{"floor":5,"key":"AttackPotion"},{"floor":7,"key":"Energy Potion"},{"floor":14,"key":"Swift Potion"}],"is_trial":false,"path_per_floor":["M","M","M","?","M","R","E","R","T","M","$","E","M","M","R"],"character_chosen":"THE_SILENT","items_purchased":["War Paint","Acrobatics"],"campfire_rested":0,"item_purchase_floors":[11,11],"current_hp_per_floor":[68,62,62,62,62,62,58,58,58,60,60,52,54,54,54,0],"gold":157,"neow_bonus":"UPGRADE_CARD","is_prod":false,"is_daily":false,"chose_seed":false,"campfire_upgraded":3,"win_rate":0,"timestamp":1533122843,"path_taken":["M","?","M","?","M","R","E","R","T","M","$","E","M","?","R","BOSS"],"build_version":"2018-07-26","purchased_purges":1,"victory":false,"max_hp_per_floor":[70,70,70,70,70,70,70,70,70,70,70,70,70,70,70,70],"card_choices":[{"not_picked":["Escape Plan","Accuracy"],"picked":"Dagger Throw","floor":1},{"not_picked":["Acrobatics","Expertise"],"picked":"Deflect","floor":2},{"not_picked":["Deadly Poison","Flechettes"],"picked":"Underhanded Strike","floor":3},{"not_picked":["Backstab","Flying Knee","Sucker Punch"],"picked":"SKIP","floor":5},{"not_picked":["Quick Slash","Catalyst"],"picked":"Leg Sweep","floor":7},{"not_picked":["Masterful Stab","Accuracy"],"picked":"Eviscerate","floor":10},{"not_picked":["Crippling Poison","Predator","Expertise"],"picked":"SKIP","floor":12},{"not_picked":["Bullet Time","Acrobatics","PiercingWail"],"picked":"SKIP","floor":13},{"not_picked":["Bouncing Flask","Bane"],"picked":"Reflex","floor":14}],"player_experience":94050,"relics_obtained":[{"floor":7,"key":"Potion Belt"},{"floor":9,"key":"Blood Vial"},{"floor":12,"key":"MawBank"}],"event_choices":[{"event_name":"Golden Shrine","player_choice":"Pray","floor":4,"damage_taken":0}],"is_beta":false,"boss_relics":[],"items_purged_floors":[11],"is_endless":false,"potions_floor_spawned":[2,3,5,7,14],"killed_by":"Hexaghost","ascension_level":2}