{"gold_per_floor":[109,34,54,129,140,140,151,51,76,101,118,118,118,118,118,220,220,234,244,20,36,36],"floor_reached":22,"playtime":1498,"items_purged":["Strike_G","Strike_G","Tactician"],"score":233,"play_id":"e5111f74-4bb9-4ee9-8092-4bed6ba70dad","local_time":"20181102220641","is_ascension_mode":true,"campfire_choices":[{"data":"Neutralize","floor":6,"key":"SMITH"},{"floor":13,"key":"REST"},{"data":"Predator","floor":15,"key":"SMITH"}],"neow_cost":"NONE","seed_source_timestamp":1994359147603200,"circlet_count":0,"master_deck":["Defend_G","Defend_G","Defend_G","Defend_G","Strike_G","Strike_G","Strike_G","Survivor","Neutralize+1","Slice","Endless Agony","Predator+1","Slice","Backflip","Neutralize","Doppelganger","After Image","Deflect","PiercingWail+1"],"relics":["Ring of the Snake","Blood Vial","Regal Pillow"],"potions_floor_usage":[21,21,21,22],"damage_taken":[{"damage":6,"enemies":"2 Louse","floor":1,"turns":3},{"damage":0,"enemies":"Cultist","floor":3,"turns":4},{"damage":0,"enemies":"Small Slimes","floor":5,"turns":2},{"damage":4,"enemies":"3 Louse","floor":7,"turns":2},{"damage":15,"enemies":"3 Sentries","floor":10,"turns":10},{"damage":1,"enemies":"Lots of Slimes","floor":11,"turns":4},{"damage":58,"enemies":"Hexaghost","floor":16,"turns":13},{"damage":20,"enemies":"3 Byrds","floor":18,"turns":7},{"damage":14,"enemies":"Spheric Guardian","floor":19,"turns":4},{"damage":19,"enemies":"Snake Plant","floor":21,"turns":3},{"damage":13,"enemies":"Snecko","floor":22,"turns":5}],"seed_played":"-7077834336015327181","potions_obtained":[{"floor":7,"key":"SneckoOil"},{"floor":10,"key":"Energy Potion"},{"floor":16,"key":"FearPotion"},{"floor":18,"key":"Strength Potion"},{"floor":21,"key":"Swift Potion"}],"is_trial":false,"path_per_floor":["M","$","M","?","M","R","M","$","T","E","M","$","R","?","R","B",null,"M","M","$","M","M"],"character_chosen":"THE_SILENT","items_purchased":["Deflect","Strength Potion"],"campfire_rested":1,"item_purchase_floors":[20,20],"current_hp_per_floor":[64,64,64,53,53,53,49,49,49,36,37,37,70,70,70,12,56,38,26,26,9,0],"gold":36,"neow_bonus":"REMOVE_CARD","is_prod":false,"is_daily":false,"chose_seed":false,"campfire_upgraded":2,"win_rate":0,"timestamp":1541167601,"path_taken":["M","$","M","?","M","R","M","$","T","E","M","$","R","?","R","BOSS","M","M","$","M","?"],"build_version":"2018-11-01","purchased_purges":3,"victory":false,"max_hp_per_floor":[70,70,70,70,70,70,70,70,70,70,70,70,70,70,70,70,70,70,70,70,70,70],"card_choices":[{"not_picked":["Calculated Gamble","Flechettes"],"picked":"Slice","floor":1},{"not_picked":["Acrobatics","Dagger Throw"],"picked":"Endless Agony","floor":3},{"not_picked":["Slice","Night Terror"],"picked":"Predator","floor":5},{"not_picked":["Bouncing Flask","Dash"],"picked":"Slice","floor":7},{"not_picked":["Well Laid Plans","Catalyst"],"picked":"Backflip","floor":10},{"not_picked":["Outmaneuver","Dash","Poisoned Stab"],"picked":"SKIP","floor":11},{"not_picked":["Doppelganger","Venomology"],"picked":"After Image","floor":16},{"not_picked":["Masterful Stab+1","Blade Dance+1","Riddle With Holes"],"picked":"SKIP","floor":18},{"not_picked":["Poisoned Stab","Calculated Gamble+1","Catalyst"],"picked":"SKIP","floor":19},{"not_picked":["Distraction","Underhanded Strike"],"picked":"PiercingWail+1","floor":21}],"player_experience":553609,"relics_obtained":[{"floor":9,"key":"Blood Vial"},{"floor":10,"key":"Regal Pillow"}],"event_choices":[{"damage_healed":0,"gold_gain":75,"player_choice":"Gather Gold","damage_taken":11,"max_hp_gain":0,"max_hp_loss":0,"event_name":"World of Goop","floor":4,"gold_loss":0},{"damage_healed":0,"gold_gain":0,"player_choice":"3 cards matched","damage_taken":0,"max_hp_gain":0,"max_hp_loss":0,"event_name":"Match and Keep!","floor":14,"gold_loss":0,"cards_obtained":["Tactician","Neutralize","Doppelganger"]}],"is_beta":false,"boss_relics":[{"not_picked":["Coffee Dripper","Philosopher\u0027s Stone","HoveringKite"]}],"items_purged_floors":[2,8,20],"is_endless":false,"potions_floor_spawned":[7,10,16,18,21],"killed_by":"Snecko","ascension_level":5}