{"gold_per_floor":[117,133,283,263,277,277,35,53,78,78,106,124,124,134,134,206,206,225,93,111,125,125,125],"floor_reached":23,"playtime":1094,"items_purged":["Doubt"],"score":401,"play_id":"e8c51ba6-cccb-4a65-90b4-447cb083c1b7","local_time":"20190817184823","is_ascension_mode":true,"campfire_choices":[{"data":"Zap","floor":6.0,"key":"SMITH"},{"data":"Defragment","floor":10,"key":"SMITH"},{"floor":15,"key":"REST"}],"neow_cost":"PERCENT_DAMAGE","seed_source_timestamp":687897774976336,"circlet_count":0,"master_deck":["AscendersBane","Defend_B","Defend_B","Defend_B","Defend_B","Zap+1","Dualcast","Chill","Scrape","Ball Lightning","Streamline+1","Gash+1","Defragment+1","FTL","Coolheaded","Chill","Buffer","Machine Learning","Redo+1","Gash+1","Reprogram+1","Streamline+1","Bite+1","Bite+1","Bite+1","Bite+1","Bite+1"],"special_seed":0,"relics":["Cracked Core","Whetstone","Happy Flower","Lantern","Molten Egg 2","Black Star"],"potions_floor_usage":[11,18,23],"damage_taken":[{"damage":0.0,"enemies":"Jaw Worm","floor":1.0,"turns":4.0},{"damage":0.0,"enemies":"Small Slimes","floor":2.0,"turns":3.0},{"damage":0.0,"enemies":"Cultist","floor":5.0,"turns":3.0},{"damage":0.0,"enemies":"Exordium Thugs","floor":8.0,"turns":3.0},{"damage":17,"enemies":"3 Sentries","floor":11,"turns":5},{"damage":5,"enemies":"Gremlin Gang","floor":12,"turns":3},{"damage":3,"enemies":"Exordium Wildlife","floor":14,"turns":4},{"damage":10,"enemies":"Slime Boss","floor":16,"turns":8},{"damage":11,"enemies":"Shell Parasite","floor":18,"turns":5},{"damage":18,"enemies":"2 Thieves","floor":20,"turns":4},{"damage":12,"enemies":"Snecko","floor":21,"turns":7},{"damage":30,"enemies":"Book of Stabbing","floor":23,"turns":3}],"seed_played":"-3032803421057563929","potions_obtained":[{"floor":2.0,"key":"AttackPotion"},{"floor":4.0,"key":"SpeedPotion"},{"floor":12,"key":"Weak Potion"},{"floor":21,"key":"Weak Potion"}],"is_trial":false,"path_per_floor":["M","M","?","?","M","R","$","M","T","R","E","M","T","M","R","B",null,"M","$","M","M","?","E"],"character_chosen":"DEFECT","items_purchased":["Defragment","Whetstone","Gash+1"],"campfire_rested":1,"item_purchase_floors":[7,7,19],"current_hp_per_floor":[46,46,46,46,46,46,46,46,46,46,29,24,24,21,42,32,61,50,50,32,20,20,0],"gold":125,"neow_bonus":"TRANSFORM_TWO_CARDS","is_prod":false,"is_daily":false,"chose_seed":false,"campfire_upgraded":2,"win_rate":0,"timestamp":1566082103,"path_taken":["M","M","?","?","?","R","$","M","T","R","E","M","?","M","R","BOSS","M","$","?","M","?","E"],"build_version":"2019-07-17","purchased_purges":1,"victory":false,"max_hp_per_floor":[71,71,71,71,71,71,71,71,71,71,71,71,71,71,71,71,71,71,71,71,71,49,49],"card_choices":[{"not_picked":["Conserve Battery","Steam"],"picked":"Ball Lightning","floor":1.0},{"not_picked":["Ball Lightning","Steam Power"],"picked":"Streamline","floor":2.0},{"not_picked":["Conserve Battery","Beam Cell"],"picked":"Gash","floor":5.0},{"not_picked":["Turbo","Melter"],"picked":"FTL","floor":8.0},{"not_picked":["Beam Cell","Cold Snap"],"picked":"Coolheaded","floor":11},{"not_picked":["Turbo","Hologram"],"picked":"Chill","floor":12},{"not_picked":["Leap","Hologram"],"picked":"Buffer","floor":14},{"not_picked":["Thunder Strike+1","Core Surge+1"],"picked":"Machine Learning","floor":16},{"not_picked":["Blizzard+1","Compile Driver+1"],"picked":"Redo+1","floor":18},{"not_picked":["Stack","Sweeping Beam+1"],"picked":"Reprogram+1","floor":20},{"not_picked":["Go for the Eyes+1","Heatsinks"],"picked":"Streamline+1","floor":21}],"player_experience":1060385,"relics_obtained":[{"floor":9.0,"key":"Happy Flower"},{"floor":11,"key":"Lantern"},{"floor":13,"key":"Molten Egg 2"}],"event_choices":[{"damage_healed":0.0,"max_hp_gain":0.0,"max_hp_loss":0.0,"gold_gain":150.0,"event_name":"Liars Game","player_choice":"AGREE","floor":3.0,"gold_loss":0.0,"damage_taken":0.0,"cards_obtained":["Doubt"]},{"damage_healed":0.0,"max_hp_gain":0.0,"max_hp_loss":0.0,"gold_gain":0.0,"event_name":"The Woman in Blue","player_choice":"Bought 1 Potion","floor":4.0,"gold_loss":0.0,"damage_taken":0.0},{"damage_healed":0,"gold_gain":0,"player_choice":"Became a vampire","damage_taken":0,"max_hp_gain":0,"max_hp_loss":22,"event_name":"Vampires","floor":22,"gold_loss":0,"cards_obtained":["Bite","Bite","Bite","Bite","Bite"]}],"is_beta":false,"boss_relics":[{"not_picked":["Coffee Dripper","Calling Bell"],"picked":"Black Star"}],"items_purged_floors":[19],"is_endless":false,"potions_floor_spawned":[2,8,12,16,21],"killed_by":"Book of Stabbing","ascension_level":19}