{"gold_per_floor":[113,31,31,49,2,2,16,16,16,31,361,361,387,337,337,437,437,456,555,579,207,220,248,248,266,319,319,271,281,362,362,362,462,462,473,573,573,590,193,218,246,246,246,257,303,303,6,23,23,23],"floor_reached":51,"playtime":82663,"items_purged":["Footwork+1","Concentrate+1"],"score":1184,"play_id":"a354643d-7c73-4cbc-ab03-564c4a49ebff","local_time":"20190412211648","is_ascension_mode":true,"campfire_choices":[{"data":"Concentrate","floor":6.0,"key":"SMITH"},{"data":"Backflip","floor":8.0,"key":"SMITH"},{"data":"Endless Agony","floor":12.0,"key":"SMITH"},{"floor":15.0,"key":"REST"},{"data":"Tools of the Trade","floor":24.0,"key":"SMITH"},{"data":"A Thousand Cuts","floor":32.0,"key":"SMITH"},{"data":"Tactician","floor":42,"key":"SMITH"},{"data":"Prepared","floor":46,"key":"SMITH"},{"data":"Prepared","floor":49,"key":"SMITH"}],"neow_cost":"NONE","seed_source_timestamp":0,"circlet_count":0,"master_deck":["Survivor+1","Neutralize","Acrobatics","Tactician+1","Eviscerate+1","Flying Knee","A Thousand Cuts+1","Backflip+1","Eviscerate","Endless Agony+1","Dagger Throw","Backflip","PiercingWail","Tools of the Trade+1","Endless Agony+1","Tactician+1","Acrobatics","Prepared+1","Prepared+1","Writhe","Prepared+1"],"special_seed":0,"relics":["Pandora\u0027s Box","Nunchaku","Old Coin","Darkstone Periapt","Astrolabe","Strawberry","War Paint","Happy Flower","Tiny Chest","Busted Crown","Mango","Pear","Orichalcum","Bronze Scales","Kunai","Girya","Unceasing Top"],"potions_floor_usage":[45,50],"damage_taken":[{"damage":10.0,"enemies":"Small Slimes","floor":1.0,"turns":3.0},{"damage":0.0,"enemies":"Cultist","floor":4.0,"turns":3.0},{"damage":0.0,"enemies":"2 Louse","floor":7.0,"turns":2.0},{"damage":8.0,"enemies":"Looter","floor":10.0,"turns":2.0},{"damage":0.0,"enemies":"Gremlin Nob","floor":11.0,"turns":2.0},{"damage":17.0,"enemies":"3 Sentries","floor":13.0,"turns":4.0},{"damage":22.0,"enemies":"The Guardian","floor":16.0,"turns":8.0},{"damage":6.0,"enemies":"3 Byrds","floor":18.0,"turns":4.0},{"damage":0.0,"enemies":"Shell Parasite","floor":22.0,"turns":2.0},{"damage":0.0,"enemies":"Gremlin Leader","floor":23.0,"turns":6.0},{"damage":0.0,"enemies":"3 Cultists","floor":25.0,"turns":3.0},{"damage":0.0,"enemies":"Cultist and Chosen","floor":29.0,"turns":5.0},{"damage":0.0,"enemies":"Collector","floor":33.0,"turns":4.0},{"damage":19,"enemies":"3 Shapes","floor":35,"turns":3},{"damage":0,"enemies":"Mind Bloom Boss Battle","floor":36,"turns":4},{"damage":15,"enemies":"3 Darklings","floor":38,"turns":2},{"damage":0,"enemies":"Reptomancer","floor":41,"turns":4},{"damage":0,"enemies":"Transient","floor":44,"turns":5},{"damage":2,"enemies":"2 Orb Walkers","floor":45,"turns":2},{"damage":0,"enemies":"4 Shapes","floor":48,"turns":3},{"damage":20,"enemies":"Donu and Deca","floor":50,"turns":5}],"seed_played":"8649340725520036285","potions_obtained":[{"floor":4.0,"key":"PowerPotion"},{"floor":10.0,"key":"Fire Potion"},{"floor":11.0,"key":"Ancient Potion"},{"floor":33.0,"key":"Swift Potion"},{"floor":38,"key":"Energy Potion"},{"floor":48,"key":"SpeedPotion"}],"is_trial":false,"path_per_floor":["M","$","?","M","$","R","M","R","T","M","E","R","E","?","R","B",null,"M","?","T","$","M","E","R","M","T","?","$","M","T","$","R","B",null,"M","?","?","M","$","T","E","R","T","M","?","R","$","M","R","B",null],"character_chosen":"THE_SILENT","items_purchased":["Eviscerate","Dagger Throw","War Paint","Tactician","Acrobatics","AttackPotion","Prepared","Pear","Prepared","Unceasing Top"],"campfire_rested":1,"item_purchase_floors":[2,5,21,21,21,21,28,39,39,47],"current_hp_per_floor":[53,53,53,53,53,53,53,53,53,45,45,45,28,28,49,27,59,53,53,60,60,60,60,60,60,60,60,60,60,60,60,60,60,73,54,68,97,82,92,92,92,92,92,92,90,90,90,90,90,70],"gold":23,"neow_bonus":"BOSS_RELIC","is_prod":false,"is_daily":false,"chose_seed":false,"campfire_upgraded":8,"win_rate":0,"timestamp":1555075008,"path_taken":["M","$","?","M","?","R","M","R","T","M","E","R","E","?","R","BOSS","M","?","?","$","?","E","R","M","T","?","?","M","?","$","R","BOSS","M","?","?","M","$","?","E","R","T","?","?","R","?","M","R","BOSS"],"build_version":"2019-01-23","purchased_purges":2,"victory":true,"max_hp_per_floor":[70,70,70,70,70,70,70,70,70,70,70,70,70,70,70,70,70,70,70,77,77,77,77,77,77,77,77,77,77,77,77,77,77,77,77,91,97,97,107,107,107,107,107,107,107,107,107,107,107,107],"card_choices":[{"not_picked":["Acrobatics","Outmaneuver"],"picked":"Backflip","floor":1.0},{"not_picked":["Leg Sweep","Catalyst"],"picked":"Endless Agony","floor":4.0},{"not_picked":["Quick Slash","Deflect"],"picked":"Backflip","floor":7.0},{"not_picked":["Cloak And Dagger","Sucker Punch"],"picked":"PiercingWail","floor":10.0},{"not_picked":["Slice","Dagger Spray","Acrobatics"],"picked":"SKIP","floor":11.0},{"not_picked":["PiercingWail","Blade Dance","Sucker Punch"],"picked":"SKIP","floor":13.0},{"not_picked":["Phantasmal Killer","Unload"],"picked":"Tools of the Trade","floor":16.0},{"not_picked":["Underhanded Strike","Deadly Poison+1","Concentrate"],"picked":"SKIP","floor":18.0},{"not_picked":["Dagger Spray","Acrobatics","Sucker Punch"],"picked":"SKIP","floor":22.0},{"not_picked":["Blade Dance","Poisoned Stab","Riddle With Holes"],"picked":"SKIP","floor":23.0},{"not_picked":["Bouncing Flask+1","Concentrate","Bane"],"picked":"SKIP","floor":25.0},{"not_picked":["Sucker Punch","Dash"],"picked":"Prepared+1","floor":29.0},{"not_picked":["Poisoned Stab"],"picked":"SKIP","floor":35},{"not_picked":["Deadly Poison+1"],"picked":"SKIP","floor":38},{"not_picked":["Underhanded Strike+1"],"picked":"SKIP","floor":41},{"not_picked":["Terror+1"],"picked":"SKIP","floor":44},{"not_picked":["Dagger Spray"],"picked":"SKIP","floor":48}],"player_experience":581557,"relics_obtained":[{"floor":9.0,"key":"Nunchaku"},{"floor":11.0,"key":"Old Coin"},{"floor":13.0,"key":"Darkstone Periapt"},{"floor":20.0,"key":"Strawberry"},{"floor":26.0,"key":"Happy Flower"},{"floor":30.0,"key":"Tiny Chest"},{"floor":36,"key":"Mango"},{"floor":40,"key":"Orichalcum"},{"floor":41,"key":"Bronze Scales"},{"floor":43,"key":"Kunai"},{"floor":45,"key":"Girya"}],"event_choices":[{"damage_healed":0.0,"max_hp_gain":0.0,"max_hp_loss":0.0,"gold_gain":0.0,"event_name":"Upgrade Shrine","player_choice":"Upgraded","floor":3.0,"gold_loss":0.0,"damage_taken":0.0,"cards_upgraded":["Eviscerate"]},{"cards_removed":["Accuracy"],"damage_healed":0.0,"max_hp_gain":0.0,"max_hp_loss":0.0,"gold_gain":0.0,"event_name":"The Cleric","player_choice":"Card Removal","floor":14.0,"gold_loss":50.0,"damage_taken":0.0},{"damage_healed":0.0,"max_hp_gain":0.0,"max_hp_loss":0.0,"gold_gain":99.0,"event_name":"Nest","player_choice":"Stole From Cult","floor":19.0,"gold_loss":0.0,"damage_taken":0.0},{"cards_removed":["Storm of Steel"],"damage_healed":0.0,"max_hp_gain":0.0,"max_hp_loss":0.0,"gold_gain":0.0,"event_name":"Back to Basics","player_choice":"Elegance","floor":27.0,"gold_loss":0.0,"damage_taken":0.0},{"damage_healed":0,"gold_gain":0,"player_choice":"Fight","damage_taken":0,"max_hp_gain":0,"max_hp_loss":0,"event_name":"MindBloom","floor":36,"gold_loss":0},{"damage_healed":23,"gold_gain":0,"player_choice":"Writhe","damage_taken":0,"max_hp_gain":0,"max_hp_loss":0,"event_name":"Winding Halls","floor":37,"gold_loss":0,"cards_obtained":["Writhe"]},{"damage_healed":0,"gold_gain":0,"player_choice":"Fight","damage_taken":0,"max_hp_gain":0,"max_hp_loss":0,"event_name":"Mysterious Sphere","floor":45,"gold_loss":0}],"is_beta":false,"boss_relics":[{"not_picked":["Orrery","Runic Pyramid"],"picked":"Astrolabe"},{"not_picked":["Runic Dome","Empty Cage"],"picked":"Busted Crown"}],"items_purged_floors":[21,39],"is_endless":false,"potions_floor_spawned":[4,10,11,33,35,38,41,44,48],"ascension_level":8}