{"gold_per_floor":[17,92,15,27,27,27,45,64,90,90,100,100,129,129,129,225,225,236,87,105,105,116,116,131,131,157,171,171,183,183,194,194,194],"floor_reached":33,"playtime":2288,"items_purged":["Strike_R"],"score":286,"play_id":"dc4bf4f0-8d6f-4033-b3a6-6c49bbf9825e","local_time":"20190820180947","is_ascension_mode":true,"campfire_choices":[{"floor":6,"key":"REST"},{"data":"Ghostly Armor","floor":10,"key":"SMITH"},{"floor":15,"key":"REST"},{"floor":23,"key":"REST"},{"floor":25,"key":"REST"},{"floor":28,"key":"REST"},{"floor":32,"key":"REST"}],"neow_cost":"NO_GOLD","seed_source_timestamp":114209595436275,"circlet_count":0,"master_deck":["Strike_R+1","Strike_R","Strike_R+1","Defend_R","Defend_R","Defend_R","Defend_R","Bash+1","Corruption+1","Armaments","Ghostly Armor+1","Pummel","Perfected Strike","Dual Wield","Juggernaut","Sentinel+1","Seeing Red","Clothesline+1","Shockwave","Reaper","Body Slam+1","Disarm","Sword Boomerang+1"],"relics":["Black Blood","Gambling Chip","Whetstone","Regal Pillow","Orichalcum"],"potions_floor_usage":[11,13,16,27,29],"damage_taken":[{"damage":6,"enemies":"Cultist","floor":1,"turns":4},{"damage":14,"enemies":"Small Slimes","floor":4,"turns":4},{"damage":4,"enemies":"Jaw Worm","floor":7,"turns":3},{"damage":4,"enemies":"Large Slime","floor":8,"turns":6},{"damage":10,"enemies":"Lots of Slimes","floor":11,"turns":4},{"damage":19,"enemies":"Gremlin Nob","floor":13,"turns":5},{"damage":84,"enemies":"Hexaghost","floor":16,"turns":10},{"damage":25,"enemies":"Shell Parasite","floor":18,"turns":6},{"damage":21,"enemies":"Chosen","floor":20,"turns":7},{"damage":43,"enemies":"Centurion and Healer","floor":22,"turns":13},{"damage":67,"enemies":"Sentry and Sphere","floor":24,"turns":13},{"damage":39,"enemies":"Shelled Parasite and Fungi","floor":27,"turns":8},{"damage":11,"enemies":"Snecko","floor":29,"turns":5},{"damage":49,"enemies":"Centurion and Healer","floor":31,"turns":18},{"damage":96,"enemies":"Champ","floor":33,"turns":14}],"seed_played":"-5704595864901525068","potions_obtained":[{"floor":7,"key":"PowerPotion"},{"floor":8,"key":"Weak Potion"},{"floor":13,"key":"BloodPotion"},{"floor":18,"key":"FairyPotion"},{"floor":24,"key":"AttackPotion"},{"floor":27,"key":"LiquidBronze"}],"is_trial":false,"path_per_floor":["M","?","$","M","?","R","M","M","T","R","M","?","E","$","R","B",null,"M","$","M","$","M","R","M","R","T","M","R","M","?","M","R","B"],"character_chosen":"IRONCLAD","items_purchased":["Corruption","Seeing Red"],"campfire_rested":6,"item_purchase_floors":[3,19],"current_hp_per_floor":[80,72,72,64,48,72,74,76,76,76,72,72,59,59,80,22,80,65,65,54,54,21,60,15,54,54,25,64,63,63,36,75,0],"gold":194,"neow_bonus":"ONE_RARE_RELIC","is_prod":false,"is_daily":false,"chose_seed":false,"campfire_upgraded":1,"win_rate":0,"timestamp":1566320987,"path_taken":["M","?","$","?","?","R","M","M","T","R","M","?","E","$","R","BOSS","M","$","M","$","M","R","M","R","T","M","R","M","?","?","R","BOSS"],"build_version":"2019-07-17","purchased_purges":1,"victory":false,"max_hp_per_floor":[80,80,80,80,80,80,80,80,80,80,80,80,80,80,80,80,80,80,80,80,80,80,80,80,80,80,80,80,80,80,80,80,80],"card_choices":[{"not_picked":["Body Slam","Dropkick","Blood for Blood"],"picked":"SKIP","floor":1},{"not_picked":["Whirlwind","Fire Breathing"],"picked":"Armaments","floor":4},{"not_picked":["Flex","Fire Breathing"],"picked":"Ghostly Armor","floor":7},{"not_picked":["Havoc","Battle Trance"],"picked":"Pummel","floor":8},{"not_picked":["True Grit","Sword Boomerang"],"picked":"Perfected Strike","floor":11},{"not_picked":["Cleave","Clothesline"],"picked":"Dual Wield","floor":13},{"not_picked":["Reaper","Fiend Fire"],"picked":"Juggernaut","floor":16},{"not_picked":["Armaments","Iron Wave"],"picked":"Sentinel+1","floor":18},{"not_picked":["Reckless Charge+1","Cleave"],"picked":"Clothesline+1","floor":20},{"not_picked":["Feel No Pain","Perfected Strike+1"],"picked":"Shockwave","floor":22},{"not_picked":["Blood for Blood","Anger"],"picked":"Reaper","floor":24},{"not_picked":["Wild Strike","Pommel Strike"],"picked":"Body Slam+1","floor":27},{"not_picked":["Twin Strike","Sword Boomerang+1"],"picked":"Disarm","floor":29},{"not_picked":["Havoc","Cleave"],"picked":"Sword Boomerang+1","floor":31}],"player_experience":457714,"relics_obtained":[{"floor":9,"key":"Whetstone"},{"floor":13,"key":"Regal Pillow"},{"floor":26,"key":"Orichalcum"}],"event_choices":[{"damage_healed":0,"gold_gain":75,"player_choice":"Touch","damage_taken":8,"max_hp_gain":0,"max_hp_loss":0,"event_name":"FaceTrader","floor":2,"gold_loss":0},{"damage_healed":0,"gold_gain":0,"player_choice":"Entered Light","damage_taken":16,"max_hp_gain":0,"max_hp_loss":0,"event_name":"Shining Light","floor":5,"gold_loss":0,"cards_upgraded":["Corruption","Bash"]},{"damage_healed":0,"gold_gain":0,"player_choice":"Searched \u00271\u0027 times","damage_taken":0,"max_hp_gain":0,"max_hp_loss":0,"event_name":"Dead Adventurer","floor":12,"gold_loss":0},{"cards_removed":["Strike_R"],"damage_healed":0,"gold_gain":0,"player_choice":"Purged","damage_taken":0,"max_hp_gain":0,"max_hp_loss":0,"event_name":"Purifier","floor":30,"gold_loss":0}],"is_beta":false,"boss_relics":[{"not_picked":["Velvet Choker","Eternal Feather"],"picked":"Black Blood"}],"items_purged_floors":[19],"is_endless":false,"potions_floor_spawned":[7,8,13,18,24,27],"killed_by":"Champ","ascension_level":3}