{"gold_per_floor":[110,123,123,123,123,123,154,154,154,154,174,194,194,194,194,298,348,368,368,378,378,397,423,348,383,383,383,383,409,409,39,39,142,142,153,172,172,47,47,82,95,126,126,146,146,0,0,16,16,16],"floor_reached":51,"playtime":5801,"items_purged":["Strike_G","Decay","Strike_G+1"],"score":869,"play_id":"4e46829d-b18c-4ab4-a920-bf280b2b68d6","local_time":"20181014093210","is_ascension_mode":true,"campfire_choices":[{"data":"Noxious Fumes","floor":6.0,"key":"SMITH"},{"floor":8.0,"key":"REST"},{"data":"Leg Sweep","floor":10.0,"key":"SMITH"},{"data":"Leg Sweep","floor":13.0,"key":"SMITH"},{"data":"Neutralize","floor":15.0,"key":"SMITH"},{"floor":27,"key":"REST"},{"floor":30,"key":"REST"},{"data":"Adrenaline","floor":32,"key":"SMITH"},{"floor":45,"key":"REST"},{"floor":47,"key":"REST"},{"floor":49,"key":"REST"}],"neow_cost":"NONE","seed_source_timestamp":0,"circlet_count":0,"master_deck":["Defend_G+1","Defend_G+1","Defend_G+1","Defend_G+1","Strike_G+1","Survivor+1","Neutralize+1","Noxious Fumes+1","Leg Sweep+1","Leg Sweep+1","Dash+1","Adrenaline+1","Bane+1","Bouncing Flask+1","Bane+1","Corpse Explosion+1","Heel Hook+1","Master of Strategy+1","Adrenaline+1","PiercingWail+1","Bouncing Flask+1"],"special_seed":0,"relics":["Ring of the Serpent","Shuriken","Bottled Flame","Tiny House","Pear","Bag of Preparation","Dodecahedron","Ninja Scroll","Mark of the Bloom","Omamori","Anchor","Darkstone Periapt","Gremlin Horn","Red Mask"],"potions_floor_usage":[33,33,50,50,50],"damage_taken":[{"damage":0.0,"enemies":"Cultist","floor":1.0,"turns":5.0},{"damage":0.0,"enemies":"Small Slimes","floor":2.0,"turns":3.0},{"damage":15.0,"enemies":"3 Sentries","floor":7.0,"turns":7.0},{"damage":0.0,"enemies":"Jaw Worm","floor":11.0,"turns":4.0},{"damage":0.0,"enemies":"Looter","floor":12.0,"turns":4.0},{"damage":12.0,"enemies":"Hexaghost","floor":16.0,"turns":12.0},{"damage":4.0,"enemies":"Spheric Guardian","floor":18.0,"turns":6.0},{"damage":0.0,"enemies":"Chosen","floor":20.0,"turns":5.0},{"damage":4.0,"enemies":"Centurion and Healer","floor":22.0,"turns":7.0},{"damage":22.0,"enemies":"Book of Stabbing","floor":23.0,"turns":7.0},{"damage":41,"enemies":"Slavers","floor":25,"turns":8},{"damage":0,"enemies":"Gremlin Leader","floor":29,"turns":6},{"damage":60,"enemies":"Champ","floor":33,"turns":14},{"damage":0,"enemies":"3 Shapes","floor":35,"turns":4},{"damage":0,"enemies":"Orb Walker","floor":36,"turns":2},{"damage":3,"enemies":"Giant Head","floor":40,"turns":7},{"damage":12,"enemies":"Transient","floor":41,"turns":5},{"damage":31,"enemies":"2 Orb Walkers","floor":42,"turns":5},{"damage":0,"enemies":"Sphere and 2 Shapes","floor":44,"turns":3},{"damage":0,"enemies":"Spire Growth","floor":48,"turns":4},{"damage":29,"enemies":"Awakened One","floor":50,"turns":17}],"seed_played":"7686045995538141257","potions_obtained":[{"floor":7.0,"key":"PowerPotion"},{"floor":16.0,"key":"GamblersBrew"},{"floor":17.0,"key":"AttackPotion"},{"floor":18.0,"key":"Energy Potion"},{"floor":25,"key":"SteroidPotion"},{"floor":36,"key":"SteroidPotion"},{"floor":41,"key":"Ancient Potion"},{"floor":44,"key":"Strength Potion"},{"floor":48,"key":"Strength Potion"}],"is_trial":false,"path_per_floor":["M","M","?","?","?","R","E","R","T","R","M","M","R","?","R","B",null,"M","?","M","?","M","E","$","E","T","R","?","E","R","$","R","B",null,"M","M","?","$","?","E","M","E","T","M","R","?","R","M","R","B"],"character_chosen":"THE_SILENT","items_purchased":["Heel Hook","Master of Strategy"],"campfire_rested":6,"item_purchase_floors":[31,31],"current_hp_per_floor":[70,70,70,56,49,49,34,55,55,55,55,55,55,55,55,43,75,71,71,71,71,67,55,55,14,14,39,39,39,64,64,64,4,85,85,85,85,85,85,82,70,39,39,39,39,39,39,39,39,10],"gold":16,"neow_bonus":"THREE_CARDS","is_prod":false,"is_daily":false,"chose_seed":false,"campfire_upgraded":5,"win_rate":0,"timestamp":1539480730,"path_taken":["M","?","?","?","?","R","E","R","T","R","M","?","R","?","R","BOSS","M","?","M","?","M","E","$","E","T","R","?","E","R","$","R","BOSS","M","M","?","$","?","E","M","E","T","?","R","?","R","?","R","BOSS"],"build_version":"2018-10-11","purchased_purges":3,"victory":true,"max_hp_per_floor":[70,70,70,70,70,70,70,70,70,70,70,70,70,70,70,70,75,75,75,75,75,75,85,85,85,85,85,85,85,85,85,85,85,85,85,85,85,85,85,85,85,85,85,85,85,85,85,85,85,85],"card_choices":[{"not_picked":["PiercingWail","Underhanded Strike"],"picked":"Noxious Fumes","floor":1.0},{"not_picked":["Prepared","Deadly Poison"],"picked":"Leg Sweep","floor":2.0},{"not_picked":["Quick Slash","Blade Dance","Outmaneuver"],"picked":"SKIP","floor":7.0},{"not_picked":["Outmaneuver","Underhanded Strike","Riddle With Holes"],"picked":"SKIP","floor":11.0},{"not_picked":["Deflect","Phantasmal Killer"],"picked":"Leg Sweep","floor":12.0},{"not_picked":["Die Die Die","Unload"],"picked":"Adrenaline","floor":16.0},{"not_picked":["Heel Hook","Dagger Throw"],"picked":"Bane","floor":18.0},{"not_picked":["All Out Attack","Die Die Die"],"picked":"Bane+1","floor":20.0},{"not_picked":["Dagger Spray+1","Tactician","All Out Attack"],"picked":"SKIP","floor":22.0},{"not_picked":["PiercingWail","Underhanded Strike","Accuracy"],"picked":"SKIP","floor":23.0},{"not_picked":["Deflect","Catalyst"],"picked":"Corpse Explosion","floor":25},{"not_picked":["Choke","Blade Dance","Endless Agony"],"picked":"SKIP","floor":29},{"not_picked":["Grand Finale","Unload"],"picked":"Adrenaline","floor":33},{"not_picked":["Dagger Spray+1","Slice","Terror"],"picked":"SKIP","floor":35},{"not_picked":["Bouncing Flask","Distraction+1","Eviscerate+1"],"picked":"SKIP","floor":36},{"not_picked":["All Out Attack","Bouncing Flask","Deflect"],"picked":"SKIP","floor":40},{"not_picked":["Deflect+1","Sucker Punch+1"],"picked":"PiercingWail+1","floor":41},{"not_picked":["Expertise+1","Endless Agony","Sucker Punch+1"],"picked":"SKIP","floor":42},{"not_picked":["All Out Attack","Acrobatics"],"picked":"Bouncing Flask+1","floor":44},{"not_picked":["Quick Slash+1","Flechettes+1","Caltrops+1"],"picked":"SKIP","floor":48}],"player_experience":394571,"relics_obtained":[{"floor":7.0,"key":"Shuriken"},{"floor":9.0,"key":"Bottled Flame"},{"floor":23.0,"key":"Pear"},{"floor":25,"key":"Bag of Preparation"},{"floor":26,"key":"Dodecahedron"},{"floor":29,"key":"Ninja Scroll"},{"floor":40,"key":"Anchor"},{"floor":42,"key":"Darkstone Periapt"},{"floor":43,"key":"Gremlin Horn"}],"event_choices":[{"event_name":"Living Wall","player_choice":"Forget","floor":3.0,"damage_taken":0.0},{"event_name":"Shining Light","player_choice":"Entered Light","floor":4.0,"damage_taken":0.0},{"event_name":"Golden Wing","player_choice":"Card Removal","floor":5.0,"damage_taken":0.0},{"event_name":"Transmorgrifier","player_choice":"Transform","floor":14.0,"damage_taken":0.0},{"event_name":"The Library","player_choice":"Read","floor":19.0,"damage_taken":0.0},{"event_name":"The Mausoleum","player_choice":"No","floor":21.0,"damage_taken":0.0},{"event_name":"Forgotten Altar","player_choice":"Smashed Altar","floor":28,"damage_taken":0},{"event_name":"MindBloom","player_choice":"Upgrade","floor":37,"damage_taken":0},{"event_name":"WeMeetAgain","player_choice":"Potion","floor":39,"damage_taken":0},{"event_name":"Tomb of Lord Red Mask","player_choice":"Paid","floor":46,"damage_taken":0}],"is_beta":false,"boss_relics":[{"not_picked":["Coffee Dripper","Snecko Eye"],"picked":"Tiny House"},{"not_picked":["Fusion Hammer","Sozu"],"picked":"Ring of the Serpent"}],"items_purged_floors":[24,31,38],"is_endless":false,"potions_floor_spawned":[7,16,18,22,25,36,41,44,48],"ascension_level":3}