{"gold_per_floor":[116,116,41,51,51,81,81,92,118,118,153,31,31,31],"floor_reached":14,"playtime":312,"items_purged":["Defend_B","Strike_B"],"score":182,"play_id":"bf061fdc-731b-4d24-802d-7851a8fbec56","local_time":"20190419162629","is_ascension_mode":true,"campfire_choices":[{"data":"Zap","floor":7,"key":"SMITH"},{"data":"Redo","floor":10,"key":"SMITH"},{"data":"Defragment","floor":13,"key":"SMITH"}],"neow_cost":"NONE","seed_source_timestamp":6309088032148447,"circlet_count":0,"master_deck":["AscendersBane","Strike_B","Strike_B","Defend_B","Defend_B","Defend_B","Zap+1","Dualcast+1","Fusion+1","Tempest","Gash","Redo+1","Hello World","Defragment+1"],"relics":["Cracked Core","NeowsBlessing","Smiling Mask","Bag of Preparation"],"potions_floor_usage":[11],"damage_taken":[{"damage":0,"enemies":"Jaw Worm","floor":1,"turns":1},{"damage":0,"enemies":"2 Louse","floor":4,"turns":1},{"damage":0,"enemies":"3 Sentries","floor":6,"turns":1},{"damage":0,"enemies":"Small Slimes","floor":8,"turns":2},{"damage":40,"enemies":"Gremlin Nob","floor":11,"turns":4},{"damage":15,"enemies":"Exordium Wildlife","floor":14,"turns":2}],"seed_played":"-6683673267342324028","potions_obtained":[{"floor":4,"key":"Poison Potion"},{"floor":6,"key":"LiquidBronze"},{"floor":11,"key":"Dexterity Potion"}],"is_trial":false,"path_per_floor":["M","?","$","M","?","E","R","M","T","R","E","$","R","M"],"character_chosen":"DEFECT","items_purchased":["Defragment"],"campfire_rested":0,"item_purchase_floors":[12],"current_hp_per_floor":[68,61,61,61,46,46,46,46,46,46,6,6,6,0],"gold":31,"neow_bonus":"THREE_ENEMY_KILL","is_prod":false,"is_daily":false,"chose_seed":false,"campfire_upgraded":3,"win_rate":0,"timestamp":1555705589,"path_taken":["M","?","$","M","?","E","R","M","T","R","E","$","R","M"],"build_version":"2019-01-23","purchased_purges":2,"victory":false,"max_hp_per_floor":[75,75,75,75,75,75,75,75,75,75,75,75,75,75],"card_choices":[{"not_picked":["Coolheaded","Beam Cell"],"picked":"Fusion","floor":1},{"not_picked":["Ball Lightning","Stack"],"picked":"Tempest","floor":4},{"not_picked":["Coolheaded","Redo"],"picked":"Gash","floor":6},{"not_picked":["Streamline","Hologram"],"picked":"Redo","floor":8},{"not_picked":["Streamline","Stack"],"picked":"Hello World","floor":11}],"player_experience":571993,"relics_obtained":[{"floor":6,"key":"Smiling Mask"},{"floor":11,"key":"Bag of Preparation"}],"event_choices":[{"cards_removed":["Strike_B"],"damage_healed":0,"gold_gain":0,"player_choice":"Card Removal","damage_taken":7,"max_hp_gain":0,"max_hp_loss":0,"event_name":"Golden Wing","floor":2,"gold_loss":0},{"damage_healed":0,"gold_gain":0,"player_choice":"Entered Light","damage_taken":15,"max_hp_gain":0,"max_hp_loss":0,"event_name":"Shining Light","floor":5,"gold_loss":0,"cards_upgraded":["Fusion","Dualcast"]}],"is_beta":false,"boss_relics":[],"items_purged_floors":[3,12],"is_endless":false,"potions_floor_spawned":[4,6,11],"killed_by":"Exordium Wildlife","ascension_level":10}