{"gold_per_floor":[114,114,125,171,188,223,241,271,271,271,271,281,123,136,136,241,241,254,274,373,383,395,395,429,201,201,201,6,6,6,21,21,117,117,131,146,158,175,25,25,52,52,52,52,71,84,84,32,32,32],"floor_reached":51,"playtime":3456,"items_purged":["Strike_R","Strike_R","Strike_R","Defend_R"],"score":812,"play_id":"c8eebdeb-3c8a-4f82-b44d-c0e5a49d018b","local_time":"20190818014958","is_ascension_mode":true,"campfire_choices":[{"floor":11,"key":"REST"},{"floor":15,"key":"REST"},{"floor":23,"key":"REST"},{"floor":27,"key":"REST"},{"data":"Heavy Blade","floor":32,"key":"SMITH"},{"data":"Bash","floor":40,"key":"SMITH"},{"floor":42,"key":"REST"},{"data":"Pummel","floor":44,"key":"SMITH"},{"floor":47,"key":"REST"},{"data":"Defend_R","floor":49,"key":"SMITH"}],"neow_cost":"NONE","seed_source_timestamp":2172455702286200,"circlet_count":0,"master_deck":["Strike_R","Strike_R+1","Defend_R","Defend_R+1","Bash+1","Twin Strike+1","Twin Strike","Spot Weakness+1","Shrug It Off+1","Infernal Blade+1","Limit Break+1","Warcry+1","Warcry+1","Shrug It Off+1","Pummel+1","Heavy Blade+1","Headbutt+1","Twin Strike+1"],"relics":["Burning Blood","Ancient Tea Set","Boot","Shuriken","Toxic Egg 2","Philosopher\u0027s Stone","Vajra","Ornamental Fan","Potion Belt","Black Star","Letter Opener","Bottled Lightning","Meat on the Bone"],"potions_floor_usage":[16,16,16,24,31,38,41,46,50,50,50],"damage_taken":[{"damage":9,"enemies":"2 Louse","floor":1,"turns":3},{"damage":12,"enemies":"Jaw Worm","floor":3,"turns":2},{"damage":0,"enemies":"Cultist","floor":5,"turns":2},{"damage":21,"enemies":"Gremlin Nob","floor":6,"turns":4},{"damage":10,"enemies":"Lots of Slimes","floor":7,"turns":4},{"damage":35,"enemies":"Lagavulin","floor":8,"turns":5},{"damage":1,"enemies":"2 Fungi Beasts","floor":12,"turns":3},{"damage":2,"enemies":"Blue Slaver","floor":14,"turns":2},{"damage":23,"enemies":"Hexaghost","floor":16,"turns":9},{"damage":25,"enemies":"2 Thieves","floor":18,"turns":3},{"damage":16,"enemies":"Chosen","floor":19,"turns":4},{"damage":19,"enemies":"Centurion and Healer","floor":21,"turns":3},{"damage":14,"enemies":"3 Cultists","floor":22,"turns":4},{"damage":31,"enemies":"Book of Stabbing","floor":24,"turns":3},{"damage":1,"enemies":"Sentry and Sphere","floor":31,"turns":3},{"damage":25,"enemies":"Automaton","floor":33,"turns":5},{"damage":17,"enemies":"3 Darklings","floor":35,"turns":5},{"damage":8,"enemies":"3 Shapes","floor":36,"turns":4},{"damage":11,"enemies":"3 Darklings","floor":37,"turns":3},{"damage":16,"enemies":"Maw","floor":38,"turns":5},{"damage":35,"enemies":"Reptomancer","floor":41,"turns":4},{"damage":3,"enemies":"4 Shapes","floor":45,"turns":2},{"damage":27,"enemies":"Spire Growth","floor":46,"turns":4},{"damage":53,"enemies":"Awakened One","floor":50,"turns":7}],"seed_played":"-2201149681893575651","potions_obtained":[{"floor":5,"key":"SpeedPotion"},{"floor":7,"key":"Block Potion"},{"floor":10,"key":"EssenceOfSteel"},{"floor":10,"key":"EssenceOfSteel"},{"floor":18,"key":"GamblersBrew"},{"floor":22,"key":"SneckoOil"},{"floor":33,"key":"Poison Potion"},{"floor":35,"key":"SkillPotion"},{"floor":36,"key":"Block Potion"},{"floor":38,"key":"LiquidBronze"},{"floor":41,"key":"SkillPotion"}],"is_trial":false,"path_per_floor":["M","?","M","T","M","E","M","E","T","?","R","M","$","M","R","B",null,"M","M","?","M","M","R","E","$","T","R","$","?","?","M","R","B",null,"M","M","M","M","$","R","E","R","T","R","M","M","R","$","R","B",null],"character_chosen":"IRONCLAD","items_purchased":["Spot Weakness+1","Shrug It Off+1","BloodPotion","Block Potion","Pummel","FearPotion"],"campfire_rested":6,"item_purchase_floors":[13,13,25,25,28,48],"current_hp_per_floor":[77,61,55,55,61,46,42,13,13,13,37,42,42,46,70,53,80,61,51,51,38,30,54,29,29,29,53,53,38,38,64,64,45,85,74,72,67,57,57,57,28,53,53,53,56,47,72,72,72,37],"gold":32,"neow_bonus":"REMOVE_CARD","is_prod":false,"is_daily":false,"chose_seed":false,"campfire_upgraded":4,"win_rate":0,"timestamp":1566064198,"path_taken":["M","?","M","?","M","E","M","E","T","?","R","?","$","M","R","BOSS","M","?","?","M","M","R","E","$","T","R","$","?","?","M","R","BOSS","M","M","?","M","$","R","E","R","T","R","M","?","R","?","R","BOSS"],"build_version":"2019-07-17","purchased_purges":4,"victory":true,"max_hp_per_floor":[80,80,80,80,80,80,80,80,80,80,80,80,80,80,80,80,80,80,80,80,80,80,80,80,80,80,80,80,85,85,85,85,85,85,85,85,85,85,85,85,85,85,85,85,85,85,85,85,85,85],"card_choices":[{"not_picked":["Headbutt","Thunderclap"],"picked":"Twin Strike","floor":1},{"not_picked":["Clothesline","Whirlwind"],"picked":"Twin Strike","floor":3},{"not_picked":["Havoc","Anger","Power Through"],"picked":"SKIP","floor":5},{"not_picked":["Iron Wave","Clothesline","Headbutt"],"picked":"SKIP","floor":6},{"not_picked":["Twin Strike","Warcry","Seeing Red"],"picked":"SKIP","floor":7},{"not_picked":["Thunderclap","True Grit","Immolate"],"picked":"SKIP","floor":8},{"not_picked":["Wild Strike","Headbutt","Cleave"],"picked":"SKIP","floor":12},{"not_picked":["Thunderclap","Anger"],"picked":"Infernal Blade+1","floor":14},{"not_picked":["Demon Form","Impervious+1"],"picked":"Limit Break+1","floor":16},{"not_picked":["True Grit+1","Headbutt"],"picked":"Warcry+1","floor":18},{"not_picked":["Havoc+1","True Grit+1"],"picked":"Warcry+1","floor":19},{"not_picked":["Evolve+1","True Grit+1","Infernal Blade+1"],"picked":"SKIP","floor":21},{"not_picked":["Flex+1","Whirlwind","Second Wind+1"],"picked":"SKIP","floor":22},{"not_picked":["Wild Strike","Body Slam+1"],"picked":"Shrug It Off+1","floor":24},{"not_picked":["Clash","Anger"],"picked":"Heavy Blade","floor":31},{"not_picked":["True Grit+1","Thunderclap+1","Rampage"],"picked":"SKIP","floor":35},{"not_picked":["Headbutt","True Grit+1","Intimidate+1"],"picked":"SKIP","floor":36},{"not_picked":["Entrench+1","Sentinel+1","Anger+1"],"picked":"SKIP","floor":37},{"not_picked":["Havoc+1","Feel No Pain+1","Sentinel+1"],"picked":"SKIP","floor":38},{"not_picked":["Anger","Clothesline"],"picked":"Headbutt+1","floor":41},{"not_picked":["Havoc+1","Body Slam+1","Pommel Strike+1"],"picked":"SKIP","floor":45},{"not_picked":["Wild Strike+1","Thunderclap+1"],"picked":"Twin Strike+1","floor":46}],"player_experience":718836,"relics_obtained":[{"floor":4,"key":"Ancient Tea Set"},{"floor":6,"key":"Boot"},{"floor":8,"key":"Shuriken"},{"floor":9,"key":"Toxic Egg 2"},{"floor":24,"key":"Vajra"},{"floor":26,"key":"Ornamental Fan"},{"floor":41,"key":"Letter Opener"},{"floor":41,"key":"Bottled Lightning"},{"floor":43,"key":"Meat on the Bone"}],"event_choices":[{"damage_healed":0,"gold_gain":0,"player_choice":"Entered Light","damage_taken":16,"max_hp_gain":0,"max_hp_loss":0,"event_name":"Shining Light","floor":2,"gold_loss":0,"cards_upgraded":["Twin Strike","Strike_R"]},{"damage_healed":0,"gold_gain":0,"player_choice":"Got Potions","damage_taken":0,"max_hp_gain":0,"max_hp_loss":0,"event_name":"Lab","floor":10,"gold_loss":0},{"damage_healed":0,"gold_gain":99,"player_choice":"Stole From Cult","damage_taken":0,"max_hp_gain":0,"max_hp_loss":0,"event_name":"Nest","floor":20,"gold_loss":0},{"damage_healed":0,"gold_gain":0,"player_choice":"Shed Blood","damage_taken":20,"max_hp_gain":5,"max_hp_loss":0,"event_name":"Forgotten Altar","floor":29,"gold_loss":0},{"damage_healed":0,"gold_gain":0,"player_choice":"Gave Potion","damage_taken":0,"relics_obtained":["Potion Belt"],"max_hp_gain":0,"max_hp_loss":0,"event_name":"WeMeetAgain","floor":30,"gold_loss":0}],"is_beta":false,"boss_relics":[{"not_picked":["Eternal Feather","Runic Pyramid"],"picked":"Philosopher\u0027s Stone"},{"not_picked":["Orrery","Mark of Pain"],"picked":"Black Star"}],"items_purged_floors":[13,25,28,39],"is_endless":false,"potions_floor_spawned":[5,7,12,14,18,22,33,35,36,38,41],"ascension_level":3}