{"gold_per_floor":[118,137,137,137,161,161,59,94,94,107,130,130,130,148,148,148],"floor_reached":16,"playtime":1701,"items_purged":["Strike_G"],"score":112,"play_id":"965afee8-b02f-488e-8b8e-8d010a5821dc","local_time":"20180731223110","is_ascension_mode":true,"campfire_choices":[{"data":"Neutralize","floor":6,"key":"SMITH"},{"floor":13,"key":"REST"},{"floor":15,"key":"REST"}],"neow_cost":"","seed_source_timestamp":803092392523328,"circlet_count":0,"master_deck":["Defend_G","Defend_G","Defend_G","Defend_G","Defend_G","Strike_G","Strike_G","Strike_G","Strike_G","Survivor","Neutralize+1","Calculated Gamble","PiercingWail+1","Dagger Throw","Prepared+1","Calculated Gamble","Dagger Throw","Backflip","Escape Plan"],"relics":["Ring of the Snake","Golden Idol","Ice Cream","Pantograph"],"potions_floor_usage":[16,16],"damage_taken":[{"damage":0,"enemies":"2 Louse","floor":1,"turns":3},{"damage":6,"enemies":"Small Slimes","floor":2,"turns":5},{"damage":0,"enemies":"Cultist","floor":5,"turns":3},{"damage":23,"enemies":"3 Sentries","floor":8,"turns":12},{"damage":0,"enemies":"2 Fungi Beasts","floor":10,"turns":4},{"damage":11,"enemies":"Lots of Slimes","floor":11,"turns":5},{"damage":0,"enemies":"Looter","floor":14,"turns":4},{"damage":72,"enemies":"Slime Boss","floor":16,"turns":13}],"seed_played":"-5045162483192005916","potions_obtained":[{"floor":5,"key":"Energy Potion"},{"floor":8,"key":"Dexterity Potion"},{"floor":14,"key":"Dexterity Potion"}],"is_trial":false,"path_per_floor":["M","M","?","?","M","R","$","E","T","M","M","?","R","M","R"],"character_chosen":"THE_SILENT","items_purchased":["Prepared"],"campfire_rested":2,"item_purchase_floors":[7],"current_hp_per_floor":[70,64,47,47,47,47,47,24,24,24,13,13,34,34,55,0],"gold":148,"neow_bonus":"","is_prod":false,"is_daily":false,"chose_seed":false,"campfire_upgraded":1,"win_rate":0,"timestamp":1533047470,"path_taken":["M","M","?","?","?","R","$","E","T","M","M","?","R","M","R","BOSS"],"build_version":"2018-07-26","purchased_purges":1,"victory":false,"max_hp_per_floor":[70,70,70,70,70,70,70,70,70,70,70,70,70,70,70,70],"card_choices":[{"not_picked":["Quick Slash","Crippling Poison"],"picked":"Calculated Gamble","floor":1},{"not_picked":["Deadly Poison","Escape Plan"],"picked":"PiercingWail","floor":2},{"not_picked":["Flechettes","Deadly Poison"],"picked":"Dagger Throw","floor":5},{"not_picked":["Venomology","Wraith Form v2"],"picked":"Calculated Gamble","floor":8},{"not_picked":["Crippling Poison","Accuracy"],"picked":"Dagger Throw","floor":10},{"not_picked":["Cloak And Dagger","Deadly Poison"],"picked":"Backflip","floor":11},{"not_picked":["Dash","Flying Knee"],"picked":"Escape Plan","floor":14}],"player_experience":92319,"relics_obtained":[{"floor":8,"key":"Ice Cream"},{"floor":9,"key":"Pantograph"}],"event_choices":[{"event_name":"Golden Idol","player_choice":"Take Damage","floor":3,"damage_taken":0},{"event_name":"Upgrade Shrine","player_choice":"Upgraded","floor":4,"damage_taken":0},{"event_name":"Living Wall","player_choice":"Grow","floor":12,"damage_taken":0}],"is_beta":false,"boss_relics":[],"items_purged_floors":[7],"is_endless":false,"potions_floor_spawned":[5,8,14],"killed_by":"Slime Boss","ascension_level":2}