{"gold_per_floor":[13,33,33,49,62,62,76,76,76,251,251,251,201,219,219,319,319,338,356,24,36,47,47,47,47],"floor_reached":25,"playtime":1189,"items_purged":["Strike_R"],"score":234,"play_id":"1d2921a8-e9ff-4978-9cc1-b144c3b68e18","local_time":"20190114215933","is_ascension_mode":true,"campfire_choices":[{"data":"Flex","floor":6,"key":"SMITH"},{"data":"Metallicize","floor":8,"key":"SMITH"},{"data":"Shrug It Off","floor":11,"key":"SMITH"},{"data":"Metallicize","floor":15,"key":"SMITH"},{"data":"Barricade","floor":23,"key":"SMITH"}],"neow_cost":"NO_GOLD","seed_source_timestamp":3463135743999596,"circlet_count":0,"master_deck":["Strike_R","Strike_R","Defend_R","Defend_R","Defend_R","Bash","Disarm","Flex+1","Clothesline","Shrug It Off+1","Spot Weakness","Spot Weakness","Metallicize+1","Doubt","Metallicize+1","Barricade+1","Body Slam","Inflame","Metallicize"],"relics":["Burning Blood","Sundial","Velvet Choker","Gremlin Horn"],"potions_floor_usage":[19,19],"damage_taken":[{"damage":4,"enemies":"2 Louse","floor":1,"turns":3},{"damage":4,"enemies":"Small Slimes","floor":2,"turns":5},{"damage":3,"enemies":"Cultist","floor":4,"turns":4},{"damage":14,"enemies":"Large Slime","floor":5,"turns":7},{"damage":5,"enemies":"3 Louse","floor":7,"turns":4},{"damage":8,"enemies":"Looter","floor":14,"turns":4},{"damage":30,"enemies":"The Guardian","floor":16,"turns":13},{"damage":10,"enemies":"3 Byrds","floor":18,"turns":8},{"damage":28,"enemies":"2 Thieves","floor":19,"turns":5},{"damage":3,"enemies":"Shelled Parasite and Fungi","floor":21,"turns":6},{"damage":19,"enemies":"Snecko","floor":22,"turns":7},{"damage":49,"enemies":"Slavers","floor":25,"turns":4}],"seed_played":"6203860022676296043","potions_obtained":[{"floor":2,"key":"Strength Potion"},{"floor":4,"key":"Dexterity Potion"},{"floor":5,"key":"Swift Potion"},{"floor":22,"key":"Explosive Potion"}],"is_trial":false,"path_per_floor":["M","M","$","M","M","R","M","R","T","?","R","?","?","M","R","B",null,"M","M","$","M","M","R","?","E"],"character_chosen":"IRONCLAD","items_purchased":["Gremlin Horn"],"campfire_rested":0,"item_purchase_floors":[20],"current_hp_per_floor":[80,80,80,80,72,72,73,73,73,73,73,78,78,76,76,52,85,81,59,59,62,49,49,49,0],"gold":47,"neow_bonus":"TRANSFORM_TWO_CARDS","is_prod":false,"is_daily":false,"chose_seed":false,"campfire_upgraded":5,"win_rate":0,"timestamp":1547521173,"path_taken":["M","M","$","M","M","R","M","R","T","?","R","?","?","M","R","BOSS","M","M","$","M","M","R","?","E"],"build_version":"2019-01-10","purchased_purges":1,"victory":false,"max_hp_per_floor":[80,80,80,80,80,80,80,80,80,80,80,85,85,85,85,85,85,85,85,85,85,85,85,85,85],"card_choices":[{"not_picked":["Anger","Headbutt"],"picked":"Clothesline","floor":1},{"not_picked":["Iron Wave","Carnage"],"picked":"Shrug It Off","floor":2},{"not_picked":["Shrug It Off","Armaments"],"picked":"Spot Weakness","floor":4},{"not_picked":["Metallicize","Perfected Strike"],"picked":"Spot Weakness","floor":5},{"not_picked":["Feel No Pain","Headbutt"],"picked":"Metallicize","floor":7},{"not_picked":["Thunderclap","Pommel Strike"],"picked":"Metallicize","floor":14},{"not_picked":["Fiend Fire","Reaper"],"picked":"Barricade","floor":16},{"not_picked":["Ghostly Armor","Twin Strike","Power Through"],"picked":"SKIP","floor":18},{"not_picked":["Twin Strike","Hemokinesis"],"picked":"Body Slam","floor":19},{"not_picked":["Clothesline","Shockwave+1"],"picked":"Inflame","floor":21},{"not_picked":["Shockwave","Clash"],"picked":"Metallicize","floor":22}],"player_experience":223823,"relics_obtained":[{"floor":9,"key":"Sundial"}],"event_choices":[{"damage_healed":0,"gold_gain":175,"player_choice":"AGREE","damage_taken":0,"max_hp_gain":0,"max_hp_loss":0,"event_name":"Liars Game","floor":10,"gold_loss":0,"cards_obtained":["Doubt"]},{"damage_healed":0,"gold_gain":0,"player_choice":"Donut","damage_taken":0,"max_hp_gain":5,"max_hp_loss":0,"event_name":"Big Fish","floor":12,"gold_loss":0},{"cards_removed":["Strike_R"],"damage_healed":0,"gold_gain":0,"player_choice":"Card Removal","damage_taken":0,"max_hp_gain":0,"max_hp_loss":0,"event_name":"The Cleric","floor":13,"gold_loss":50},{"damage_healed":0,"gold_gain":0,"player_choice":"0 cards matched","damage_taken":0,"max_hp_gain":0,"max_hp_loss":0,"event_name":"Match and Keep!","floor":24,"gold_loss":0,"cards_obtained":[]}],"is_beta":false,"boss_relics":[{"not_picked":["Fusion Hammer","Orrery"],"picked":"Velvet Choker"}],"items_purged_floors":[20],"is_endless":false,"potions_floor_spawned":[2,4,5,7,14,22],"killed_by":"Slavers","ascension_level":4}