{"gold_per_floor":[110,110,128,128,128,166,52,88,145,166,179,179,195,239,239,359,359,384,397,417,438,438,481,481,521,594,144,157,177,212,17,17,140,140,161,175,275,300,315,65,0,38,63,128,164,191,203,249,261,273,285,297,17,60,60],"floor_reached":55,"playtime":6685,"items_purged":["Strike_R","Strike_R"],"score":924,"play_id":"55d74535-428b-4a23-beda-373c0f3ece75","local_time":"20190113132945","is_ascension_mode":true,"campfire_choices":[{"data":"Metallicize","floor":12,"key":"SMITH"},{"data":"Combust","floor":15,"key":"SMITH"},{"data":"Metallicize","floor":24,"key":"SMITH"},{"floor":32,"key":"RECALL"},{"floor":47,"key":"REST"},{"data":"Apotheosis","floor":49,"key":"SMITH"},{"data":"Reaper","floor":52,"key":"SMITH"}],"neow_cost":"NONE","seed_source_timestamp":3340649854616688,"circlet_count":0,"master_deck":["Strike_R","Strike_R+1","Defend_R","Defend_R","Defend_R","Bash","Uppercut","Iron Wave","Disarm+1","Iron Wave+1","Combust+1","Metallicize+1","Pommel Strike","Shrug It Off","Reaper+1","Berserk","Metallicize+1","Shrug It Off","Pommel Strike","Armaments","Iron Wave","Shrug It Off","Apotheosis+1","Exhume+1","Metallicize"],"relics":["Burning Blood","NeowsBlessing","Golden Idol","Lantern","Anchor","Tiny Chest","Shuriken","Busted Crown","PreservedInsect","Oddly Smooth Stone","Self Forming Clay","Lee\u0027s Waffle","Whetstone","Runic Cube","Pantograph","Red Mask","Du-Vu Doll","MawBank","Regal Pillow","Omamori","War Paint","Strawberry","Sundial"],"potions_floor_usage":[8,16,21,23,25,33,33,38,39,48,54,54,55],"damage_taken":[{"damage":0,"enemies":"Small Slimes","floor":1,"turns":1},{"damage":0,"enemies":"Jaw Worm","floor":3,"turns":1},{"damage":0,"enemies":"Gremlin Nob","floor":6,"turns":1},{"damage":17,"enemies":"3 Sentries","floor":8,"turns":5},{"damage":3,"enemies":"Cultist","floor":10,"turns":3},{"damage":0,"enemies":"3 Louse","floor":11,"turns":3},{"damage":0,"enemies":"Gremlin Gang","floor":13,"turns":5},{"damage":31,"enemies":"Lagavulin","floor":14,"turns":6},{"damage":35,"enemies":"Hexaghost","floor":16,"turns":11},{"damage":9,"enemies":"2 Thieves","floor":18,"turns":5},{"damage":35,"enemies":"Spheric Guardian","floor":19,"turns":4},{"damage":10,"enemies":"Snake Plant","floor":20,"turns":6},{"damage":13,"enemies":"Shelled Parasite and Fungi","floor":21,"turns":5},{"damage":24,"enemies":"Book of Stabbing","floor":23,"turns":7},{"damage":30,"enemies":"Slavers","floor":25,"turns":6},{"damage":16,"enemies":"Centurion and Healer","floor":28,"turns":6},{"damage":39,"enemies":"3 Cultists","floor":29,"turns":7},{"damage":4,"enemies":"Book of Stabbing","floor":30,"turns":7},{"damage":29,"enemies":"Collector","floor":33,"turns":11},{"damage":46,"enemies":"3 Darklings","floor":35,"turns":7},{"damage":16,"enemies":"Orb Walker","floor":36,"turns":4},{"damage":26,"enemies":"Writhing Mass","floor":38,"turns":10},{"damage":39,"enemies":"Jaw Worm Horde","floor":39,"turns":6},{"damage":23,"enemies":"Giant Head","floor":42,"turns":9},{"damage":8,"enemies":"4 Shapes","floor":46,"turns":8},{"damage":30,"enemies":"Nemesis","floor":48,"turns":9},{"damage":107,"enemies":"Donu and Deca","floor":50,"turns":15},{"damage":81,"enemies":"Shield and Spear","floor":54,"turns":9},{"damage":75,"enemies":"The Heart","floor":55,"turns":5}],"seed_played":"-341133897843879062","potions_obtained":[{"floor":1,"key":"Energy Potion"},{"floor":6,"key":"Swift Potion"},{"floor":14,"key":"Regen Potion"},{"floor":18,"key":"Regen Potion"},{"floor":19,"key":"Explosive Potion"},{"floor":29,"key":"Weak Potion"},{"floor":35,"key":"Weak Potion"},{"floor":38,"key":"Poison Potion"},{"floor":46,"key":"GamblersBrew"},{"floor":54,"key":"Regen Potion"}],"is_trial":false,"path_per_floor":["M","?","M","?","?","E","$","E","T","M","M","R","M","E","R","B",null,"M","M","M","M","T","E","R","E","T","$","M","M","E","$","R","B",null,"M","M","?","M","M","$","?","E","T","T","T","M","R","E","R","B",null,"R","$","E","B"],"character_chosen":"IRONCLAD","items_purchased":["Combust","Lee\u0027s Waffle","Armaments","Iron Wave","Energy Potion","Apotheosis","Pantograph","Metallicize","Strawberry","SkillPotion","Weak Potion"],"campfire_rested":1,"item_purchase_floors":[7,27,27,27,27,31,40,53,53,53,53],"current_hp_per_floor":[80,80,80,60,60,66,66,55,55,58,64,64,70,45,45,37,80,80,56,52,48,48,45,45,33,33,87,85,69,76,76,76,65,87,79,78,78,72,49,49,49,34,34,34,34,63,87,69,69,15,87,87,94,26,0],"gold":60,"neow_bonus":"THREE_ENEMY_KILL","is_prod":false,"is_daily":false,"chose_seed":false,"campfire_upgraded":5,"win_rate":0,"timestamp":1547404185,"path_taken":["M","?","M","?","?","E","$","E","T","M","M","R","M","E","R","BOSS","M","M","M","M","?","E","R","E","T","$","M","M","E","$","R","BOSS","M","M","?","M","?","$","?","E","T","?","?","?","R","E","R","BOSS","R","$","E","BOSS"],"build_version":"2019-01-10","purchased_purges":2,"victory":false,"max_hp_per_floor":[80,80,80,80,80,80,80,80,80,80,80,80,80,80,80,80,80,80,80,80,80,80,80,80,80,80,87,87,87,87,87,87,87,87,87,87,87,87,87,87,87,87,87,87,87,87,87,87,87,87,87,87,94,94,94],"card_choices":[{"not_picked":["Combust","Dual Wield"],"picked":"Uppercut","floor":1},{"not_picked":["Second Wind","Flex"],"picked":"Iron Wave","floor":3},{"not_picked":["Power Through","Heavy Blade"],"picked":"Iron Wave","floor":6},{"not_picked":["Body Slam","Sentinel","Anger"],"picked":"SKIP","floor":8},{"not_picked":["Anger","Clothesline"],"picked":"Metallicize","floor":10},{"not_picked":["Limit Break","Warcry"],"picked":"Pommel Strike","floor":11},{"not_picked":["Flex","Ghostly Armor"],"picked":"Shrug It Off","floor":13},{"not_picked":["Dropkick","Sword Boomerang"],"picked":"Reaper","floor":14},{"not_picked":["Fiend Fire","Exhume"],"picked":"Berserk","floor":16},{"not_picked":["Rampage"],"picked":"SKIP","floor":18},{"not_picked":[],"picked":"Metallicize","floor":19},{"not_picked":["Havoc"],"picked":"SKIP","floor":20},{"not_picked":["Heavy Blade+1"],"picked":"SKIP","floor":21},{"not_picked":[],"picked":"Shrug It Off","floor":23},{"not_picked":[],"picked":"Pommel Strike","floor":25},{"not_picked":[],"picked":"Shrug It Off","floor":28},{"not_picked":["Cleave"],"picked":"SKIP","floor":29},{"not_picked":["Perfected Strike"],"picked":"SKIP","floor":30},{"not_picked":[],"picked":"Exhume","floor":33},{"not_picked":["Disarm+1"],"picked":"SKIP","floor":35},{"not_picked":["Anger"],"picked":"SKIP","floor":36},{"not_picked":["Perfected Strike"],"picked":"SKIP","floor":38},{"not_picked":["Feel No Pain+1"],"picked":"SKIP","floor":39},{"not_picked":["Infernal Blade"],"picked":"SKIP","floor":42},{"not_picked":["Armaments+1"],"picked":"SKIP","floor":46},{"not_picked":["Hemokinesis"],"picked":"SKIP","floor":48},{"not_picked":["Cleave"],"picked":"SKIP","floor":54}],"player_experience":194154,"relics_obtained":[{"floor":6,"key":"Lantern"},{"floor":8,"key":"Anchor"},{"floor":9,"key":"Tiny Chest"},{"floor":14,"key":"Shuriken"},{"floor":23,"key":"PreservedInsect"},{"floor":25,"key":"Oddly Smooth Stone"},{"floor":26,"key":"Self Forming Clay"},{"floor":30,"key":"Whetstone"},{"floor":42,"key":"Du-Vu Doll"},{"floor":43,"key":"MawBank"},{"floor":44,"key":"Regal Pillow"},{"floor":45,"key":"Omamori"},{"floor":48,"key":"War Paint"},{"floor":54,"key":"Sundial"}],"event_choices":[{"cards_removed":["Strike_R"],"damage_healed":0,"gold_gain":0,"player_choice":"Forget","damage_taken":0,"max_hp_gain":0,"max_hp_loss":0,"event_name":"Living Wall","floor":2,"gold_loss":0},{"damage_healed":0,"gold_gain":0,"player_choice":"Take Damage","damage_taken":20,"relics_obtained":["Golden Idol"],"max_hp_gain":0,"max_hp_loss":0,"event_name":"Golden Idol","floor":4,"gold_loss":0},{"damage_healed":0,"gold_gain":0,"cards_transformed":["Defend_R"],"player_choice":"Transformed","damage_taken":0,"max_hp_gain":0,"max_hp_loss":0,"event_name":"Transmorgrifier","floor":5,"gold_loss":0,"cards_obtained":["Disarm"]},{"damage_healed":0,"gold_gain":100,"player_choice":"Pray","damage_taken":0,"max_hp_gain":0,"max_hp_loss":0,"event_name":"Golden Shrine","floor":37,"gold_loss":0},{"damage_healed":0,"gold_gain":0,"player_choice":"Paid","damage_taken":0,"relics_obtained":["Red Mask"],"max_hp_gain":0,"max_hp_loss":0,"event_name":"Tomb of Lord Red Mask","floor":41,"gold_loss":65}],"is_beta":false,"boss_relics":[{"not_picked":["Velvet Choker","Runic Dome"],"picked":"Busted Crown"},{"not_picked":["Black Star","Sozu"],"picked":"Runic Cube"}],"items_purged_floors":[7,27],"is_endless":false,"potions_floor_spawned":[1,6,14,18,19,29,35,38,46,54],"killed_by":"The Heart","ascension_level":3}