{"gold_per_floor":[109,123,143,59,59,59,59,70,70,83,112,112,67,98,98,194,194,205,205,216,216,234,234,265,284,284,33,33,33,44,44,44,141,141,151,161,2,17,28,28],"floor_reached":40,"playtime":4986,"items_purged":[],"score":489,"play_id":"7fae771e-eae2-406c-a1de-1c36aba27a95","local_time":"20190725110111","is_ascension_mode":true,"campfire_choices":[{"data":"Armaments","floor":6.0,"key":"SMITH"},{"data":"Metallicize","floor":12.0,"key":"SMITH"},{"data":"Anger","floor":15.0,"key":"SMITH"},{"floor":23.0,"key":"REST"},{"floor":32.0,"key":"REST"}],"neow_cost":"NONE","seed_source_timestamp":0,"circlet_count":0,"master_deck":["Defend_R+1","Defend_R+1","Defend_R+1","Defend_R+1","Bash+1","Purity","Dual Wield","Anger+1","Armaments+1","Metallicize+1","Flex","Flame Barrier","Infernal Blade","Spot Weakness+1","Armaments+1","Battle Trance+1","Demon Form","Hemokinesis","Bloodletting+1","RitualDagger","Sentinel+1","Armaments+1","Metallicize","Magnetism","Shrug It Off+1","Combust","Bite","Bite","Bite","Bite","Bite","Iron Wave+1","Demon Form","Clothesline+1","Entrench+1","Spot Weakness+1","Shrug It Off+1","Intimidate+1","True Grit+1","Ghostly Armor+1","Metallicize","Fire Breathing","Twin Strike","Spot Weakness+1","Shrug It Off+1"],"special_seed":0,"relics":["Burning Blood","Matryoshka","Toxic Egg 2","Whetstone","Fusion Hammer","Nilry\u0027s Codex","Pen Nib","Lantern","The Courier","Orrery"],"potions_floor_usage":[],"damage_taken":[{"damage":1.0,"enemies":"2 Louse","floor":1.0,"turns":3.0},{"damage":1.0,"enemies":"Cultist","floor":2.0,"turns":4.0},{"damage":0.0,"enemies":"Small Slimes","floor":3.0,"turns":3.0},{"damage":8.0,"enemies":"2 Fungi Beasts","floor":8.0,"turns":4.0},{"damage":0.0,"enemies":"Red Slaver","floor":10.0,"turns":4.0},{"damage":25.0,"enemies":"3 Sentries","floor":11.0,"turns":8.0},{"damage":5.0,"enemies":"Lagavulin","floor":14.0,"turns":7.0},{"damage":30.0,"enemies":"Hexaghost","floor":16.0,"turns":8.0},{"damage":2.0,"enemies":"2 Thieves","floor":18.0,"turns":4.0},{"damage":9.0,"enemies":"Chosen","floor":20.0,"turns":6.0},{"damage":18.0,"enemies":"Centurion and Healer","floor":22.0,"turns":5.0},{"damage":39.0,"enemies":"Book of Stabbing","floor":24.0,"turns":6.0},{"damage":21.0,"enemies":"Snecko","floor":25.0,"turns":6.0},{"damage":15.0,"enemies":"Snake Plant","floor":30.0,"turns":4.0},{"damage":61.0,"enemies":"Champ","floor":33.0,"turns":13.0},{"damage":8.0,"enemies":"Orb Walker","floor":35.0,"turns":4.0},{"damage":26.0,"enemies":"3 Darklings","floor":36.0,"turns":6.0},{"damage":46.0,"enemies":"Maw","floor":38.0,"turns":8.0},{"damage":5,"enemies":"Jaw Worm Horde","floor":39,"turns":13},{"damage":30,"enemies":"Reptomancer","floor":40,"turns":2}],"seed_played":"-1510160584932682308","potions_obtained":[{"floor":1.0,"key":"Ancient Potion"},{"floor":3.0,"key":"GamblersBrew"},{"floor":10.0,"key":"Fire Potion"},{"floor":16.0,"key":"Poison Potion"},{"floor":18.0,"key":"Explosive Potion"},{"floor":20.0,"key":"AttackPotion"},{"floor":25.0,"key":"Explosive Potion"},{"floor":33.0,"key":"PowerPotion"},{"floor":39,"key":"Fire Potion"}],"is_trial":false,"path_per_floor":["M","M","M","$","?","R","?","M","T","M","E","R","$","E","R","B",null,"M","?","M","?","M","R","E","M","T","$","?","?","M","?","R","B",null,"M","M","$","M","M","E"],"character_chosen":"IRONCLAD","items_purchased":["Metallicize","Flex","Armaments+1","Magnetism","Shrug It Off+1","Combust","Metallicize","Fire Breathing","Twin Strike"],"campfire_rested":2,"item_purchase_floors":[4,4,13,27,27,27,37,37,37],"current_hp_per_floor":[80,80,80,80,64,64,64,62,62,68,49,49,49,50,50,26,80,80,64,61,55,43,67,34,19,19,19,19,19,21,21,37,18,56,56,43,43,8,19,0],"gold":28,"neow_bonus":"RANDOM_COLORLESS","is_prod":false,"is_daily":false,"chose_seed":false,"campfire_upgraded":3,"win_rate":0,"timestamp":1564045271,"path_taken":["M","M","M","$","?","R","?","M","T","M","E","R","$","E","R","BOSS","M","?","M","?","M","R","E","M","T","$","?","?","M","?","R","BOSS","M","M","$","M","M","E"],"build_version":"2019-07-17","purchased_purges":0,"victory":false,"max_hp_per_floor":[80,80,80,80,80,80,80,80,80,80,80,80,80,80,80,80,80,80,80,80,80,80,80,80,80,80,80,56,56,56,56,56,56,56,56,56,56,56,56,56],"card_choices":[{"not_picked":["Iron Wave","Sword Boomerang"],"picked":"Dual Wield","floor":1.0},{"not_picked":["Dropkick","Disarm"],"picked":"Anger","floor":2.0},{"not_picked":["Flame Barrier","Clash"],"picked":"Armaments","floor":3.0},{"not_picked":["Pommel Strike","Sword Boomerang"],"picked":"Flame Barrier","floor":8.0},{"not_picked":["Flex","Dropkick"],"picked":"Infernal Blade","floor":10.0},{"not_picked":["Sever Soul","Warcry"],"picked":"Spot Weakness","floor":11.0},{"not_picked":["Pummel","Ghostly Armor+1"],"picked":"Battle Trance+1","floor":14.0},{"not_picked":["Feed","Immolate"],"picked":"Demon Form","floor":16.0},{"not_picked":["Clothesline","Wild Strike"],"picked":"Hemokinesis","floor":18.0},{"not_picked":["Shrug It Off+1","Pommel Strike+1"],"picked":"Bloodletting+1","floor":20.0},{"not_picked":["Warcry+1","Shrug It Off+1"],"picked":"Sentinel+1","floor":22.0},{"not_picked":["Clothesline+1","Twin Strike+1"],"picked":"Armaments+1","floor":24.0},{"not_picked":["Dual Wield+1","Blood for Blood"],"picked":"Metallicize","floor":25.0},{"not_picked":["Bludgeon","Sentinel+1"],"picked":"Iron Wave+1","floor":30.0},{"not_picked":["Double Tap+1","Bludgeon"],"picked":"Demon Form","floor":33.0},{"not_picked":["Disarm+1","Pummel"],"picked":"Clothesline+1","floor":34.0},{"not_picked":["Anger+1","Wild Strike+1"],"picked":"Entrench+1","floor":34.0},{"not_picked":["Sword Boomerang+1","Perfected Strike"],"picked":"Spot Weakness+1","floor":34.0},{"not_picked":["Warcry+1","Thunderclap"],"picked":"Shrug It Off+1","floor":34.0},{"not_picked":["Clothesline","Seeing Red+1"],"picked":"Intimidate+1","floor":34.0},{"not_picked":["Perfected Strike","Flex+1"],"picked":"True Grit+1","floor":35.0},{"not_picked":["Disarm+1","Battle Trance+1"],"picked":"Ghostly Armor+1","floor":36.0},{"not_picked":["Cleave+1","Fire Breathing"],"picked":"Spot Weakness+1","floor":38.0},{"not_picked":["Thunderclap+1","Body Slam+1"],"picked":"Shrug It Off+1","floor":39}],"player_experience":205547,"relics_obtained":[{"floor":9.0,"key":"Matryoshka"},{"floor":11.0,"key":"Toxic Egg 2"},{"floor":14.0,"key":"Whetstone"},{"floor":19.0,"key":"Nilry\u0027s Codex"},{"floor":24.0,"key":"Pen Nib"},{"floor":26.0,"key":"Lantern"},{"floor":26.0,"key":"The Courier"}],"event_choices":[{"damage_healed":0.0,"max_hp_gain":0.0,"max_hp_loss":0.0,"gold_gain":0.0,"event_name":"Shining Light","player_choice":"Entered Light","floor":5.0,"gold_loss":0.0,"damage_taken":16.0,"cards_upgraded":["Defend_R","Bash"]},{"cards_removed":["Strike_R"],"damage_healed":0.0,"max_hp_gain":0.0,"max_hp_loss":0.0,"gold_gain":0.0,"event_name":"Wheel of Change","player_choice":"Card Removal","floor":7.0,"gold_loss":0.0,"damage_taken":0.0},{"damage_healed":0.0,"max_hp_gain":0.0,"max_hp_loss":0.0,"gold_gain":0.0,"event_name":"Cursed Tome","player_choice":"Obtained Book","floor":19.0,"gold_loss":0.0,"damage_taken":16.0},{"damage_healed":0.0,"max_hp_gain":0.0,"max_hp_loss":0.0,"gold_gain":0.0,"event_name":"Nest","player_choice":"Joined the Cult","floor":21.0,"gold_loss":0.0,"damage_taken":6.0,"cards_obtained":["RitualDagger"]},{"damage_healed":0.0,"max_hp_gain":0.0,"max_hp_loss":24.0,"gold_gain":0.0,"event_name":"Vampires","player_choice":"Became a vampire","floor":28.0,"gold_loss":0.0,"damage_taken":0.0,"cards_obtained":["Bite","Bite","Bite","Bite","Bite"]},{"damage_healed":0.0,"max_hp_gain":0.0,"max_hp_loss":0.0,"gold_gain":0.0,"event_name":"Back to Basics","player_choice":"Simplicity","floor":29.0,"gold_loss":0.0,"damage_taken":0.0,"cards_upgraded":["Defend_R","Defend_R","Defend_R"]},{"damage_healed":0.0,"max_hp_gain":0.0,"max_hp_loss":0.0,"gold_gain":0.0,"event_name":"Purifier","player_choice":"Ignored","floor":31.0,"gold_loss":0.0,"damage_taken":0.0}],"is_beta":false,"boss_relics":[{"not_picked":["Calling Bell","Eternal Feather"],"picked":"Fusion Hammer"},{"not_picked":["Busted Crown","Lizard Tail"],"picked":"Orrery"}],"items_purged_floors":[],"is_endless":false,"potions_floor_spawned":[1,3,10,16,18,20,25,33,39],"killed_by":"Reptomancer","ascension_level":1}