{"gold_per_floor":[115,115,130,81,256,285,86,100,146,158,183,196,226,176,176,176],"floor_reached":16,"playtime":373,"items_purged":["Doubt","Strike_R"],"score":125,"play_id":"40ad3c21-3510-4ed7-af28-8375f8173473","local_time":"20190120142630","is_ascension_mode":false,"campfire_choices":[{"data":"Finesse","floor":15,"key":"SMITH"}],"neow_cost":"NONE","seed_source_timestamp":3955188371278917,"circlet_count":0,"master_deck":["Strike_R","Strike_R","Strike_R+1","Strike_R+1","Defend_R","Defend_R","Defend_R","Defend_R","Bash+1","Dual Wield+1","Rupture","Finesse+1","Feed"],"relics":["Burning Blood","NeowsBlessing","Whetstone","Orichalcum","Smiling Mask"],"potions_floor_usage":[],"damage_taken":[{"damage":0,"enemies":"Jaw Worm","floor":1,"turns":1},{"damage":0,"enemies":"2 Louse","floor":3,"turns":1},{"damage":0,"enemies":"Gremlin Nob","floor":6,"turns":1},{"damage":6,"enemies":"Cultist","floor":8,"turns":3},{"damage":40,"enemies":"Exordium Thugs","floor":10,"turns":5},{"damage":10,"enemies":"2 Fungi Beasts","floor":12,"turns":3},{"damage":38,"enemies":"Hexaghost","floor":16,"turns":9}],"seed_played":"-5147404087309400871","potions_obtained":[{"floor":1,"key":"LiquidBronze"},{"floor":3,"key":"SteroidPotion"}],"is_trial":false,"path_per_floor":["M","?","M","$","?","E","$","M","T","M","T","M","?","$","R","B"],"character_chosen":"IRONCLAD","items_purchased":["Strength Potion","Rupture","Finesse"],"campfire_rested":0,"item_purchase_floors":[4,7,7],"current_hp_per_floor":[80,64,70,70,70,76,76,76,76,42,42,38,38,38,38,0],"gold":176,"neow_bonus":"THREE_ENEMY_KILL","is_prod":false,"is_daily":false,"chose_seed":false,"campfire_upgraded":1,"win_rate":0,"timestamp":1548012390,"path_taken":["M","?","M","$","?","E","$","M","T","M","?","M","?","?","R","BOSS"],"build_version":"2019-01-17v2","purchased_purges":2,"victory":false,"max_hp_per_floor":[80,80,80,80,80,80,80,80,80,80,80,80,80,80,80,80],"card_choices":[{"not_picked":["Corruption","True Grit"],"picked":"Dual Wield","floor":1},{"not_picked":["Evolve","Searing Blow","Twin Strike"],"picked":"SKIP","floor":3},{"not_picked":["Havoc","Twin Strike","Power Through"],"picked":"SKIP","floor":6},{"not_picked":["Warcry","Pummel","Body Slam"],"picked":"SKIP","floor":8},{"not_picked":["Body Slam","Combust","Clothesline"],"picked":"SKIP","floor":10},{"not_picked":["Perfected Strike","Warcry"],"picked":"Feed","floor":12}],"player_experience":275093,"relics_obtained":[{"floor":6,"key":"Whetstone"},{"floor":9,"key":"Orichalcum"},{"floor":11,"key":"Smiling Mask"}],"event_choices":[{"damage_healed":0,"gold_gain":0,"player_choice":"Entered Light","damage_taken":16,"max_hp_gain":0,"max_hp_loss":0,"event_name":"Shining Light","floor":2,"gold_loss":0,"cards_upgraded":["Strike_R","Dual Wield"]},{"damage_healed":0,"gold_gain":175,"player_choice":"AGREE","damage_taken":0,"max_hp_gain":0,"max_hp_loss":0,"event_name":"Liars Game","floor":5,"gold_loss":0,"cards_obtained":["Doubt"]},{"damage_healed":0,"gold_gain":30,"player_choice":"Searched \u00272\u0027 times","damage_taken":0,"max_hp_gain":0,"max_hp_loss":0,"event_name":"Dead Adventurer","floor":13,"gold_loss":0}],"is_beta":false,"boss_relics":[],"items_purged_floors":[7,14],"is_endless":false,"potions_floor_spawned":[1,3],"killed_by":"Hexaghost","ascension_level":0}