{"gold_per_floor":[118,136,136,149,224,224,237,254,254,266,280,280,300,318,318,423,423,442,74,74,89,89,89,89,89,89,107,160,160,171,181,181,276,326,345,345,364,639,311,311],"floor_reached":40,"playtime":2478,"items_purged":["Strike_B","Regret"],"score":538,"play_id":"257a0a07-cffe-4d35-9043-0baecbcf0c33","local_time":"20190821130637","is_ascension_mode":true,"campfire_choices":[{"data":"Defragment","floor":6.0,"key":"SMITH"},{"floor":12.0,"key":"REST"},{"data":"Defragment","floor":15.0,"key":"SMITH"},{"data":"Defragment","floor":23.0,"key":"SMITH"},{"data":"Coolheaded","floor":25.0,"key":"SMITH"},{"data":"Dualcast","floor":29.0,"key":"SMITH"},{"floor":32.0,"key":"REST"}],"neow_cost":"NONE","seed_source_timestamp":9688406132203,"circlet_count":0,"master_deck":["Strike_B","Strike_B","Defend_B+1","Defend_B","Defend_B","Defend_B","Zap+1","Dualcast+1","Defragment+1","Gash","Cold Snap","Coolheaded+1","Ball Lightning","Go for the Eyes","Defragment+1","Defragment+1","Chill","Hologram+1","Gash","Biased Cognition","Glacier"],"special_seed":0,"relics":["Cracked Core","NeowsBlessing","Gremlin Horn","Eternal Feather","Anchor","Dream Catcher","Matryoshka","War Paint","Pen Nib","Tiny House","Bag of Marbles"],"potions_floor_usage":[37,40],"damage_taken":[{"damage":0.0,"enemies":"Cultist","floor":1.0,"turns":1.0},{"damage":0.0,"enemies":"Small Slimes","floor":2.0,"turns":1.0},{"damage":0.0,"enemies":"2 Louse","floor":4.0,"turns":1.0},{"damage":0.0,"enemies":"Blue Slaver","floor":7.0,"turns":4.0},{"damage":6.0,"enemies":"Exordium Wildlife","floor":8.0,"turns":5.0},{"damage":7.0,"enemies":"Lots of Slimes","floor":10.0,"turns":3.0},{"damage":6.0,"enemies":"Red Slaver","floor":11.0,"turns":3.0},{"damage":1.0,"enemies":"Blue Slaver","floor":13.0,"turns":3.0},{"damage":0.0,"enemies":"2 Fungi Beasts","floor":14.0,"turns":2.0},{"damage":4.0,"enemies":"The Guardian","floor":16.0,"turns":8.0},{"damage":5.0,"enemies":"Shell Parasite","floor":18.0,"turns":7.0},{"damage":1.0,"enemies":"3 Byrds","floor":21.0,"turns":4.0},{"damage":0.0,"enemies":"Sentry and Sphere","floor":24.0,"turns":2.0},{"damage":7.0,"enemies":"Snake Plant","floor":27.0,"turns":4.0},{"damage":23.0,"enemies":"Snecko","floor":30.0,"turns":6.0},{"damage":0.0,"enemies":"Shelled Parasite and Fungi","floor":31.0,"turns":7.0},{"damage":24.0,"enemies":"Collector","floor":33.0,"turns":11.0},{"damage":2,"enemies":"Orb Walker","floor":35,"turns":4},{"damage":7,"enemies":"3 Darklings","floor":37,"turns":6},{"damage":71,"enemies":"Reptomancer","floor":40,"turns":3}],"seed_played":"-5143941718656193014","potions_obtained":[{"floor":4.0,"key":"SteroidPotion"},{"floor":7.0,"key":"Dexterity Potion"},{"floor":8.0,"key":"LiquidBronze"},{"floor":10.0,"key":"GamblersBrew"},{"floor":13.0,"key":"AttackPotion"},{"floor":14.0,"key":"Dexterity Potion"},{"floor":18.0,"key":"SmokeBomb"},{"floor":30.0,"key":"Energy Potion"},{"floor":34.0,"key":"SkillPotion"},{"floor":37,"key":"Explosive Potion"}],"is_trial":false,"path_per_floor":["M","M","?","M","?","R","M","M","T","M","M","R","M","M","R","B",null,"M","$","?","M","?","R","M","R","T","M","T","R","M","M","R","B",null,"M","?","M","?","$","E"],"character_chosen":"DEFECT","items_purchased":["Anchor","Dream Catcher","Glacier","Bag of Marbles"],"campfire_rested":2,"item_purchase_floors":[19,19,39,39],"current_hp_per_floor":[68,68,68,68,61,61,61,55,55,48,42,64,63,63,63,59,71,66,66,66,65,51,60,60,69,69,62,62,71,48,48,80,56,79,77,77,70,70,70,0],"gold":311,"neow_bonus":"THREE_ENEMY_KILL","is_prod":false,"is_daily":false,"chose_seed":false,"campfire_upgraded":5,"win_rate":0,"timestamp":1566389197,"path_taken":["M","M","?","?","?","R","?","M","T","?","M","R","M","M","R","BOSS","M","$","?","M","?","R","M","R","T","M","?","R","M","M","R","BOSS","M","?","M","?","$","E"],"build_version":"2019-07-17","purchased_purges":2,"victory":false,"max_hp_per_floor":[75,75,75,75,75,75,75,75,75,75,75,75,75,75,75,75,75,75,75,75,75,80,80,80,80,80,80,80,80,80,80,80,80,85,85,85,85,85,85,85],"card_choices":[{"not_picked":["Turbo","Storm"],"picked":"Defragment","floor":1.0},{"not_picked":["Streamline","Compile Driver"],"picked":"Gash","floor":2.0},{"not_picked":["Darkness","Barrage"],"picked":"Cold Snap","floor":4.0},{"not_picked":["Streamline","Beam Cell"],"picked":"Coolheaded","floor":7.0},{"not_picked":["Sweeping Beam","Double Energy"],"picked":"Ball Lightning","floor":8.0},{"not_picked":["Stack","Heatsinks"],"picked":"Go for the Eyes","floor":10.0},{"not_picked":["Gash","Undo"],"picked":"Defragment","floor":11.0},{"not_picked":["Sweeping Beam","Streamline"],"picked":"Defragment","floor":13.0},{"not_picked":["Streamline","Sweeping Beam","Fusion"],"picked":"SKIP","floor":14.0},{"not_picked":["Lockon","Beam Cell+1","Conserve Battery"],"picked":"SKIP","floor":18.0},{"not_picked":["Rebound","Hologram"],"picked":"Chill","floor":21.0},{"not_picked":["Redo","Fusion"],"picked":"Hologram","floor":27.0},{"not_picked":["Leap","Hologram","Coolheaded"],"picked":"SKIP","floor":30.0},{"not_picked":["Compile Driver","Chill+1","Coolheaded"],"picked":"SKIP","floor":31.0},{"not_picked":["Turbo","Go for the Eyes"],"picked":"Gash","floor":32.0},{"not_picked":["Seek","Echo Form"],"picked":"Biased Cognition","floor":33.0},{"not_picked":["Barrage","Coolheaded","Darkness+1"],"picked":"SKIP","floor":35},{"not_picked":["Barrage","Coolheaded","Darkness+1"],"picked":"SKIP","floor":35},{"not_picked":["Go for the Eyes+1","Turbo","Hologram+1"],"picked":"SKIP","floor":37}],"player_experience":476402,"relics_obtained":[{"floor":9.0,"key":"Gremlin Horn"},{"floor":26.0,"key":"Matryoshka"},{"floor":28.0,"key":"War Paint"},{"floor":28.0,"key":"Pen Nib"}],"event_choices":[{"cards_removed":["Strike_B"],"damage_healed":0.0,"max_hp_gain":0.0,"max_hp_loss":0.0,"gold_gain":0.0,"event_name":"Purifier","player_choice":"Purged","floor":3.0,"gold_loss":0.0,"damage_taken":0.0},{"damage_healed":0.0,"max_hp_gain":0.0,"max_hp_loss":0.0,"gold_gain":75.0,"event_name":"FaceTrader","player_choice":"Touch","floor":5.0,"gold_loss":0.0,"damage_taken":7.0},{"damage_healed":0.0,"max_hp_gain":0.0,"max_hp_loss":0.0,"gold_gain":0.0,"event_name":"Cursed Tome","player_choice":"Ignored","floor":20.0,"gold_loss":0.0,"damage_taken":0.0},{"damage_healed":0.0,"max_hp_gain":5.0,"max_hp_loss":0.0,"gold_gain":0.0,"event_name":"Forgotten Altar","player_choice":"Shed Blood","floor":22.0,"gold_loss":0.0,"damage_taken":19.0},{"damage_healed":0,"gold_gain":0,"player_choice":"Ignored","damage_taken":0,"max_hp_gain":0,"max_hp_loss":0,"event_name":"Mysterious Sphere","floor":36,"gold_loss":0},{"damage_healed":0,"gold_gain":275,"player_choice":"Desecrate","damage_taken":0,"max_hp_gain":0,"max_hp_loss":0,"event_name":"Golden Shrine","floor":38,"gold_loss":0,"cards_obtained":["Regret"]}],"is_beta":false,"boss_relics":[{"not_picked":["Snecko Eye","FrozenCore"],"picked":"Eternal Feather"},{"not_picked":["Lizard Tail","Calling Bell"],"picked":"Tiny House"}],"items_purged_floors":[19,39],"is_endless":false,"potions_floor_spawned":[4,7,8,10,13,14,18,24,30,37],"killed_by":"Reptomancer","ascension_level":8}