{"gold_per_floor":[119,119,119,132,132,132,167,186,186,94,121,131,145,165,165,240,240,259,259,273,62,62,97,57,84,108,139,139,157,157,171,171,171],"floor_reached":33,"playtime":1805,"items_purged":[],"score":737,"play_id":"4cb04c59-b972-4c07-b8b7-ed8d777bffe4","local_time":"20190809103752","is_ascension_mode":true,"campfire_choices":[{"data":"Fission","floor":6.0,"key":"SMITH"},{"data":"Steam","floor":15.0,"key":"SMITH"},{"data":"Glacier","floor":28,"key":"SMITH"},{"floor":30,"key":"RECALL"},{"data":"Leap","floor":32,"key":"SMITH"}],"neow_cost":"NONE","seed_source_timestamp":2382679610557331,"circlet_count":0,"master_deck":["AscendersBane","Strike_B","Strike_B+1","Strike_B","Strike_B","Defend_B","Defend_B","Defend_B","Defend_B+1","Zap","Dualcast","Glacier+1","Electrodynamics","Zap","Leap+1","Zap","Heatsinks","Fission+1","Chill","Self Repair","Steam+1","Electrodynamics","Streamline+1","Fission+1","Writhe","Self Repair"],"special_seed":0,"relics":["Cracked Core","NeowsBlessing","Dodecahedron","Singing Bowl","Ornamental Fan","Snecko Eye","DollysMirror","Gambling Chip","Cables","Centennial Puzzle","Bag of Marbles","Strawberry"],"potions_floor_usage":[16,18,33],"damage_taken":[{"damage":0.0,"enemies":"Cultist","floor":1.0,"turns":1.0},{"damage":0.0,"enemies":"2 Louse","floor":4.0,"turns":1.0},{"damage":0.0,"enemies":"Gremlin Nob","floor":7.0,"turns":1.0},{"damage":0.0,"enemies":"Small Slimes","floor":8.0,"turns":2.0},{"damage":19.0,"enemies":"Lagavulin","floor":11.0,"turns":5.0},{"damage":5.0,"enemies":"Gremlin Gang","floor":12.0,"turns":2.0},{"damage":3.0,"enemies":"Looter","floor":13.0,"turns":2.0},{"damage":2.0,"enemies":"Exordium Thugs","floor":14.0,"turns":3.0},{"damage":30,"enemies":"The Guardian","floor":16,"turns":13},{"damage":9,"enemies":"3 Byrds","floor":18,"turns":4},{"damage":7,"enemies":"2 Thieves","floor":20,"turns":2},{"damage":18,"enemies":"Slavers","floor":23,"turns":4},{"damage":0,"enemies":"Gremlin Leader","floor":25,"turns":6},{"damage":6,"enemies":"Book of Stabbing","floor":27,"turns":5},{"damage":8,"enemies":"Snake Plant","floor":29,"turns":3},{"damage":8,"enemies":"Snecko","floor":31,"turns":5},{"damage":111,"enemies":"Collector","floor":33,"turns":8}],"seed_played":"8439688210407278394","potions_obtained":[{"floor":1.0,"key":"EssenceOfSteel"},{"floor":11.0,"key":"Dexterity Potion"},{"floor":12.0,"key":"LiquidBronze"},{"floor":16,"key":"Regen Potion"},{"floor":20,"key":"Fire Potion"}],"is_trial":false,"path_per_floor":["M","?","?","M","?","R","E","M","T","$","E","M","M","M","R","B",null,"M","?","M","$","?","E","$","E","T","E","R","M","R","M","R","B"],"character_chosen":"DEFECT","items_purchased":["Self Repair","Steam","DollysMirror","Self Repair"],"campfire_rested":0,"item_purchase_floors":[10,10,21,24],"current_hp_per_floor":[64,43,43,43,43,43,43,43,43,43,33,37,36,43,43,20,64,76,76,76,76,76,67,67,83,83,94,94,96,96,98,98,0],"gold":171,"neow_bonus":"THREE_ENEMY_KILL","is_prod":false,"is_daily":false,"chose_seed":false,"campfire_upgraded":4,"win_rate":0,"timestamp":1565361472,"path_taken":["M","?","?","?","?","R","E","?","T","?","E","M","M","M","R","BOSS","M","?","?","$","?","E","?","E","T","E","R","M","R","M","R","BOSS"],"build_version":"2019-07-17","purchased_purges":0,"victory":false,"max_hp_per_floor":[71,71,71,71,71,71,71,71,71,71,73,75,77,79,79,79,79,81,81,81,81,81,83,83,85,85,94,94,96,96,98,98,98],"card_choices":[{"not_picked":["Conserve Battery","Stack"],"picked":"Glacier","floor":1.0},{"not_picked":["Beam Cell","Aggregate"],"picked":"Leap","floor":4.0},{"not_picked":["Redo","Static Discharge"],"picked":"Chill","floor":7.0},{"not_picked":["Genetic Algorithm","Reprogram","Hologram"],"picked":"SKIP","floor":8.0},{"not_picked":["Streamline","Steam","Lockon"],"picked":"Singing Bowl","floor":11.0},{"not_picked":["Streamline","Ball Lightning","Sweeping Beam"],"picked":"Singing Bowl","floor":12.0},{"not_picked":["Double Energy","Capacitor","Beam Cell"],"picked":"Singing Bowl","floor":13.0},{"not_picked":["Coolheaded","Barrage","Reinforced Body"],"picked":"Singing Bowl","floor":14.0},{"not_picked":["Core Surge","Hyperbeam"],"picked":"Electrodynamics","floor":16},{"not_picked":["Steam","Consume","Static Discharge"],"picked":"Singing Bowl","floor":18},{"not_picked":["Storm","Ball Lightning"],"picked":"Streamline+1","floor":20},{"not_picked":["Steam Power+1","Multi-Cast","Tempest"],"picked":"Singing Bowl","floor":23},{"not_picked":["Cold Snap","Redo","Hello World"],"picked":"Singing Bowl","floor":25},{"not_picked":["Chaos+1","Thunder Strike","Creative AI"],"picked":"Singing Bowl","floor":27},{"not_picked":["Coolheaded","Leap","Go for the Eyes"],"picked":"Singing Bowl","floor":29},{"not_picked":["Auto Shields","FTL+1","Go for the Eyes+1"],"picked":"Singing Bowl","floor":31}],"player_experience":1001061,"relics_obtained":[{"floor":7.0,"key":"Dodecahedron"},{"floor":9.0,"key":"Singing Bowl"},{"floor":11.0,"key":"Ornamental Fan"},{"floor":23,"key":"Cables"},{"floor":25,"key":"Centennial Puzzle"},{"floor":26,"key":"Bag of Marbles"},{"floor":27,"key":"Strawberry"}],"event_choices":[{"damage_healed":0.0,"max_hp_gain":0.0,"max_hp_loss":0.0,"gold_gain":0.0,"event_name":"Shining Light","player_choice":"Entered Light","floor":2.0,"gold_loss":0.0,"damage_taken":21.0,"cards_upgraded":["Defend_B","Strike_B"]},{"damage_healed":0.0,"max_hp_gain":0.0,"max_hp_loss":0.0,"gold_gain":0.0,"event_name":"Match and Keep!","player_choice":"2 cards matched","floor":3.0,"gold_loss":0.0,"damage_taken":0.0,"cards_obtained":["Electrodynamics","Zap"]},{"damage_healed":0.0,"max_hp_gain":0.0,"max_hp_loss":0.0,"gold_gain":0.0,"event_name":"Match and Keep!","player_choice":"3 cards matched","floor":5.0,"gold_loss":0.0,"damage_taken":0.0,"cards_obtained":["Zap","Heatsinks","Fission"]},{"damage_healed":0,"gold_gain":0,"player_choice":"0 cards matched","damage_taken":0,"max_hp_gain":0,"max_hp_loss":0,"event_name":"Match and Keep!","floor":19,"gold_loss":0,"cards_obtained":[]},{"damage_healed":0,"gold_gain":0,"player_choice":"Opened","damage_taken":0,"relics_obtained":["Gambling Chip"],"max_hp_gain":0,"max_hp_loss":0,"event_name":"The Mausoleum","floor":22,"gold_loss":0,"cards_obtained":["Writhe"]}],"is_beta":false,"boss_relics":[{"not_picked":["Runic Dome","Pandora\u0027s Box"],"picked":"Snecko Eye"}],"items_purged_floors":[],"is_endless":false,"potions_floor_spawned":[1,11,12,14,16,20,25,27,29],"killed_by":"Collector","ascension_level":19}