{"gold_per_floor":[119,131,131,156,181,181,196,196,196,43,81,100,118,141,141,141],"floor_reached":16,"playtime":1749,"items_purged":[],"score":96,"play_id":"9a5e7b8e-6760-4104-961f-2c0a4ebc0517","local_time":"20190709111746","is_ascension_mode":false,"campfire_choices":[{"data":"Fiend Fire","floor":6,"key":"SMITH"},{"floor":8,"key":"REST"},{"floor":15,"key":"REST"}],"neow_cost":"NONE","seed_source_timestamp":16298595495650,"circlet_count":0,"master_deck":["Strike_R","Strike_R","Strike_R","Strike_R","Strike_R","Defend_R","Defend_R","Defend_R","Defend_R","Bash","Fiend Fire+1","Flame Barrier","Sword Boomerang","Headbutt","Clash","Shrug It Off","Armaments","Cleave","Impatience","Dual Wield","Armaments","Spot Weakness","Heavy Blade"],"relics":["Burning Blood","Golden Idol","Frozen Egg 2","Odd Mushroom"],"potions_floor_usage":[],"damage_taken":[{"damage":0,"enemies":"Cultist","floor":1,"turns":2},{"damage":3,"enemies":"Small Slimes","floor":2,"turns":4},{"damage":11,"enemies":"Jaw Worm","floor":4,"turns":3},{"damage":9,"enemies":"2 Fungi Beasts","floor":5,"turns":5},{"damage":30,"enemies":"Exordium Wildlife","floor":7,"turns":5},{"damage":21,"enemies":"The Mushroom Lair","floor":11,"turns":6},{"damage":13,"enemies":"Exordium Thugs","floor":12,"turns":3},{"damage":7,"enemies":"Blue Slaver","floor":13,"turns":3},{"damage":0,"enemies":"3 Louse","floor":14,"turns":4},{"damage":61,"enemies":"The Guardian","floor":16,"turns":8}],"seed_played":"-6693694059832896608","potions_obtained":[{"floor":1,"key":"LiquidBronze"},{"floor":4,"key":"BloodPotion"},{"floor":5,"key":"Fire Potion"},{"floor":12,"key":"PowerPotion"},{"floor":14,"key":"Block Potion"}],"is_trial":false,"path_per_floor":["M","M","?","M","M","R","M","R","T","$","?","M","M","M","R","B"],"character_chosen":"IRONCLAD","items_purchased":["Armaments","Cleave","Impatience"],"campfire_rested":2,"item_purchase_floors":[10,10,10],"current_hp_per_floor":[80,80,60,55,52,52,28,52,52,52,37,30,29,35,59,0],"gold":141,"neow_bonus":"ONE_RANDOM_RARE_CARD","is_prod":false,"is_daily":false,"chose_seed":false,"campfire_upgraded":1,"win_rate":0.0,"timestamp":1562663866,"path_taken":["M","?","?","M","M","R","M","R","T","?","?","M","M","M","R","BOSS"],"build_version":"2019-07-05","purchased_purges":0,"victory":false,"max_hp_per_floor":[80,80,80,80,80,80,80,80,80,80,80,80,80,80,80,80],"card_choices":[{"not_picked":["Warcry","Intimidate"],"picked":"Flame Barrier","floor":1},{"not_picked":["Clothesline","Clash"],"picked":"Sword Boomerang","floor":2},{"not_picked":["Iron Wave","Clothesline"],"picked":"Headbutt","floor":4},{"not_picked":["Iron Wave","Bludgeon"],"picked":"Clash","floor":5},{"not_picked":["Dropkick","Ghostly Armor"],"picked":"Shrug It Off","floor":7},{"not_picked":["Metallicize+1","Whirlwind"],"picked":"Dual Wield","floor":11},{"not_picked":["Warcry","Iron Wave"],"picked":"Armaments","floor":12},{"not_picked":["Pommel Strike","Shockwave"],"picked":"Spot Weakness","floor":13},{"not_picked":["True Grit","Burning Pact"],"picked":"Heavy Blade","floor":14}],"player_experience":13315,"relics_obtained":[{"floor":9,"key":"Frozen Egg 2"},{"floor":11,"key":"Odd Mushroom"}],"event_choices":[{"damage_healed":0,"gold_gain":0,"player_choice":"Take Damage","damage_taken":20,"relics_obtained":["Golden Idol"],"max_hp_gain":0,"max_hp_loss":0,"event_name":"Golden Idol","floor":3,"gold_loss":0},{"damage_healed":0,"gold_gain":0,"player_choice":"Fought Mushrooms","damage_taken":0,"max_hp_gain":0,"max_hp_loss":0,"event_name":"Mushrooms","floor":11,"gold_loss":0}],"is_beta":false,"boss_relics":[],"items_purged_floors":[],"is_endless":false,"potions_floor_spawned":[1,4,5,12,14],"killed_by":"The Guardian","ascension_level":0}