{"gold_per_floor":[109,69,79,89,15,47,22,36,63,63,63,63,74,86,86,185,185,203,203,36,54,69,69,88,88,88,88,88,38,53,66,66,166,166,178,189,200,220,220,220,220],"floor_reached":41,"playtime":3570,"items_purged":[],"score":422,"play_id":"7aafc982-fb80-4e54-9cf2-ea23e3a3cc96","local_time":"20190722174320","is_ascension_mode":false,"campfire_choices":[{"floor":12.0,"key":"REST"},{"floor":15.0,"key":"REST"},{"floor":23.0,"key":"REST"},{"floor":28.0,"key":"REST"},{"floor":32.0,"key":"REST"},{"floor":40,"key":"REST"}],"neow_cost":"NONE","seed_source_timestamp":31883671070680,"circlet_count":0,"master_deck":["Strike_G","Strike_G","Strike_G","Strike_G","Strike_G","Defend_G","Defend_G","Defend_G","Defend_G","Defend_G","Survivor","Neutralize","Deflect","Noxious Fumes+1","PiercingWail","Deflect","Caltrops","Poisoned Stab","Backflip","Slice","Backflip","Deadly Poison","Corpse Explosion","PiercingWail+1","Sadistic Nature","Terror","Noxious Fumes+1","Dash","Deflect","After Image","Quick Slash","Adrenaline","Well Laid Plans+1","Dodge and Roll","Bane+1","Prepared+1","Injury","Dagger Throw"],"special_seed":0,"relics":["Ring of the Snake","Pen Nib","Blood Vial","Ancient Tea Set","Paper Crane","Philosopher\u0027s Stone","Nilry\u0027s Codex","Thread and Needle","Strawberry","WristBlade"],"potions_floor_usage":[],"damage_taken":[{"damage":0.0,"enemies":"Cultist","floor":1.0,"turns":3.0},{"damage":0.0,"enemies":"2 Louse","floor":3.0,"turns":3.0},{"damage":0.0,"enemies":"Jaw Worm","floor":4.0,"turns":4.0},{"damage":39.0,"enemies":"Gremlin Nob","floor":6.0,"turns":6.0},{"damage":2.0,"enemies":"3 Louse","floor":8.0,"turns":4.0},{"damage":0.0,"enemies":"2 Fungi Beasts","floor":13.0,"turns":4.0},{"damage":4.0,"enemies":"Large Slime","floor":14.0,"turns":7.0},{"damage":47.0,"enemies":"Slime Boss","floor":16.0,"turns":10.0},{"damage":20.0,"enemies":"3 Byrds","floor":18.0,"turns":3.0},{"damage":11.0,"enemies":"Shell Parasite","floor":21.0,"turns":6.0},{"damage":12.0,"enemies":"Centurion and Healer","floor":22.0,"turns":5.0},{"damage":1.0,"enemies":"Snake Plant","floor":24.0,"turns":4.0},{"damage":0.0,"enemies":"Shelled Parasite and Fungi","floor":30.0,"turns":3.0},{"damage":28.0,"enemies":"Snecko","floor":31.0,"turns":7.0},{"damage":35,"enemies":"Champ","floor":33,"turns":10},{"damage":12,"enemies":"Orb Walker","floor":35,"turns":4},{"damage":8,"enemies":"3 Darklings","floor":36,"turns":4},{"damage":21,"enemies":"Maw","floor":37,"turns":8},{"damage":23,"enemies":"Jaw Worm Horde","floor":38,"turns":2},{"damage":76,"enemies":"Giant Head","floor":41,"turns":9}],"seed_played":"-2671223207562395024","potions_obtained":[{"floor":6.0,"key":"SteroidPotion"},{"floor":8.0,"key":"EssenceOfSteel"},{"floor":14.0,"key":"LiquidBronze"},{"floor":18.0,"key":"Fire Potion"},{"floor":21.0,"key":"GamblersBrew"}],"is_trial":false,"path_per_floor":["M","$","M","M","$","E","$","M","T","?","T","R","M","M","R","B",null,"M","?","$","M","M","R","M","?","T","?","R","$","M","M","R","B",null,"M","M","M","M","?","R","E"],"character_chosen":"THE_SILENT","items_purchased":["Noxious Fumes","Caltrops","Backflip","Sadistic Nature","Deflect"],"campfire_rested":6,"item_purchase_floors":[2,5,7,20,29],"current_hp_per_floor":[70,70,70,70,70,31,31,31,31,31,31,52,54,52,70,23,70,50,37,37,28,18,40,41,25,25,32,56,56,58,32,56,23,82,70,64,45,24,24,48,0],"gold":220,"neow_bonus":"RANDOM_COMMON_RELIC","is_prod":false,"is_daily":false,"chose_seed":false,"campfire_upgraded":0,"win_rate":0.0,"timestamp":1563810200,"path_taken":["M","$","M","?","$","E","$","M","T","?","?","R","M","M","R","BOSS","M","?","$","M","M","R","M","?","T","?","R","$","?","M","R","BOSS","M","M","M","M","?","R","E"],"build_version":"2019-07-17","purchased_purges":0,"victory":false,"max_hp_per_floor":[70,70,70,70,70,70,70,70,70,70,70,70,70,70,70,70,70,70,75,75,75,75,75,75,75,75,82,82,82,82,82,82,82,82,82,82,82,82,82,82,82],"card_choices":[{"not_picked":["Blade Dance","Prepared"],"picked":"Deflect","floor":1.0},{"not_picked":["Grand Finale","Blur"],"picked":"PiercingWail","floor":3.0},{"not_picked":["Accuracy","Riddle With Holes"],"picked":"Deflect","floor":4.0},{"not_picked":["Skewer","Prepared"],"picked":"Poisoned Stab","floor":6.0},{"not_picked":["All Out Attack","Bane"],"picked":"Slice","floor":8.0},{"not_picked":["Sucker Punch","Dagger Throw"],"picked":"Backflip","floor":13.0},{"not_picked":["Dagger Spray","Accuracy"],"picked":"Deadly Poison","floor":14.0},{"not_picked":["Glass Knife","Night Terror"],"picked":"Corpse Explosion","floor":16.0},{"not_picked":["Backflip","Blade Dance"],"picked":"PiercingWail+1","floor":18.0},{"not_picked":["Distraction+1","Slice"],"picked":"Terror","floor":21.0},{"not_picked":["Backstab","Endless Agony+1"],"picked":"Noxious Fumes+1","floor":22.0},{"not_picked":["All Out Attack","Sucker Punch"],"picked":"Dash","floor":24.0},{"not_picked":["Underhanded Strike","Crippling Poison+1"],"picked":"After Image","floor":30.0},{"not_picked":["Dagger Spray","Accuracy"],"picked":"Quick Slash","floor":31.0},{"not_picked":["Burst","Doppelganger"],"picked":"Adrenaline","floor":33},{"not_picked":["Blade Dance+1","Eviscerate"],"picked":"Well Laid Plans+1","floor":35},{"not_picked":["Dagger Throw","Flying Knee"],"picked":"Dodge and Roll","floor":36},{"not_picked":["Acrobatics","Crippling Poison"],"picked":"Bane+1","floor":37},{"not_picked":["Phantasmal Killer","Acrobatics+1"],"picked":"Prepared+1","floor":38}],"player_experience":169633,"relics_obtained":[{"floor":6.0,"key":"Blood Vial"},{"floor":9.0,"key":"Ancient Tea Set"},{"floor":11.0,"key":"Paper Crane"},{"floor":25.0,"key":"Nilry\u0027s Codex"},{"floor":26.0,"key":"Thread and Needle"},{"floor":27.0,"key":"Strawberry"}],"event_choices":[{"damage_healed":0.0,"max_hp_gain":0.0,"max_hp_loss":0.0,"gold_gain":0.0,"event_name":"Living Wall","player_choice":"Grow","floor":10.0,"gold_loss":0.0,"damage_taken":0.0,"cards_upgraded":["Noxious Fumes"]},{"damage_healed":0.0,"max_hp_gain":5.0,"max_hp_loss":0.0,"gold_gain":0.0,"event_name":"Forgotten Altar","player_choice":"Shed Blood","floor":19.0,"gold_loss":0.0,"damage_taken":18.0},{"damage_healed":0.0,"max_hp_gain":0.0,"max_hp_loss":0.0,"gold_gain":0.0,"event_name":"Cursed Tome","player_choice":"Obtained Book","floor":25.0,"gold_loss":0.0,"damage_taken":16.0},{"damage_healed":0.0,"max_hp_gain":0.0,"max_hp_loss":0.0,"gold_gain":0.0,"event_name":"Wheel of Change","player_choice":"Relic","floor":27.0,"gold_loss":0.0,"damage_taken":0.0},{"damage_healed":0,"gold_gain":0,"player_choice":"2 cards matched","damage_taken":0,"max_hp_gain":0,"max_hp_loss":0,"event_name":"Match and Keep!","floor":39,"gold_loss":0,"cards_obtained":["Injury","Dagger Throw"]}],"is_beta":false,"boss_relics":[{"not_picked":["Empty Cage","Snecko Eye"],"picked":"Philosopher\u0027s Stone"},{"not_picked":["Runic Pyramid","HoveringKite"],"picked":"WristBlade"}],"items_purged_floors":[],"is_endless":false,"potions_floor_spawned":[6,8,14,18,21,33,38],"killed_by":"Giant Head","ascension_level":0}