{"gold_per_floor":[111,129,129,129,54,92,92,111,160,235,258,258,277,96,96,224,224,248,123,222,238,238,276,294,294,321,333,364,226,241,254,254,374,374,393,393,408,508,333,333,349,349,375,394,144,269,310,333,333,333],"floor_reached":51,"playtime":3198,"items_purged":["Second Wind","Wild Strike","Blood for Blood","Second Wind","Armaments","Armaments"],"score":892,"play_id":"59cd9647-ab9d-46a7-99e5-f4dd347a018f","local_time":"20190813163937","daily_mods":["Draft"],"is_ascension_mode":true,"campfire_choices":[{"floor":7.0,"key":"REST"},{"floor":12.0,"key":"REST"},{"floor":15.0,"key":"REST"},{"floor":25,"key":"REST"},{"floor":27,"key":"REST"},{"floor":32,"key":"REST"},{"floor":40,"key":"REST"},{"floor":49,"key":"REST"}],"neow_cost":"","seed_source_timestamp":0,"circlet_count":0,"master_deck":["Clash","Metallicize","Clash","Anger","Pommel Strike","Anger","Flex","Combust","Shrug It Off","Metallicize","Flex","Finesse","Inflame","Inflame","Inflame+1","Clash","Anger","Flex","Impatience","Flex"],"special_seed":0,"relics":["Unceasing Top","Regal Pillow","Golden Idol","Red Skull","Omamori","Fusion Hammer","Centennial Puzzle","MawBank","Orrery","Lantern","Bird Faced Urn","Orichalcum"],"potions_floor_usage":[],"damage_taken":[{"damage":8.0,"enemies":"Jaw Worm","floor":1.0,"turns":2.0},{"damage":1.0,"enemies":"Small Slimes","floor":2.0,"turns":1.0},{"damage":19.0,"enemies":"Gremlin Nob","floor":6.0,"turns":4.0},{"damage":0.0,"enemies":"Cultist","floor":8.0,"turns":2.0},{"damage":12.0,"enemies":"Large Slime","floor":11.0,"turns":3.0},{"damage":4.0,"enemies":"2 Fungi Beasts","floor":13.0,"turns":3.0},{"damage":24.0,"enemies":"The Guardian","floor":16.0,"turns":9.0},{"damage":1.0,"enemies":"Chosen","floor":18.0,"turns":3.0},{"damage":9.0,"enemies":"2 Thieves","floor":21.0,"turns":3.0},{"damage":9,"enemies":"Book of Stabbing","floor":23,"turns":4},{"damage":14,"enemies":"Snake Plant","floor":24,"turns":2},{"damage":2,"enemies":"Cultist and Chosen","floor":28,"turns":3},{"damage":2,"enemies":"3 Cultists","floor":30,"turns":3},{"damage":1,"enemies":"Centurion and Healer","floor":31,"turns":2},{"damage":3,"enemies":"Collector","floor":33,"turns":4},{"damage":16,"enemies":"Orb Walker","floor":35,"turns":4},{"damage":10,"enemies":"3 Shapes","floor":37,"turns":3},{"damage":19,"enemies":"Writhing Mass","floor":41,"turns":3},{"damage":22,"enemies":"Maw","floor":44,"turns":3},{"damage":1,"enemies":"Mind Bloom Boss Battle","floor":46,"turns":2},{"damage":2,"enemies":"Giant Head","floor":47,"turns":3},{"damage":1,"enemies":"Spire Growth","floor":48,"turns":2},{"damage":29,"enemies":"Awakened One","floor":50,"turns":4}],"seed_played":"5881822712848057737","potions_obtained":[{"floor":2.0,"key":"SkillPotion"},{"floor":11.0,"key":"Block Potion"},{"floor":13.0,"key":"PowerPotion"},{"floor":23,"key":"Regen Potion"}],"is_trial":true,"path_per_floor":["M","M","?","?","$","E","R","M","T","?","M","R","M","$","R","B",null,"M","$","?","M","?","E","M","R","T","R","M","$","M","M","R","B",null,"M","?","M","?","$","R","M","?","T","M","$","?","E","M","R","B",null],"character_chosen":"IRONCLAD","items_purchased":["Finesse","Flex"],"campfire_rested":8,"item_purchase_floors":[14,45],"current_hp_per_floor":[72,71,53,33,33,14,53,53,53,42,30,69,65,65,80,56,80,79,79,79,70,70,61,47,80,80,80,78,78,76,75,80,77,80,64,64,54,54,54,80,61,61,61,39,39,38,48,53,80,55],"gold":333,"neow_bonus":"","is_prod":false,"is_daily":false,"chose_seed":false,"campfire_upgraded":0,"win_rate":0,"timestamp":1565707177,"path_taken":["M","M","?","?","$","E","R","M","T","?","?","R","M","$","R","BOSS","M","$","?","M","?","E","M","R","T","R","M","$","M","M","R","BOSS","M","?","M","?","$","R","?","?","T","M","$","?","E","M","R","BOSS"],"build_version":"2019-07-17","purchased_purges":6,"victory":true,"max_hp_per_floor":[80,80,80,80,80,80,80,80,80,80,80,80,80,80,80,80,80,80,80,80,80,80,80,80,80,80,80,80,80,80,80,80,80,80,80,80,80,80,80,80,80,80,80,80,80,80,80,80,80,80],"card_choices":[{"not_picked":["Warcry","Battle Trance"],"picked":"Clash","floor":0.0},{"not_picked":["Wild Strike","Searing Blow"],"picked":"Second Wind","floor":0.0},{"not_picked":["Clothesline","Infernal Blade"],"picked":"Metallicize","floor":0.0},{"not_picked":["Sever Soul","Fire Breathing"],"picked":"Clash","floor":0.0},{"not_picked":["Blood for Blood","Searing Blow"],"picked":"Anger","floor":0.0},{"not_picked":["Hemokinesis","Perfected Strike"],"picked":"Wild Strike","floor":0.0},{"not_picked":["Searing Blow","Warcry"],"picked":"Pommel Strike","floor":0.0},{"not_picked":["Corruption","Havoc"],"picked":"Second Wind","floor":0.0},{"not_picked":["Inflame","Cleave"],"picked":"Anger","floor":0.0},{"not_picked":["Body Slam","Flame Barrier"],"picked":"Armaments","floor":0.0},{"not_picked":["True Grit","Cleave"],"picked":"Blood for Blood","floor":0.0},{"not_picked":["True Grit","Battle Trance"],"picked":"Armaments","floor":0.0},{"not_picked":["Power Through","Shockwave"],"picked":"Flex","floor":0.0},{"not_picked":["Power Through","True Grit"],"picked":"Combust","floor":0.0},{"not_picked":["Infernal Blade","Hemokinesis"],"picked":"Shrug It Off","floor":0.0},{"not_picked":["Iron Wave","Twin Strike","Feel No Pain"],"picked":"SKIP","floor":1.0},{"not_picked":["Havoc","Iron Wave"],"picked":"Metallicize","floor":2.0},{"not_picked":["Combust","Hemokinesis","Twin Strike"],"picked":"SKIP","floor":6.0},{"not_picked":["Burning Pact","Warcry"],"picked":"Flex","floor":8.0},{"not_picked":["Cleave","Whirlwind","Havoc"],"picked":"SKIP","floor":11.0},{"not_picked":["Rampage","Headbutt","Dual Wield"],"picked":"SKIP","floor":13.0},{"not_picked":["Cleave","Body Slam","Ghostly Armor+1"],"picked":"SKIP","floor":18.0},{"not_picked":["Wild Strike","Flame Barrier","Iron Wave"],"picked":"SKIP","floor":21.0},{"not_picked":["Entrench","Pommel Strike"],"picked":"Inflame","floor":23},{"not_picked":["Burning Pact+1","True Grit","Entrench"],"picked":"SKIP","floor":24},{"not_picked":["Wild Strike","Headbutt+1","Armaments"],"picked":"SKIP","floor":28},{"not_picked":["Perfected Strike","Iron Wave+1","Offering"],"picked":"SKIP","floor":30},{"not_picked":["Second Wind","True Grit","Sword Boomerang"],"picked":"SKIP","floor":31},{"not_picked":["Fire Breathing+1","True Grit+1"],"picked":"Inflame+1","floor":34},{"not_picked":["Twin Strike","Rupture"],"picked":"Clash","floor":34},{"not_picked":["Uppercut","True Grit"],"picked":"Anger","floor":34},{"not_picked":["Sword Boomerang+1","Limit Break"],"picked":"Flex","floor":35},{"not_picked":["Jack Of All Trades","Madness"],"picked":"Impatience","floor":36},{"not_picked":["Shrug It Off+1","Rampage+1","Warcry"],"picked":"SKIP","floor":37},{"not_picked":["Wild Strike","Inflame+1","Havoc+1"],"picked":"SKIP","floor":41},{"not_picked":["Twin Strike+1","Perfected Strike+1","Searing Blow"],"picked":"SKIP","floor":44},{"not_picked":["Limit Break","Power Through+1","Cleave"],"picked":"SKIP","floor":47},{"not_picked":["Metallicize+1","Whirlwind+1","Sword Boomerang+1"],"picked":"SKIP","floor":48}],"player_experience":369276,"relics_obtained":[{"floor":6.0,"key":"Red Skull"},{"floor":9.0,"key":"Omamori"},{"floor":23,"key":"Centennial Puzzle"},{"floor":26,"key":"MawBank"},{"floor":43,"key":"Lantern"},{"floor":46,"key":"Bird Faced Urn"},{"floor":47,"key":"Orichalcum"}],"event_choices":[{"damage_healed":0.0,"max_hp_gain":0.0,"max_hp_loss":0.0,"gold_gain":0.0,"event_name":"Scrap Ooze","player_choice":"Success","floor":3.0,"gold_loss":0.0,"damage_taken":18.0,"relics_obtained":["Regal Pillow"]},{"damage_healed":0.0,"max_hp_gain":0.0,"max_hp_loss":0.0,"gold_gain":0.0,"event_name":"Golden Idol","player_choice":"Take Damage","floor":4.0,"gold_loss":0.0,"damage_taken":20.0,"relics_obtained":["Golden Idol"]},{"damage_healed":0.0,"max_hp_gain":0.0,"max_hp_loss":0.0,"gold_gain":75.0,"event_name":"World of Goop","player_choice":"Gather Gold","floor":10.0,"gold_loss":0.0,"damage_taken":11.0},{"damage_healed":0.0,"max_hp_gain":0.0,"max_hp_loss":0.0,"gold_gain":99.0,"event_name":"Nest","player_choice":"Stole From Cult","floor":20.0,"gold_loss":0.0,"damage_taken":0.0},{"damage_healed":0.0,"max_hp_gain":0.0,"max_hp_loss":0.0,"gold_gain":0.0,"event_name":"The Library","player_choice":"Read","floor":22.0,"gold_loss":0.0,"damage_taken":0.0,"cards_obtained":["Inflame"]},{"damage_healed":0,"gold_gain":0,"player_choice":"Memory 1","damage_taken":0,"max_hp_gain":0,"max_hp_loss":0,"event_name":"SensoryStone","floor":36,"gold_loss":0},{"damage_healed":0,"gold_gain":100,"player_choice":"Pray","damage_taken":0,"max_hp_gain":0,"max_hp_loss":0,"event_name":"Golden Shrine","floor":38,"gold_loss":0},{"damage_healed":0,"gold_gain":0,"player_choice":"Ignored","damage_taken":0,"max_hp_gain":0,"max_hp_loss":0,"event_name":"Mysterious Sphere","floor":42,"gold_loss":0},{"damage_healed":0,"gold_gain":0,"player_choice":"Fight","damage_taken":0,"max_hp_gain":0,"max_hp_loss":0,"event_name":"MindBloom","floor":46,"gold_loss":0}],"is_beta":false,"boss_relics":[{"not_picked":["Velvet Choker","Runic Cube"],"picked":"Fusion Hammer"},{"not_picked":["Busted Crown","Tiny House"],"picked":"Orrery"}],"items_purged_floors":[5,14,19,29,39,45],"is_endless":false,"potions_floor_spawned":[2,11,13,16,21,23,24,31,33,37,41,44],"ascension_level":2}