{"gold_per_floor":[162,162,63,63,82,82,110,110,110,120,146,42,52,76,76,172,172,190,201,101,201,212,245,245,276,276,276,68,82,99,124,124,225,225,242,253,269,269,74,103,103,137,137,137,172,172,207,226,226,226],"floor_reached":50,"playtime":3189,"items_purged":["Strike_G","Strike_G","Defend_G"],"score":1008,"play_id":"6ffc9824-2c44-4e62-a0d3-ec41f35bc85f","local_time":"20190123213554","is_ascension_mode":true,"campfire_choices":[{"data":"Cloak And Dagger","floor":6.0,"key":"SMITH"},{"data":"Accuracy","floor":8.0,"key":"SMITH"},{"floor":15.0,"key":"DIG"},{"floor":24,"key":"REST"},{"floor":32,"key":"REST"},{"floor":44,"key":"RECALL"},{"floor":49,"key":"DIG"}],"neow_cost":"NONE","seed_source_timestamp":0,"circlet_count":0,"master_deck":["Defend_G","Defend_G+1","Defend_G","Defend_G","Strike_G","Strike_G","Strike_G","Survivor","Neutralize+1","Cloak And Dagger+1","Tactician+1","Underhanded Strike","Accuracy+1","Dagger Throw","Prepared","Acrobatics+1","Underhanded Strike","Cloak And Dagger","Adrenaline","Acrobatics","Blade Dance+1","Adrenaline","Infinite Blades","Backflip","Deflect","Dodge and Roll+1","Prepared","Backflip+1","Unload","Underhanded Strike+1","Backflip","Madness","Madness","Accuracy","Backflip","Acrobatics","Underhanded Strike","Outmaneuver+1"],"special_seed":0,"relics":["Tiny House","Mercury Hourglass","Blood Vial","Pear","Shovel","PreservedInsect","Dream Catcher","WristBlade","Omamori","Letter Opener","Nunchaku","War Paint","Coffee Dripper","Potion Belt","Singing Bowl","Pantograph","Gremlin Horn","Blue Candle","Kunai"],"potions_floor_usage":[31,33,40,47,47,50,50,50,50],"damage_taken":[{"damage":0.0,"enemies":"2 Louse","floor":1.0,"turns":3.0},{"damage":1.0,"enemies":"Jaw Worm","floor":5.0,"turns":5.0},{"damage":36.0,"enemies":"Lagavulin","floor":7.0,"turns":10.0},{"damage":0.0,"enemies":"Cultist","floor":10.0,"turns":3.0},{"damage":12.0,"enemies":"3 Sentries","floor":11.0,"turns":8.0},{"damage":4.0,"enemies":"Exordium Thugs","floor":13.0,"turns":4.0},{"damage":24.0,"enemies":"Slime Boss","floor":16.0,"turns":8.0},{"damage":12.0,"enemies":"Shell Parasite","floor":18.0,"turns":4.0},{"damage":0.0,"enemies":"Spheric Guardian","floor":19.0,"turns":3.0},{"damage":17.0,"enemies":"Shelled Parasite and Fungi","floor":22.0,"turns":4.0},{"damage":8,"enemies":"Book of Stabbing","floor":23,"turns":4},{"damage":20,"enemies":"Gremlin Leader","floor":25,"turns":5},{"damage":0,"enemies":"Centurion and Healer","floor":29,"turns":3},{"damage":25,"enemies":"Snecko","floor":30,"turns":5},{"damage":0,"enemies":"Slavers","floor":31,"turns":2},{"damage":29,"enemies":"Collector","floor":33,"turns":7},{"damage":0,"enemies":"Orb Walker","floor":35,"turns":2},{"damage":5,"enemies":"3 Shapes","floor":36,"turns":3},{"damage":15,"enemies":"Writhing Mass","floor":37,"turns":5},{"damage":0,"enemies":"Giant Head","floor":40,"turns":5},{"damage":0,"enemies":"Nemesis","floor":42,"turns":3},{"damage":1,"enemies":"Giant Head","floor":45,"turns":4},{"damage":20,"enemies":"Reptomancer","floor":47,"turns":3},{"damage":8,"enemies":"3 Darklings","floor":48,"turns":2},{"damage":62,"enemies":"Time Eater","floor":50,"turns":9}],"seed_played":"6047364790339497694","potions_obtained":[{"floor":0.0,"key":"Weak Potion"},{"floor":7.0,"key":"SteroidPotion"},{"floor":10.0,"key":"FearPotion"},{"floor":16.0,"key":"AttackPotion"},{"floor":18.0,"key":"Swift Potion"},{"floor":31,"key":"GhostInAJar"},{"floor":36,"key":"EssenceOfSteel"},{"floor":40,"key":"PowerPotion"},{"floor":42,"key":"Energy Potion"},{"floor":45,"key":"LiquidBronze"},{"floor":48,"key":"Energy Potion"}],"is_trial":false,"path_per_floor":["M","?","$","?","M","R","E","R","T","M","E","$","M","T","R","B",null,"M","M","$","?","M","E","R","E","T","?","$","M","M","E","R","B",null,"M","M","M","?","$","E","T","E","T","R","E","?","E","M","R","B"],"character_chosen":"THE_SILENT","items_purchased":["Underhanded Strike","Acrobatics","Underhanded Strike","Infinite Blades","Backflip","Accuracy","Backflip","Acrobatics","Underhanded Strike"],"campfire_rested":2,"item_purchase_floors":[3,12,12,28,28,39,39,39,39],"current_hp_per_floor":[75,63,63,63,62,62,26,26,36,38,28,28,26,26,26,4,65,55,57,57,57,42,36,61,43,43,43,43,45,22,24,49,22,69,71,68,55,44,44,46,46,50,50,50,53,53,37,33,33,0],"gold":226,"neow_bonus":"BOSS_RELIC","is_prod":false,"is_daily":false,"chose_seed":false,"campfire_upgraded":2,"win_rate":0,"timestamp":1548297354,"path_taken":["M","?","$","?","M","R","E","R","T","?","E","?","M","?","R","BOSS","M","M","$","?","?","E","R","E","T","?","$","M","M","E","R","BOSS","M","M","?","?","$","E","?","E","T","R","E","?","E","?","R","BOSS"],"build_version":"2019-01-23","purchased_purges":3,"victory":false,"max_hp_per_floor":[75,75,75,75,75,75,75,75,85,85,85,85,85,85,85,85,85,85,85,85,85,85,85,85,85,85,85,85,85,85,85,85,85,85,85,85,85,85,85,85,85,87,87,87,89,89,91,93,93,93],"card_choices":[{"not_picked":["Slice","Deflect"],"picked":"Cloak And Dagger","floor":0.0},{"not_picked":["Calculated Gamble","Dagger Spray"],"picked":"Tactician","floor":1.0},{"not_picked":["Predator","PiercingWail"],"picked":"Accuracy","floor":5.0},{"not_picked":["Prepared","Outmaneuver"],"picked":"Dagger Throw","floor":7.0},{"not_picked":["Dagger Spray","PiercingWail"],"picked":"Prepared","floor":10.0},{"not_picked":["Masterful Stab","Caltrops","Catalyst"],"picked":"SKIP","floor":11.0},{"not_picked":["Acrobatics","Prepared"],"picked":"Cloak And Dagger","floor":13.0},{"not_picked":["Doppelganger","Corpse Explosion"],"picked":"Adrenaline","floor":16.0},{"not_picked":["Poisoned Stab","Quick Slash+1","Flechettes"],"picked":"SKIP","floor":18.0},{"not_picked":["Outmaneuver","Dagger Spray"],"picked":"Acrobatics","floor":19.0},{"not_picked":["Terror","Expertise"],"picked":"Blade Dance+1","floor":22},{"not_picked":["Blur","Slice","Tactician"],"picked":"SKIP","floor":23},{"not_picked":["Caltrops","Blade Dance"],"picked":"Adrenaline","floor":25},{"not_picked":["Dodge and Roll","Deadly Poison"],"picked":"Deflect","floor":29},{"not_picked":["Catalyst","Skewer+1"],"picked":"Dodge and Roll+1","floor":30},{"not_picked":["Underhanded Strike","Catalyst"],"picked":"Prepared","floor":31},{"not_picked":["Dagger Throw+1","Acrobatics"],"picked":"Backflip+1","floor":32},{"not_picked":["Die Die Die","Malaise"],"picked":"Unload","floor":33},{"not_picked":["Bouncing Flask","Deflect"],"picked":"Underhanded Strike+1","floor":35},{"not_picked":["Heel Hook+1","All Out Attack+1"],"picked":"Backflip","floor":36},{"not_picked":["Predator","Setup+1","Distraction+1"],"picked":"SKIP","floor":37},{"not_picked":["Backflip+1","Well Laid Plans+1"],"picked":"Outmaneuver+1","floor":40},{"not_picked":["Bane+1","Bouncing Flask+1","Leg Sweep"],"picked":"Singing Bowl","floor":42},{"not_picked":["PiercingWail+1","Catalyst+1","Heel Hook+1"],"picked":"Singing Bowl","floor":45},{"not_picked":["Quick Slash+1","Slice","Phantasmal Killer"],"picked":"Singing Bowl","floor":47},{"not_picked":["Quick Slash","Acrobatics","Setup+1"],"picked":"Singing Bowl","floor":48}],"player_experience":302523,"relics_obtained":[{"floor":7.0,"key":"Blood Vial"},{"floor":9.0,"key":"Pear"},{"floor":11.0,"key":"Shovel"},{"floor":14.0,"key":"PreservedInsect"},{"floor":15.0,"key":"Dream Catcher"},{"floor":23,"key":"Omamori"},{"floor":25,"key":"Letter Opener"},{"floor":26,"key":"Nunchaku"},{"floor":31,"key":"War Paint"},{"floor":40,"key":"Potion Belt"},{"floor":41,"key":"Singing Bowl"},{"floor":42,"key":"Pantograph"},{"floor":45,"key":"Gremlin Horn"},{"floor":47,"key":"Blue Candle"},{"floor":49,"key":"Kunai"}],"event_choices":[{"damage_healed":0.0,"max_hp_gain":0.0,"max_hp_loss":0.0,"gold_gain":0.0,"event_name":"Scrap Ooze","player_choice":"Success","floor":2.0,"gold_loss":0.0,"damage_taken":12.0,"relics_obtained":["Mercury Hourglass"]},{"damage_healed":0.0,"max_hp_gain":0.0,"max_hp_loss":0.0,"gold_gain":0.0,"event_name":"Accursed Blacksmith","player_choice":"Forge","floor":4.0,"gold_loss":0.0,"damage_taken":0.0,"cards_upgraded":["Tactician"]},{"damage_healed":0.0,"max_hp_gain":0.0,"max_hp_loss":0.0,"gold_gain":100.0,"event_name":"Golden Shrine","player_choice":"Pray","floor":21.0,"gold_loss":0.0,"damage_taken":0.0},{"damage_healed":0,"gold_gain":0,"player_choice":"Got Potions","damage_taken":0,"max_hp_gain":0,"max_hp_loss":0,"event_name":"Lab","floor":27,"gold_loss":0},{"damage_healed":0,"gold_gain":0,"player_choice":"Embrace Madness","damage_taken":11,"max_hp_gain":0,"max_hp_loss":0,"event_name":"Winding Halls","floor":38,"gold_loss":0,"cards_obtained":["Madness","Madness"]},{"damage_healed":0,"gold_gain":0,"player_choice":"Ignored","damage_taken":0,"max_hp_gain":0,"max_hp_loss":0,"event_name":"SecretPortal","floor":46,"gold_loss":0}],"is_beta":false,"boss_relics":[{"not_picked":["Runic Dome","Eternal Feather"],"picked":"WristBlade"},{"not_picked":["Busted Crown","Runic Pyramid"],"picked":"Coffee Dripper"}],"items_purged_floors":[3,20,28],"is_endless":false,"potions_floor_spawned":[7,10,13,16,18,23,31,36,40,42,45,48],"killed_by":"Time Eater","ascension_level":5}