{"gold_per_floor":[115,115,128,139,158,177,202,202,202,216,229,229,229,257,257,354,354,367,367,378,378],"floor_reached":21,"playtime":3077,"items_purged":[],"score":293,"play_id":"6183ef35-a7a4-4dca-89db-de0a8ccb9992","local_time":"20190710160740","is_ascension_mode":false,"campfire_choices":[{"floor":8,"key":"REST"},{"floor":12,"key":"REST"},{"floor":15,"key":"REST"}],"neow_cost":"NONE","seed_source_timestamp":0,"circlet_count":0,"master_deck":["Strike_G","Strike_G","Strike_G","Strike_G","Defend_G","Defend_G","Defend_G","Defend_G","Defend_G","Survivor","Neutralize","All Out Attack","Dagger Throw","Backflip","Expertise","Deadly Poison","Noxious Fumes","Outmaneuver","Poisoned Stab","Flying Knee","Quick Slash","Adrenaline","Finisher","After Image","Leg Sweep","Backflip+1"],"special_seed":0,"relics":["Ring of the Snake","Ornamental Fan","Dream Catcher","Bag of Marbles","WristBlade","Nilry\u0027s Codex"],"potions_floor_usage":[],"damage_taken":[{"damage":0,"enemies":"2 Louse","floor":1,"turns":5},{"damage":1,"enemies":"Cultist","floor":3,"turns":3},{"damage":4,"enemies":"Jaw Worm","floor":4,"turns":6},{"damage":9,"enemies":"Red Slaver","floor":5,"turns":7},{"damage":0,"enemies":"2 Fungi Beasts","floor":6,"turns":4},{"damage":15,"enemies":"Lagavulin","floor":7,"turns":8},{"damage":7,"enemies":"Lots of Slimes","floor":10,"turns":3},{"damage":9,"enemies":"3 Louse","floor":11,"turns":4},{"damage":37,"enemies":"Gremlin Nob","floor":14,"turns":5},{"damage":20,"enemies":"Slime Boss","floor":16,"turns":10},{"damage":8,"enemies":"3 Byrds","floor":18,"turns":6},{"damage":36,"enemies":"Shell Parasite","floor":20,"turns":9},{"damage":14,"enemies":"Centurion and Healer","floor":21,"turns":3}],"seed_played":"-8269470585277818000","potions_obtained":[{"floor":1,"key":"AttackPotion"},{"floor":3,"key":"Fire Potion"},{"floor":4,"key":"FearPotion"},{"floor":16,"key":"AttackPotion"}],"is_trial":false,"path_per_floor":["M","?","M","M","M","M","E","R","T","M","M","R","?","E","R","B",null,"M","?","M","M"],"character_chosen":"THE_SILENT","items_purchased":[],"campfire_rested":3,"item_purchase_floors":[],"current_hp_per_floor":[70,70,69,65,56,56,41,62,62,55,46,67,67,30,51,31,70,62,46,10,0],"gold":378,"neow_bonus":"THREE_CARDS","is_prod":false,"is_daily":false,"chose_seed":false,"campfire_upgraded":0,"win_rate":0.0,"timestamp":1562767660,"path_taken":["M","?","M","M","M","M","E","R","T","M","M","R","?","E","R","BOSS","M","?","M","M"],"build_version":"2019-07-05","purchased_purges":0,"victory":false,"max_hp_per_floor":[70,70,70,70,70,70,70,70,70,70,70,70,70,70,70,70,70,70,70,70,70],"card_choices":[{"not_picked":["Leg Sweep","Predator"],"picked":"Dodge and Roll","floor":0.0},{"not_picked":["Deflect","Leg Sweep"],"picked":"All Out Attack","floor":1},{"not_picked":["Dodge and Roll","Prepared"],"picked":"Dagger Throw","floor":3},{"not_picked":["Prepared","Outmaneuver"],"picked":"Backflip","floor":4},{"not_picked":["Choke","Deadly Poison"],"picked":"Expertise","floor":5},{"not_picked":["Sucker Punch","Outmaneuver"],"picked":"Deadly Poison","floor":6},{"not_picked":["Outmaneuver","Deflect"],"picked":"Noxious Fumes","floor":7},{"not_picked":["Blur","Choke"],"picked":"Outmaneuver","floor":10},{"not_picked":["Predator","Dagger Throw"],"picked":"Poisoned Stab","floor":11},{"not_picked":["PiercingWail","Underhanded Strike"],"picked":"Flying Knee","floor":12},{"not_picked":["Underhanded Strike","Outmaneuver"],"picked":"Adrenaline","floor":14},{"not_picked":["Dagger Throw","Sucker Punch"],"picked":"Finisher","floor":15},{"not_picked":["Night Terror","Wraith Form v2"],"picked":"After Image","floor":16},{"not_picked":["Blur","Dagger Throw"],"picked":"Leg Sweep","floor":18},{"not_picked":["Choke","Caltrops"],"picked":"Backflip+1","floor":20}],"player_experience":48228,"relics_obtained":[{"floor":7,"key":"Ornamental Fan"},{"floor":9,"key":"Dream Catcher"},{"floor":14,"key":"Bag of Marbles"},{"floor":19,"key":"Nilry\u0027s Codex"}],"event_choices":[{"damage_healed":0,"gold_gain":0,"player_choice":"Ignored","damage_taken":0,"max_hp_gain":0,"max_hp_loss":0,"event_name":"Liars Game","floor":2,"gold_loss":0},{"damage_healed":0,"gold_gain":0,"cards_transformed":["Strike_G"],"player_choice":"Transformed","damage_taken":0,"max_hp_gain":0,"max_hp_loss":0,"event_name":"Transmorgrifier","floor":13,"gold_loss":0,"cards_obtained":["Quick Slash"]},{"damage_healed":0,"gold_gain":0,"player_choice":"Obtained Book","damage_taken":16,"max_hp_gain":0,"max_hp_loss":0,"event_name":"Cursed Tome","floor":19,"gold_loss":0}],"is_beta":false,"boss_relics":[{"not_picked":["Velvet Choker","Coffee Dripper"],"picked":"WristBlade"}],"items_purged_floors":[],"is_endless":false,"potions_floor_spawned":[1,3,4,7,16],"killed_by":"Centurion and Healer","ascension_level":0}