{"gold_per_floor":[111,11,86,100,117,117,117,117,140,140,14,34,34,48,48,144,144,162,177,50,66,84,84,84,49,49,69,87,17,17,17,17,17],"floor_reached":33,"playtime":2603,"items_purged":[],"score":287,"play_id":"eca76a82-6dc0-491d-963c-6c6aefe106a1","local_time":"20190723171813","is_ascension_mode":false,"campfire_choices":[{"floor":6.0,"key":"REST"},{"data":"Infinite Blades","floor":8.0,"key":"SMITH"},{"data":"Deadly Poison","floor":15.0,"key":"SMITH"},{"floor":23.0,"key":"REST"},{"floor":30,"key":"REST"},{"floor":32,"key":"REST"}],"neow_cost":"NONE","seed_source_timestamp":7788478140664,"circlet_count":0,"master_deck":["Strike_G","Strike_G","Strike_G","Strike_G","Defend_G","Defend_G","Defend_G","Defend_G","Defend_G","Survivor","Neutralize","Bullet Time","Deadly Poison","Infinite Blades+1","Deadly Poison+1","Dagger Spray","Dodge and Roll","Accuracy","Deadly Poison+1","Deflect","Backflip","Tools of the Trade","Deadly Poison+1","Deadly Poison+1","Accuracy","Dodge and Roll","Flying Knee","After Image","Deadly Poison","Glass Knife","Caltrops","Endless Agony","Catalyst+1","Bouncing Flask","Acrobatics+1","Outmaneuver"],"special_seed":0,"relics":["Ring of the Serpent","Dream Catcher","Strawberry","Shuriken","CultistMask"],"potions_floor_usage":[33,33,33],"damage_taken":[{"damage":0.0,"enemies":"2 Louse","floor":1.0,"turns":2.0},{"damage":0.0,"enemies":"Small Slimes","floor":4.0,"turns":3.0},{"damage":0.0,"enemies":"Cultist","floor":5.0,"turns":3.0},{"damage":0.0,"enemies":"Large Slime","floor":12.0,"turns":5.0},{"damage":4.0,"enemies":"Red Slaver","floor":14.0,"turns":3.0},{"damage":55.0,"enemies":"The Guardian","floor":16.0,"turns":9.0},{"damage":11.0,"enemies":"Chosen","floor":18.0,"turns":6.0},{"damage":14.0,"enemies":"Shell Parasite","floor":19.0,"turns":6.0},{"damage":34.0,"enemies":"Snake Plant","floor":21.0,"turns":5.0},{"damage":16.0,"enemies":"Shelled Parasite and Fungi","floor":22.0,"turns":9.0},{"damage":13.0,"enemies":"Snecko","floor":27.0,"turns":5.0},{"damage":16,"enemies":"Chosen and Byrds","floor":28,"turns":6},{"damage":57,"enemies":"Champ","floor":33,"turns":9}],"seed_played":"8257062177751858726","potions_obtained":[{"floor":1.0,"key":"Regen Potion"},{"floor":5.0,"key":"SpeedPotion"},{"floor":12.0,"key":"Ancient Potion"},{"floor":14.0,"key":"LiquidBronze"},{"floor":22.0,"key":"Poison Potion"}],"is_trial":false,"path_per_floor":["M","$","?","M","M","R","?","R","T","?","$","M","?","M","R","B",null,"M","M","$","M","M","R","?","$","T","M","M","$","R","?","R","B"],"character_chosen":"THE_SILENT","items_purchased":["Infinite Blades","Deadly Poison","Accuracy","Deadly Poison","Accuracy","Dodge and Roll","Caltrops","Bouncing Flask"],"campfire_rested":4,"item_purchase_floors":[2,2,11,11,20,20,25,29],"current_hp_per_floor":[70,70,59,59,59,70,75,75,75,75,75,75,82,78,78,23,82,71,57,57,23,7,31,31,31,31,18,2,2,26,26,50,0],"gold":17,"neow_bonus":"ONE_RANDOM_RARE_CARD","is_prod":false,"is_daily":false,"chose_seed":false,"campfire_upgraded":2,"win_rate":0.0,"timestamp":1563895093,"path_taken":["M","$","?","M","M","R","?","R","T","?","$","?","?","M","R","BOSS","M","M","$","M","M","R","?","?","T","?","M","$","R","?","R","BOSS"],"build_version":"2019-07-17","purchased_purges":0,"victory":false,"max_hp_per_floor":[70,70,70,70,70,70,75,75,75,75,75,75,82,82,82,82,82,82,82,82,82,82,82,82,82,82,82,82,82,82,82,82,82],"card_choices":[{"not_picked":["Leg Sweep","Flechettes"],"picked":"Deadly Poison","floor":1.0},{"not_picked":["Dagger Throw","Concentrate"],"picked":"Dagger Spray","floor":4.0},{"not_picked":["Poisoned Stab","Unload"],"picked":"Dodge and Roll","floor":5.0},{"not_picked":["Prepared","Cloak And Dagger"],"picked":"Deflect","floor":12.0},{"not_picked":["Sucker Punch","Dagger Throw"],"picked":"Backflip","floor":14.0},{"not_picked":["Unload","Die Die Die"],"picked":"Tools of the Trade","floor":16.0},{"not_picked":["Dagger Throw","Finisher"],"picked":"Deadly Poison+1","floor":18.0},{"not_picked":["Underhanded Strike","Dagger Throw+1"],"picked":"Deadly Poison+1","floor":19.0},{"not_picked":["Tactician","Eviscerate+1"],"picked":"Flying Knee","floor":21.0},{"not_picked":["Finisher","Accuracy"],"picked":"After Image","floor":22.0},{"not_picked":["Sucker Punch","Predator"],"picked":"Deadly Poison","floor":23.0},{"not_picked":["Dagger Spray","Slice"],"picked":"Endless Agony","floor":27.0},{"not_picked":["Prepared","Concentrate"],"picked":"Catalyst+1","floor":28},{"not_picked":["Setup","Choke"],"picked":"Acrobatics+1","floor":30},{"not_picked":["Glass Knife","PiercingWail"],"picked":"Outmaneuver","floor":32}],"player_experience":187627,"relics_obtained":[{"floor":9.0,"key":"Dream Catcher"},{"floor":26.0,"key":"Shuriken"}],"event_choices":[{"damage_healed":0.0,"max_hp_gain":0.0,"max_hp_loss":0.0,"gold_gain":75.0,"event_name":"World of Goop","player_choice":"Gather Gold","floor":3.0,"gold_loss":0.0,"damage_taken":11.0},{"damage_healed":0.0,"max_hp_gain":5.0,"max_hp_loss":0.0,"gold_gain":0.0,"event_name":"Big Fish","player_choice":"Donut","floor":7.0,"gold_loss":0.0,"damage_taken":0.0},{"damage_healed":0.0,"max_hp_gain":0.0,"max_hp_loss":0.0,"gold_gain":0.0,"event_name":"Accursed Blacksmith","player_choice":"Forge","floor":10.0,"gold_loss":0.0,"damage_taken":0.0,"cards_upgraded":["Deadly Poison"]},{"damage_healed":0.0,"max_hp_gain":0.0,"max_hp_loss":0.0,"gold_gain":0.0,"event_name":"WeMeetAgain","player_choice":"Gave Potion","floor":13.0,"gold_loss":0.0,"damage_taken":0.0,"relics_obtained":["Strawberry"]},{"damage_healed":0.0,"max_hp_gain":0.0,"max_hp_loss":0.0,"gold_gain":0.0,"cards_transformed":["Strike_G"],"event_name":"Transmorgrifier","player_choice":"Transformed","floor":24.0,"gold_loss":0.0,"damage_taken":0.0,"cards_obtained":["Glass Knife"]},{"damage_healed":0,"gold_gain":0,"player_choice":"Trade","damage_taken":0,"relics_obtained":["CultistMask"],"max_hp_gain":0,"max_hp_loss":0,"event_name":"FaceTrader","floor":31,"gold_loss":0}],"is_beta":false,"boss_relics":[{"not_picked":["Calling Bell","Empty Cage"],"picked":"Ring of the Serpent"}],"items_purged_floors":[],"is_endless":false,"potions_floor_spawned":[1,5,12,14,19,22],"killed_by":"Champ","ascension_level":0}