{"gold_per_floor":[117,134,146,164,176,176,188,207,207,234,248,278,278,312,312,412,412,424,444,444,133,58,58,89,105,129,129,229,229,50,66,66,166,166,186,198,198,12,29,40,40,72,98,127,127,141,141,166,166,166],"floor_reached":51,"playtime":4675,"items_purged":["Strike_B","Defend_B"],"score":819,"play_id":"f3cf55f4-3dc6-4460-bda9-3f2a77e624c4","local_time":"20190811022731","is_ascension_mode":false,"campfire_choices":[{"data":"Defragment","floor":6,"key":"SMITH"},{"floor":13,"key":"REST"},{"data":"Capacitor","floor":15,"key":"SMITH"},{"data":"Loop","floor":23,"key":"SMITH"},{"data":"Defragment","floor":27,"key":"SMITH"},{"data":"Streamline","floor":32,"key":"SMITH"},{"data":"Amplify","floor":41,"key":"SMITH"},{"data":"Storm","floor":45,"key":"SMITH"},{"data":"Buffer","floor":49,"key":"SMITH"}],"neow_cost":"NONE","seed_source_timestamp":134306739977700,"circlet_count":0,"master_deck":["Strike_B","Strike_B","Defend_B","Defend_B","Zap","Dualcast","Coolheaded","Static Discharge","Conserve Battery","Defragment+1","Cold Snap","Capacitor+1","Streamline+1","Cold Snap","Leap+1","Buffer+1","Loop+1","Coolheaded+1","Impatience","Defragment+1","Blizzard+1","Glacier","Self Repair","Beam Cell","Creative AI","Sweeping Beam+1","Panache","Parasite","Amplify+1","Doubt","Storm+1","Defragment+1"],"relics":["Cracked Core","Juzu Bracelet","Potion Belt","Mercury Hourglass","Lantern","Coffee Dripper","Bag of Preparation","Pantograph","Blood Vial","Bird Faced Urn","Mummified Hand","Cursed Key","Happy Flower","War Paint","Centennial Puzzle","Bag of Marbles"],"potions_floor_usage":[8,16,18,18,19,25,28,33,46,50,50,50],"damage_taken":[{"damage":2,"enemies":"2 Louse","floor":1,"turns":3},{"damage":0,"enemies":"Small Slimes","floor":2,"turns":3},{"damage":0,"enemies":"Cultist","floor":3,"turns":4},{"damage":5,"enemies":"Blue Slaver","floor":4,"turns":4},{"damage":1,"enemies":"2 Fungi Beasts","floor":5,"turns":4},{"damage":8,"enemies":"3 Louse","floor":7,"turns":3},{"damage":11,"enemies":"Gremlin Gang","floor":8,"turns":2},{"damage":6,"enemies":"3 Sentries","floor":10,"turns":9},{"damage":1,"enemies":"Looter","floor":11,"turns":3},{"damage":11,"enemies":"Lagavulin","floor":14,"turns":6},{"damage":0,"enemies":"Slime Boss","floor":16,"turns":11},{"damage":1,"enemies":"Chosen","floor":18,"turns":4},{"damage":3,"enemies":"3 Byrds","floor":19,"turns":4},{"damage":33,"enemies":"Slavers","floor":24,"turns":4},{"damage":6,"enemies":"Snake Plant","floor":25,"turns":5},{"damage":7,"enemies":"Colosseum Slavers","floor":28,"turns":5},{"damage":0,"enemies":"Colosseum Nobs","floor":28,"turns":4},{"damage":0,"enemies":"Cultist and Chosen","floor":31,"turns":7},{"damage":20,"enemies":"Collector","floor":33,"turns":8},{"damage":20,"enemies":"3 Darklings","floor":35,"turns":5},{"damage":0,"enemies":"3 Shapes","floor":36,"turns":3},{"damage":0,"enemies":"Writhing Mass","floor":39,"turns":7},{"damage":0,"enemies":"Spire Growth","floor":40,"turns":5},{"damage":27,"enemies":"Nemesis","floor":42,"turns":7},{"damage":0,"enemies":"Giant Head","floor":44,"turns":11},{"damage":0,"enemies":"Transient","floor":46,"turns":5},{"damage":0,"enemies":"Reptomancer","floor":48,"turns":5},{"damage":46,"enemies":"Time Eater","floor":50,"turns":6}],"seed_played":"-4433597269702186131","potions_obtained":[{"floor":4,"key":"SneckoOil"},{"floor":5,"key":"Energy Potion"},{"floor":7,"key":"Explosive Potion"},{"floor":8,"key":"SteroidPotion"},{"floor":16,"key":"Energy Potion"},{"floor":24,"key":"AttackPotion"},{"floor":25,"key":"Poison Potion"},{"floor":28,"key":"Fire Potion"},{"floor":35,"key":"EssenceOfSteel"},{"floor":40,"key":"Energy Potion"},{"floor":42,"key":"Poison Potion"},{"floor":44,"key":"Strength Potion"},{"floor":46,"key":"Fruit Juice"}],"is_trial":false,"path_per_floor":["M","M","M","M","M","R","M","M","T","E","M","?","R","E","R","B",null,"M","M","?","$","?","R","E","M","T","R","?","?","$","M","R","B",null,"M","M","?","$","M","M","R","E","T","E","R","M","?","E","R","B",null],"character_chosen":"DEFECT","items_purchased":["Bag of Preparation","Impatience","Self Repair","Panache"],"campfire_rested":1,"item_purchase_floors":[21,21,30,38],"current_hp_per_floor":[80,80,80,75,74,74,66,55,55,49,48,48,72,61,61,61,82,81,78,78,78,78,78,45,39,39,39,36,36,36,59,59,75,82,79,82,82,82,82,82,82,80,80,82,82,87,87,87,87,66],"gold":166,"neow_bonus":"TEN_PERCENT_HP_BONUS","is_prod":false,"is_daily":false,"chose_seed":false,"campfire_upgraded":8,"win_rate":0.0,"timestamp":1565461651,"path_taken":["M","M","M","M","M","R","M","M","T","E","M","?","R","E","R","BOSS","M","M","?","$","?","R","E","M","T","R","?","?","$","M","R","BOSS","M","M","?","$","M","M","R","E","T","E","R","M","?","E","R","BOSS"],"build_version":"2019-07-17","purchased_purges":2,"victory":true,"max_hp_per_floor":[82,82,82,82,82,82,82,82,82,82,82,82,82,82,82,82,82,82,82,82,82,82,82,82,82,82,82,82,82,82,82,82,82,82,82,82,82,82,82,82,82,82,82,82,82,87,87,87,87,87],"card_choices":[{"not_picked":["Barrage","Conserve Battery"],"picked":"Coolheaded","floor":1},{"not_picked":["Steam Power","Skim"],"picked":"Static Discharge","floor":2},{"not_picked":["Skim","Hologram"],"picked":"Conserve Battery","floor":3},{"not_picked":["Barrage","Sweeping Beam"],"picked":"Redo","floor":4},{"not_picked":["Stack","Double Energy"],"picked":"Defragment","floor":5},{"not_picked":["Redo","Rip and Tear"],"picked":"Cold Snap","floor":7},{"not_picked":["Compile Driver","Redo"],"picked":"Capacitor","floor":8},{"not_picked":["Fission","Hologram"],"picked":"Streamline","floor":10},{"not_picked":["Beam Cell","Blizzard"],"picked":"Cold Snap","floor":11},{"not_picked":["Genetic Algorithm","Multi-Cast"],"picked":"Leap","floor":14},{"not_picked":["Multi-Cast","Biased Cognition"],"picked":"Buffer","floor":16},{"not_picked":["Steam","Heatsinks"],"picked":"Loop","floor":18},{"not_picked":["Loop","Leap+1"],"picked":"Coolheaded","floor":19},{"not_picked":["Darkness","Compile Driver"],"picked":"Defragment","floor":24},{"not_picked":["Coolheaded","Genetic Algorithm"],"picked":"Blizzard+1","floor":25},{"not_picked":["Blizzard","Hologram+1"],"picked":"Glacier","floor":28},{"not_picked":["Hologram+1","Compile Driver"],"picked":"Beam Cell","floor":31},{"not_picked":["Machine Learning","Buffer"],"picked":"Creative AI","floor":33},{"not_picked":["Steam+1","Beam Cell"],"picked":"Sweeping Beam+1","floor":35},{"not_picked":["Steam","Skim","Genetic Algorithm"],"picked":"SKIP","floor":36},{"not_picked":["Compile Driver+1","Reprogram+1","Doom and Gloom"],"picked":"SKIP","floor":39},{"not_picked":["Go for the Eyes","Coolheaded"],"picked":"Amplify","floor":40},{"not_picked":["Streamline+1","Doom and Gloom+1","Tempest+1"],"picked":"SKIP","floor":42},{"not_picked":["Hello World+1","Redo+1"],"picked":"Storm","floor":44},{"not_picked":["FTL+1","Auto Shields+1"],"picked":"Defragment+1","floor":46},{"not_picked":["Cold Snap","Doom and Gloom","Steam"],"picked":"SKIP","floor":48}],"player_experience":13942,"relics_obtained":[{"floor":9,"key":"Juzu Bracelet"},{"floor":10,"key":"Potion Belt"},{"floor":14,"key":"Lantern"},{"floor":24,"key":"Pantograph"},{"floor":26,"key":"Blood Vial"},{"floor":28,"key":"Bird Faced Urn"},{"floor":28,"key":"Mummified Hand"},{"floor":42,"key":"Happy Flower"},{"floor":43,"key":"War Paint"},{"floor":44,"key":"Centennial Puzzle"},{"floor":48,"key":"Bag of Marbles"}],"event_choices":[{"damage_healed":0,"gold_gain":30,"player_choice":"Searched \u00272\u0027 times","damage_taken":0,"relics_obtained":["Mercury Hourglass"],"max_hp_gain":0,"max_hp_loss":0,"event_name":"Dead Adventurer","floor":12,"gold_loss":0},{"damage_healed":0,"gold_gain":0,"player_choice":"Ignored","damage_taken":0,"max_hp_gain":0,"max_hp_loss":0,"event_name":"Ghosts","floor":20,"gold_loss":0},{"cards_removed":["Defend_B"],"damage_healed":0,"gold_gain":0,"player_choice":"Gave Gold","damage_taken":0,"max_hp_gain":0,"max_hp_loss":0,"event_name":"Beggar","floor":22,"gold_loss":75},{"damage_healed":0,"gold_gain":0,"player_choice":"Fight","damage_taken":0,"max_hp_gain":0,"max_hp_loss":0,"event_name":"Colosseum","floor":28,"gold_loss":0},{"damage_healed":0,"gold_gain":0,"player_choice":"Fought Nobs","damage_taken":0,"max_hp_gain":0,"max_hp_loss":0,"event_name":"Colosseum","floor":28,"gold_loss":0},{"cards_removed":["Strike_B"],"damage_healed":0,"gold_gain":0,"player_choice":"Card Removal","damage_taken":0,"max_hp_gain":0,"max_hp_loss":0,"event_name":"Wheel of Change","floor":29,"gold_loss":0},{"damage_healed":0,"gold_gain":0,"player_choice":"Ignored","damage_taken":0,"max_hp_gain":0,"max_hp_loss":0,"event_name":"Tomb of Lord Red Mask","floor":37,"gold_loss":0},{"cards_removed":["Redo"],"damage_healed":0,"gold_gain":0,"player_choice":"Removed Skill","damage_taken":0,"max_hp_gain":0,"max_hp_loss":0,"event_name":"Falling","floor":47,"gold_loss":0}],"is_beta":false,"boss_relics":[{"not_picked":["Runic Dome","Lizard Tail"],"picked":"Coffee Dripper"},{"not_picked":["Calling Bell","Nuclear Battery"],"picked":"Cursed Key"}],"items_purged_floors":[21,30],"is_endless":false,"potions_floor_spawned":[4,5,7,8,16,24,25,28,35,40,42,44,46],"ascension_level":0}