{"gold_per_floor":[114,74,84,84,98,98,9,29,84,95,95,126,136,192,192,291,291,301,93,104,121,81,81,115,40,40,67,67,67,79,2,2,97,97,117,117,133,145,15,27,52,66,93,124,124],"floor_reached":45,"playtime":3219,"items_purged":["Strike_B"],"score":708,"play_id":"fafc63fe-291d-4711-8faf-dba1cd00752a","local_time":"20190128141100","is_ascension_mode":true,"campfire_choices":[{"data":"Storm","floor":6,"key":"SMITH"},{"data":"Conserve Battery","floor":11,"key":"SMITH"},{"data":"Static Discharge","floor":15,"key":"SMITH"},{"floor":23,"key":"REST"},{"floor":28,"key":"REST"},{"floor":32,"key":"RECALL"}],"neow_cost":"NONE","seed_source_timestamp":4642639747883543,"circlet_count":0,"master_deck":["Strike_B+1","Defend_B","Defend_B","Defend_B","Defend_B","Zap","Dualcast","Self Repair","Heatsinks","Storm+1","Hello World","Conserve Battery+1","Static Discharge+1","Electrodynamics","Multi-Cast","Static Discharge","Storm","Conserve Battery","Loop","Capacitor","Defragment","Heatsinks","Creative AI","Conserve Battery","Loop","Conserve Battery","Capacitor+1","Heatsinks+1","Parasite"],"relics":["Cracked Core","Bag of Marbles","Blood Vial","Whetstone","Tiny Chest","Fusion Hammer","PreservedInsect","Potion Belt","Turnip","Inserter","Pantograph","Lantern","Smiling Mask"],"potions_floor_usage":[33,33,45,45,45],"damage_taken":[{"damage":2,"enemies":"Jaw Worm","floor":1,"turns":3},{"damage":0,"enemies":"Small Slimes","floor":3,"turns":2},{"damage":1,"enemies":"Cultist","floor":5,"turns":3},{"damage":6,"enemies":"2 Fungi Beasts","floor":8,"turns":3},{"damage":0,"enemies":"Large Slime","floor":10,"turns":4},{"damage":18,"enemies":"Lagavulin","floor":12,"turns":6},{"damage":11,"enemies":"Looter","floor":13,"turns":3},{"damage":11,"enemies":"3 Sentries","floor":14,"turns":6},{"damage":2,"enemies":"The Guardian","floor":16,"turns":9},{"damage":22,"enemies":"2 Thieves","floor":18,"turns":1},{"damage":14,"enemies":"Shell Parasite","floor":20,"turns":3},{"damage":12,"enemies":"Cultist and Chosen","floor":21,"turns":3},{"damage":27,"enemies":"Book of Stabbing","floor":24,"turns":4},{"damage":19,"enemies":"Slavers","floor":27,"turns":2},{"damage":7,"enemies":"Snake Plant","floor":30,"turns":3},{"damage":59,"enemies":"Champ","floor":33,"turns":7},{"damage":14,"enemies":"Orb Walker","floor":35,"turns":3},{"damage":0,"enemies":"3 Shapes","floor":37,"turns":2},{"damage":12,"enemies":"Sphere and 2 Shapes","floor":38,"turns":3},{"damage":6,"enemies":"4 Shapes","floor":40,"turns":3},{"damage":11,"enemies":"Nemesis","floor":41,"turns":5},{"damage":25,"enemies":"Writhing Mass","floor":42,"turns":5},{"damage":44,"enemies":"Giant Head","floor":44,"turns":6},{"damage":18,"enemies":"Sphere and 2 Shapes","floor":45,"turns":3}],"seed_played":"-8432981922350843339","potions_obtained":[{"floor":1,"key":"Dexterity Potion"},{"floor":5,"key":"Swift Potion"},{"floor":10,"key":"LiquidBronze"},{"floor":12,"key":"FairyPotion"},{"floor":16,"key":"Regen Potion"},{"floor":30,"key":"Block Potion"},{"floor":33,"key":"EssenceOfSteel"},{"floor":37,"key":"LiquidBronze"},{"floor":40,"key":"Explosive Potion"},{"floor":44,"key":"AttackPotion"}],"is_trial":false,"path_per_floor":["M","$","M","?","M","R","$","M","T","M","R","E","M","E","R","B",null,"M","$","M","M","$","R","E","?","T","E","R","?","M","$","R","B",null,"M","?","M","M","$","M","E","M","T","E","M"],"character_chosen":"DEFECT","items_purchased":["Heatsinks","Hello World","Conserve Battery","Storm","Conserve Battery","Capacitor","Heatsinks","Loop","Conserve Battery"],"campfire_rested":2,"item_purchase_floors":[2,7,7,19,19,22,31,39,39],"current_hp_per_floor":[66,66,73,66,72,72,72,66,66,75,75,64,62,60,60,67,73,53,53,48,45,45,67,49,49,49,32,54,54,49,49,49,14,60,55,55,57,54,54,57,55,39,39,14,0],"gold":124,"neow_bonus":"RANDOM_COMMON_RELIC","is_prod":false,"is_daily":false,"chose_seed":false,"campfire_upgraded":3,"win_rate":0,"timestamp":1548702660,"path_taken":["M","$","M","?","M","R","$","M","T","M","R","E","M","E","R","BOSS","M","$","M","M","$","R","E","?","T","E","R","?","M","?","R","BOSS","M","?","M","?","$","M","E","M","T","E","M"],"build_version":"2019-01-23","purchased_purges":1,"victory":false,"max_hp_per_floor":[75,75,75,75,75,75,75,75,75,75,75,75,75,75,75,75,75,75,75,75,75,75,75,75,75,75,75,75,75,75,75,75,75,75,75,75,75,75,75,75,75,75,75,75,75],"card_choices":[{"not_picked":["Cold Snap","Barrage"],"picked":"Self Repair","floor":1},{"not_picked":["Scrape","Compile Driver"],"picked":"Storm","floor":3},{"not_picked":["Leap","Darkness","Sweeping Beam"],"picked":"SKIP","floor":5},{"not_picked":["Gash","Compile Driver","Hologram"],"picked":"SKIP","floor":8},{"not_picked":["Cold Snap","BootSequence","Coolheaded"],"picked":"SKIP","floor":10},{"not_picked":["Gash","Cold Snap"],"picked":"Static Discharge","floor":12},{"not_picked":["Barrage","Doom and Gloom","Stack"],"picked":"SKIP","floor":13},{"not_picked":["Reinforced Body","Gash"],"picked":"Electrodynamics","floor":14},{"not_picked":["Fission","Hyperbeam"],"picked":"Multi-Cast","floor":16},{"not_picked":["Stack","Leap"],"picked":"Static Discharge","floor":18},{"not_picked":["Coolheaded","Barrage","Reinforced Body"],"picked":"SKIP","floor":20},{"not_picked":["Steam Power","Conserve Battery"],"picked":"Loop","floor":21},{"not_picked":["Coolheaded","Meteor Strike","Steam"],"picked":"SKIP","floor":24},{"not_picked":["Barrage","Go for the Eyes+1"],"picked":"Defragment","floor":27},{"not_picked":["Rebound+1","Sunder+1","Turbo"],"picked":"SKIP","floor":30},{"not_picked":["Buffer","Thunder Strike"],"picked":"Creative AI","floor":33},{"not_picked":["Fusion+1","Genetic Algorithm+1"],"picked":"Conserve Battery","floor":35},{"not_picked":["Darkness+1","Sunder","Steam"],"picked":"SKIP","floor":37},{"not_picked":["Coolheaded+1","Sweeping Beam","Darkness+1"],"picked":"SKIP","floor":38},{"not_picked":["Turbo+1","Steam+1"],"picked":"Capacitor+1","floor":40},{"not_picked":["Double Energy+1","Steam"],"picked":"Heatsinks+1","floor":41},{"not_picked":["Ball Lightning","Darkness","Gash+1"],"picked":"SKIP","floor":42},{"not_picked":["Coolheaded","FTL","Turbo+1"],"picked":"SKIP","floor":44}],"player_experience":361983,"relics_obtained":[{"floor":9,"key":"Blood Vial"},{"floor":12,"key":"Whetstone"},{"floor":14,"key":"Tiny Chest"},{"floor":24,"key":"PreservedInsect"},{"floor":26,"key":"Potion Belt"},{"floor":27,"key":"Turnip"},{"floor":41,"key":"Pantograph"},{"floor":43,"key":"Lantern"},{"floor":44,"key":"Smiling Mask"}],"event_choices":[{"cards_removed":["Strike_B"],"damage_healed":0,"gold_gain":0,"player_choice":"Card Removal","damage_taken":7,"max_hp_gain":0,"max_hp_loss":0,"event_name":"Golden Wing","floor":4,"gold_loss":0},{"cards_removed":["Strike_B"],"damage_healed":0,"gold_gain":0,"player_choice":"Gave Gold","damage_taken":0,"max_hp_gain":0,"max_hp_loss":0,"event_name":"Beggar","floor":25,"gold_loss":75},{"damage_healed":0,"gold_gain":0,"player_choice":"Ignored","damage_taken":0,"max_hp_gain":0,"max_hp_loss":0,"event_name":"Vampires","floor":29,"gold_loss":0},{"damage_healed":0,"gold_gain":0,"player_choice":"Ignored","damage_taken":0,"max_hp_gain":0,"max_hp_loss":0,"event_name":"Transmorgrifier","floor":36,"gold_loss":0}],"is_beta":false,"boss_relics":[{"not_picked":["Tiny House","White Beast Statue"],"picked":"Fusion Hammer"},{"not_picked":["Empty Cage","Black Star"],"picked":"Inserter"}],"items_purged_floors":[19],"is_endless":false,"potions_floor_spawned":[1,5,10,12,16,21,30,33,37,40,44],"killed_by":"Sphere and 2 Shapes","ascension_level":6}