{"gold_per_floor":[118,128,128,128,41,41,61,95,148,148,173,185,197,242,254,340,352,379,316,243,255,267,279],"floor_reached":23,"playtime":1132,"items_purged":[],"score":470,"play_id":"da5c427e-1b82-48c5-bf63-073b0de8814a","local_time":"20190821105944","is_ascension_mode":true,"campfire_choices":[{"data":"Buffer","floor":6,"key":"SMITH"},{"floor":10,"key":"REST"},{"data":"Chaos","floor":13,"key":"SMITH"},{"data":"Defragment","floor":15,"key":"SMITH"}],"neow_cost":"NONE","seed_source_timestamp":1005344351909326,"circlet_count":0,"master_deck":["AscendersBane","Defend_B","Defend_B","Defend_B","Defend_B","Zap+1","Dualcast","Hologram","Chaos+1","Buffer+1","Defragment+1","Cold Snap","Chaos","Chill","Regret","Sweeping Beam","Creative AI","Gash+1","Bite","Bite","Bite","Bite","Bite","Decay"],"relics":["Cracked Core","Smiling Mask","Bronze Scales","MawBank","Torii","Letter Opener","Lizard Tail","Question Card"],"potions_floor_usage":[11,16,16],"damage_taken":[{"damage":2,"enemies":"Jaw Worm","floor":1,"turns":3},{"damage":0,"enemies":"Cultist","floor":2,"turns":4},{"damage":10,"enemies":"2 Louse","floor":7,"turns":3},{"damage":14,"enemies":"Lagavulin","floor":8,"turns":8},{"damage":0,"enemies":"Gremlin Nob","floor":11,"turns":4},{"damage":17,"enemies":"3 Sentries","floor":14,"turns":8},{"damage":35,"enemies":"Hexaghost","floor":16,"turns":9},{"damage":23,"enemies":"2 Thieves","floor":18,"turns":3},{"damage":65,"enemies":"Book of Stabbing","floor":23,"turns":5}],"seed_played":"-2355635362150487828","potions_obtained":[{"floor":1,"key":"AttackPotion"},{"floor":7,"key":"PowerPotion"},{"floor":11,"key":"Swift Potion"},{"floor":16,"key":"FearPotion"}],"is_trial":false,"path_per_floor":["M","M","?","?","$","R","M","E","T","R","E","?","R","E","R","B",null,"M","?","?","?","?","E"],"character_chosen":"DEFECT","items_purchased":["Defragment"],"campfire_rested":1,"item_purchase_floors":[5],"current_hp_per_floor":[62,62,62,62,62,62,52,38,38,59,59,59,59,42,42,7,55,32,32,32,32,32,0],"gold":279,"neow_bonus":"UPGRADE_CARD","is_prod":false,"is_daily":false,"chose_seed":false,"campfire_upgraded":3,"win_rate":0,"timestamp":1566399584,"path_taken":["M","M","?","?","$","R","?","E","T","R","E","?","R","E","R","BOSS","M","?","?","?","?","E"],"build_version":"2019-07-17","purchased_purges":0,"victory":false,"max_hp_per_floor":[71,71,71,71,71,71,71,71,71,71,71,71,71,71,71,71,71,71,71,71,49,49,49],"card_choices":[{"not_picked":["Stack","Beam Cell"],"picked":"Hologram","floor":1},{"not_picked":["Stack","Leap"],"picked":"Chaos","floor":2},{"not_picked":["Aggregate","Steam Power"],"picked":"Cold Snap","floor":7},{"not_picked":["Coolheaded","Cold Snap"],"picked":"Chaos","floor":8},{"not_picked":["Core Surge","Rebound"],"picked":"Chill","floor":11},{"not_picked":["Recycle","Heatsinks"],"picked":"Sweeping Beam","floor":14},{"not_picked":["Seek","Thunder Strike"],"picked":"Creative AI","floor":16},{"not_picked":["Leap","Turbo"],"picked":"Gash+1","floor":18}],"player_experience":1083228,"relics_obtained":[{"floor":8,"key":"Smiling Mask"},{"floor":9,"key":"Bronze Scales"},{"floor":11,"key":"MawBank"},{"floor":14,"key":"Letter Opener"}],"event_choices":[{"damage_healed":0,"gold_gain":0,"player_choice":"Leave","damage_taken":0,"max_hp_gain":0,"max_hp_loss":0,"event_name":"The Cleric","floor":3,"gold_loss":0},{"damage_healed":0,"gold_gain":0,"player_choice":"1 cards matched","damage_taken":0,"max_hp_gain":0,"max_hp_loss":0,"event_name":"Match and Keep!","floor":4,"gold_loss":0,"cards_obtained":["Buffer"]},{"damage_healed":0,"gold_gain":0,"player_choice":"Box","damage_taken":0,"relics_obtained":["Torii"],"max_hp_gain":0,"max_hp_loss":0,"event_name":"Big Fish","floor":12,"gold_loss":0,"cards_obtained":["Regret"]},{"cards_removed":["Strike_B"],"damage_healed":0,"gold_gain":0,"player_choice":"Gave Gold","damage_taken":0,"max_hp_gain":0,"max_hp_loss":0,"event_name":"Beggar","floor":19,"gold_loss":75},{"damage_healed":0,"gold_gain":0,"player_choice":"Obtained Relic","damage_taken":0,"relics_obtained":["Question Card"],"max_hp_gain":0,"max_hp_loss":0,"event_name":"Addict","floor":20,"gold_loss":85},{"damage_healed":0,"gold_gain":0,"player_choice":"Became a vampire","damage_taken":0,"max_hp_gain":0,"max_hp_loss":22,"event_name":"Vampires","floor":21,"gold_loss":0,"cards_obtained":["Bite","Bite","Bite","Bite","Bite"]},{"damage_healed":0,"gold_gain":0,"player_choice":"Smashed Altar","damage_taken":0,"max_hp_gain":0,"max_hp_loss":0,"event_name":"Forgotten Altar","floor":22,"gold_loss":0,"cards_obtained":["Decay"]}],"is_beta":false,"boss_relics":[{"not_picked":["Tiny House","FrozenCore"],"picked":"Lizard Tail"}],"items_purged_floors":[],"is_endless":false,"potions_floor_spawned":[1,7,11,16],"killed_by":"Book of Stabbing","ascension_level":19}