{"gold_per_floor":[219,10,25,41,41,41,41,59,59,77,2,2,2,14,14,114,114,129,62,62,161,161,174,174,184,184,184,184,213,0,0,0,0],"floor_reached":33,"playtime":6229,"items_purged":["Strike_B"],"score":494,"play_id":"3a991eb7-06bc-42a4-abfb-dbf05e3211d2","local_time":"20190821192959","is_ascension_mode":true,"campfire_choices":[{"data":"Zap","floor":6,"key":"SMITH"},{"data":"Go for the Eyes","floor":12,"key":"SMITH"},{"data":"Ball Lightning","floor":15,"key":"SMITH"},{"data":"Glacier","floor":24,"key":"SMITH"},{"data":"Glacier","floor":27,"key":"SMITH"},{"floor":32,"key":"REST"}],"neow_cost":"NONE","seed_source_timestamp":0,"circlet_count":0,"master_deck":["Strike_B+1","Strike_B+1","Strike_B+1","Defend_B+1","Defend_B+1","Defend_B+1","Defend_B+1","Zap+1","Dualcast","Cold Snap","Gash","Coolheaded+1","Cold Snap","Go for the Eyes+1","Self Repair","Ball Lightning+1","Core Surge","Glacier+1","Glacier+1","Cold Snap","Gash"],"special_seed":0,"relics":["Cracked Core","DataDisk","Shuriken","Lizard Tail","Girya","Sundial"],"potions_floor_usage":[14,14,16,23,23,29],"damage_taken":[{"damage":3,"enemies":"Jaw Worm","floor":1,"turns":4},{"damage":0,"enemies":"Small Slimes","floor":3,"turns":3},{"damage":0,"enemies":"2 Louse","floor":4,"turns":2},{"damage":0,"enemies":"2 Fungi Beasts","floor":8,"turns":4},{"damage":6,"enemies":"Blue Slaver","floor":10,"turns":3},{"damage":2,"enemies":"Gremlin Gang","floor":14,"turns":3},{"damage":28,"enemies":"Hexaghost","floor":16,"turns":9},{"damage":10,"enemies":"Shell Parasite","floor":18,"turns":6},{"damage":0,"enemies":"2 Thieves","floor":23,"turns":3},{"damage":1,"enemies":"Snecko","floor":25,"turns":5},{"damage":44,"enemies":"Slavers","floor":29,"turns":7},{"damage":87,"enemies":"Champ","floor":33,"turns":16}],"seed_played":"3275704126844675157","potions_obtained":[{"floor":3,"key":"Strength Potion"},{"floor":4,"key":"EssenceOfSteel"},{"floor":10,"key":"AttackPotion"},{"floor":14,"key":"Fire Potion"},{"floor":16,"key":"Strength Potion"},{"floor":18,"key":"Explosive Potion"}],"is_trial":false,"path_per_floor":["M","$","M","M","?","R","?","M","T","M","$","R","$","M","R","B",null,"M","$","?","?","?","M","R","M","T","R","?","E","?","$","R","B"],"character_chosen":"DEFECT","items_purchased":["DataDisk","Gash","Glacier"],"campfire_rested":1,"item_purchase_floors":[2,2,19],"current_hp_per_floor":[65,65,65,65,65,65,65,65,65,59,59,59,59,64,64,43,67,57,57,57,57,57,57,57,63,63,63,63,19,19,19,41,0],"gold":0,"neow_bonus":"HUNDRED_GOLD","is_prod":false,"is_daily":false,"chose_seed":false,"campfire_upgraded":5,"win_rate":0,"timestamp":1566412199,"path_taken":["M","$","M","M","?","R","?","M","T","M","?","R","$","M","R","BOSS","M","$","?","?","?","M","R","?","T","R","?","E","?","$","R","BOSS"],"build_version":"2019-07-17","purchased_purges":1,"victory":false,"max_hp_per_floor":[75,75,75,75,75,75,75,75,75,75,75,75,75,75,75,75,75,75,75,75,75,75,75,75,75,75,75,75,75,75,75,75,75],"card_choices":[{"not_picked":["Consume","Conserve Battery"],"picked":"Cold Snap","floor":1},{"not_picked":["Barrage","Reprogram"],"picked":"Coolheaded","floor":3},{"not_picked":["Gash","Redo"],"picked":"Cold Snap","floor":4},{"not_picked":["Hyperbeam","Cold Snap"],"picked":"Go for the Eyes","floor":8},{"not_picked":["Hello World","Redo"],"picked":"Self Repair","floor":10},{"not_picked":["FTL","Capacitor"],"picked":"Ball Lightning","floor":14},{"not_picked":["Thunder Strike","Hyperbeam"],"picked":"Core Surge","floor":16},{"not_picked":["Heatsinks+1","Go for the Eyes","Double Energy"],"picked":"SKIP","floor":18},{"not_picked":["Hologram","Go for the Eyes"],"picked":"Cold Snap","floor":23},{"not_picked":["Force Field+1","Hologram"],"picked":"Gash","floor":25},{"not_picked":["Stack","Echo Form","Leap"],"picked":"SKIP","floor":29}],"player_experience":488714,"relics_obtained":[{"floor":9,"key":"Shuriken"},{"floor":26,"key":"Girya"},{"floor":29,"key":"Sundial"}],"event_choices":[{"damage_healed":0,"gold_gain":0,"player_choice":"Grow","damage_taken":0,"max_hp_gain":0,"max_hp_loss":0,"event_name":"Living Wall","floor":5,"gold_loss":0,"cards_upgraded":["Coolheaded"]},{"damage_healed":0,"gold_gain":0,"player_choice":"Ignored","damage_taken":0,"max_hp_gain":0,"max_hp_loss":0,"event_name":"Liars Game","floor":7,"gold_loss":0},{"damage_healed":0,"gold_gain":0,"player_choice":"Simplicity","damage_taken":0,"max_hp_gain":0,"max_hp_loss":0,"event_name":"Back to Basics","floor":20,"gold_loss":0,"cards_upgraded":["Strike_B","Strike_B","Strike_B","Defend_B","Defend_B","Defend_B","Defend_B"]},{"damage_healed":0,"gold_gain":99,"player_choice":"Stole From Cult","damage_taken":0,"max_hp_gain":0,"max_hp_loss":0,"event_name":"Nest","floor":21,"gold_loss":0},{"damage_healed":0,"gold_gain":0,"player_choice":"Copied","damage_taken":0,"max_hp_gain":0,"max_hp_loss":0,"event_name":"Duplicator","floor":22,"gold_loss":0,"cards_obtained":["Glacier"]},{"damage_healed":0,"gold_gain":0,"player_choice":"Ignored","damage_taken":0,"max_hp_gain":0,"max_hp_loss":0,"event_name":"Cursed Tome","floor":28,"gold_loss":0},{"damage_healed":0,"gold_gain":0,"player_choice":"Paid Fearfully","damage_taken":0,"max_hp_gain":0,"max_hp_loss":0,"event_name":"Masked Bandits","floor":30,"gold_loss":213}],"is_beta":false,"boss_relics":[{"not_picked":["Runic Dome","Coffee Dripper"],"picked":"Lizard Tail"}],"items_purged_floors":[11],"is_endless":false,"potions_floor_spawned":[3,4,10,14,16,18],"killed_by":"Champ","ascension_level":8}