{"gold_per_floor":[112,112,123,46,11,37,37,62,86,110,122,147,159],"floor_reached":13,"playtime":1105,"items_purged":[],"score":116,"play_id":"dcd5aec5-d334-4d46-ac98-121dbee294ec","local_time":"20181031201301","is_ascension_mode":true,"campfire_choices":[{"floor":7,"key":"REST"},{"floor":11,"key":"REST"}],"neow_cost":"NONE","seed_source_timestamp":1815135261494200,"circlet_count":0,"master_deck":["Defend_G","Defend_G","Defend_G","Defend_G","Defend_G","Strike_G","Strike_G","Strike_G","Strike_G","Strike_G","Survivor","Neutralize","Caltrops","Footwork","Calculated Gamble","Catalyst","Caltrops"],"relics":["Ring of the Snake","Centennial Puzzle","Blood Vial","Snake Skull","MawBank"],"potions_floor_usage":[6],"damage_taken":[{"damage":6,"enemies":"Jaw Worm","floor":1,"turns":6},{"damage":5,"enemies":"2 Louse","floor":3,"turns":4},{"damage":34,"enemies":"Gremlin Nob","floor":6,"turns":5},{"damage":25,"enemies":"3 Sentries","floor":8,"turns":13},{"damage":8,"enemies":"Small Slimes","floor":10,"turns":5},{"damage":6,"enemies":"3 Louse","floor":12,"turns":7},{"damage":34,"enemies":"Exordium Wildlife","floor":13,"turns":7}],"seed_played":"-352518571884126925","potions_obtained":[{"floor":0,"key":"SpeedPotion"},{"floor":0,"key":"FearPotion"},{"floor":0,"key":"GhostInAJar"},{"floor":10,"key":"Swift Potion"}],"is_trial":false,"path_per_floor":["M","?","M","$","?","E","R","E","T","M","R","M"],"character_chosen":"THE_SILENT","items_purchased":["Footwork"],"campfire_rested":2,"item_purchase_floors":[4],"current_hp_per_floor":[64,57,52,52,69,35,56,33,33,27,48,44,12],"gold":159,"neow_bonus":"THREE_SMALL_POTIONS","is_prod":false,"is_daily":false,"chose_seed":false,"campfire_upgraded":0,"win_rate":0,"timestamp":1540987981,"path_taken":["M","?","M","$","?","E","R","E","T","?","R","M","M"],"build_version":"2018-10-25v2","purchased_purges":0,"victory":false,"max_hp_per_floor":[70,70,70,70,70,70,70,70,70,70,70,70,70],"card_choices":[{"not_picked":["PiercingWail","Acrobatics"],"picked":"Caltrops","floor":1},{"not_picked":["Slice","Flying Knee","Infinite Blades"],"picked":"SKIP","floor":3},{"not_picked":["Outmaneuver","Dagger Spray"],"picked":"Calculated Gamble","floor":6},{"not_picked":["Unload","Quick Slash"],"picked":"Catalyst","floor":8},{"not_picked":["Bane","Quick Slash","Setup"],"picked":"SKIP","floor":10},{"not_picked":["Infinite Blades","Blade Dance"],"picked":"Caltrops","floor":12}],"player_experience":543294,"relics_obtained":[{"floor":6,"key":"Blood Vial"},{"floor":8,"key":"Snake Skull"},{"floor":9,"key":"MawBank"}],"event_choices":[{"damage_healed":0,"gold_gain":0,"player_choice":"Success","damage_taken":7,"relics_obtained":["Centennial Puzzle"],"max_hp_gain":0,"max_hp_loss":0,"event_name":"Scrap Ooze","floor":2,"gold_loss":0},{"damage_healed":17,"gold_gain":0,"player_choice":"Healed","damage_taken":0,"max_hp_gain":0,"max_hp_loss":0,"event_name":"The Cleric","floor":5,"gold_loss":35}],"is_beta":false,"boss_relics":[],"items_purged_floors":[],"is_endless":false,"potions_floor_spawned":[1,10],"killed_by":"Exordium Wildlife","ascension_level":5}