{"gold_per_floor":[115,128,2,15,14,40,40,40,40,40,51,71,36,36,36,132,132,132,32,32,32,0,0,0,0,0,0,0,0,0,0,0,0,0,0,0,0,0,0,0,0,0,0,0,0,0,0,0,0,0],"floor_reached":51,"playtime":4935,"items_purged":["Defend_G","Strike_G"],"score":1104,"play_id":"010860b5-81cc-4f1c-8465-52eb15787c0d","local_time":"20181103145614","is_ascension_mode":true,"campfire_choices":[{"floor":7,"key":"REST"},{"floor":10,"key":"REST"},{"floor":15,"key":"DIG"},{"floor":24,"key":"DIG"},{"floor":27,"key":"DIG"},{"floor":30,"key":"REST"},{"floor":32,"key":"DIG"},{"floor":40,"key":"REST"},{"floor":42,"key":"REST"},{"floor":46,"key":"REST"},{"floor":49,"key":"REST"}],"neow_cost":"NONE","seed_source_timestamp":0,"circlet_count":0,"master_deck":["Defend_G","Defend_G","Defend_G","Strike_G","Strike_G","Survivor","Neutralize","Expertise","Slice","Terror","Slice","Finisher","Die Die Die","Backflip","PiercingWail","Dash+1","Venomology","Malaise","Swift Strike"],"special_seed":0,"relics":["Ring of the Snake","Shovel","Shuriken","Pantograph","Ectoplasm","Incense Burner","Centennial Puzzle","Bronze Scales","Old Coin","Du-Vu Doll","Busted Crown","Toxic Egg 2","Vajra","Unceasing Top","Ice Cream"],"potions_floor_usage":[6,16,23,23,28,33,37,37,37,39,45,45,47,50,50,50],"damage_taken":[{"damage":0,"enemies":"Small Slimes","floor":1,"turns":4},{"damage":0,"enemies":"Cultist","floor":2,"turns":4},{"damage":0,"enemies":"2 Louse","floor":4,"turns":2},{"damage":14,"enemies":"Exordium Thugs","floor":5,"turns":5},{"damage":34,"enemies":"3 Sentries","floor":6,"turns":10},{"damage":4,"enemies":"2 Fungi Beasts","floor":11,"turns":4},{"damage":7,"enemies":"3 Louse","floor":12,"turns":3},{"damage":16,"enemies":"The Guardian","floor":16,"turns":11},{"damage":0,"enemies":"Chosen","floor":18,"turns":2},{"damage":2,"enemies":"3 Byrds","floor":20,"turns":3},{"damage":4,"enemies":"Cultist and Chosen","floor":21,"turns":4},{"damage":15,"enemies":"Book of Stabbing","floor":23,"turns":5},{"damage":9,"enemies":"Centurion and Healer","floor":28,"turns":3},{"damage":1,"enemies":"3 Cultists","floor":29,"turns":4},{"damage":12,"enemies":"Snake Plant","floor":31,"turns":4},{"damage":52,"enemies":"Collector","floor":33,"turns":10},{"damage":16,"enemies":"Orb Walker","floor":35,"turns":4},{"damage":10,"enemies":"3 Shapes","floor":37,"turns":4},{"damage":27,"enemies":"Writhing Mass","floor":38,"turns":6},{"damage":2,"enemies":"Maw","floor":39,"turns":7},{"damage":0,"enemies":"Transient","floor":44,"turns":5},{"damage":24,"enemies":"Giant Head","floor":45,"turns":7},{"damage":13,"enemies":"2 Orb Walkers","floor":47,"turns":4},{"damage":74,"enemies":"Donu and Deca","floor":50,"turns":8}],"seed_played":"-2258955756195867653","potions_obtained":[{"floor":1,"key":"Ancient Potion"},{"floor":6,"key":"FearPotion"},{"floor":11,"key":"Strength Potion"},{"floor":18,"key":"Energy Potion"},{"floor":20,"key":"Weak Potion"},{"floor":29,"key":"Explosive Potion"},{"floor":33,"key":"Explosive Potion"},{"floor":37,"key":"FearPotion"},{"floor":45,"key":"FearPotion"}],"is_trial":false,"path_per_floor":["M","M","$","M","M","E","R","?","T","R","M","M","?","$","R","B",null,"M","$","M","M","?","E","R","?","T","R","M","M","R","M","R","B",null,"M","?","M","M","M","R","?","R","T","M","E","R","?","T","R","B",null],"character_chosen":"THE_SILENT","items_purchased":["Block Potion"],"campfire_rested":7,"item_purchase_floors":[3],"current_hp_per_floor":[63,63,63,63,49,15,36,36,36,57,53,46,63,63,63,54,66,66,66,64,60,60,45,45,45,45,45,36,35,56,44,44,17,57,41,41,31,4,2,23,23,44,44,44,20,41,28,28,49,11],"gold":0,"neow_bonus":"REMOVE_CARD","is_prod":false,"is_daily":false,"chose_seed":false,"campfire_upgraded":0,"win_rate":0,"timestamp":1541228174,"path_taken":["M","M","$","M","M","E","R","?","T","R","?","M","?","?","R","BOSS","M","$","M","M","?","E","R","?","T","R","M","M","R","M","R","BOSS","M","?","M","M","?","R","?","R","T","?","E","R","?","?","R","BOSS"],"build_version":"2018-11-01","purchased_purges":2,"victory":true,"max_hp_per_floor":[70,70,70,70,70,70,70,70,70,70,70,70,70,70,70,70,70,70,70,70,70,70,70,70,70,70,70,70,70,70,70,70,70,70,70,70,70,70,70,70,70,70,70,70,70,70,70,70,70,70],"card_choices":[{"not_picked":["Finisher","Reflex"],"picked":"Expertise","floor":1},{"not_picked":["Finisher","Underhanded Strike"],"picked":"Slice","floor":2},{"not_picked":["Underhanded Strike","Night Terror","Choke"],"picked":"SKIP","floor":4},{"not_picked":["Deadly Poison","Footwork","Setup"],"picked":"SKIP","floor":5},{"not_picked":["Acrobatics","Dash"],"picked":"Terror","floor":6},{"not_picked":["Prepared","Sucker Punch"],"picked":"Slice","floor":11},{"not_picked":["Flying Knee","Prepared"],"picked":"Finisher","floor":12},{"not_picked":["Grand Finale","Corpse Explosion"],"picked":"Die Die Die","floor":16},{"not_picked":["Underhanded Strike","Sucker Punch","Expertise+1"],"picked":"SKIP","floor":18},{"not_picked":["Cloak And Dagger+1","Slice"],"picked":"Backflip","floor":20},{"not_picked":["Acrobatics","Slice","Escape Plan"],"picked":"SKIP","floor":21},{"not_picked":["Quick Slash","Underhanded Strike+1"],"picked":"PiercingWail","floor":23},{"not_picked":["Underhanded Strike","PiercingWail","Riddle With Holes"],"picked":"SKIP","floor":28},{"not_picked":["Infinite Blades","Masterful Stab"],"picked":"Dash+1","floor":29},{"not_picked":["Sucker Punch","Reflex+1","Phantasmal Killer"],"picked":"SKIP","floor":31},{"not_picked":["Night Terror","Malaise"],"picked":"Venomology","floor":33},{"not_picked":["Flying Knee"],"picked":"SKIP","floor":35},{"not_picked":["Blade Dance+1"],"picked":"SKIP","floor":37},{"not_picked":["All Out Attack+1"],"picked":"SKIP","floor":38},{"not_picked":["Catalyst+1"],"picked":"SKIP","floor":39},{"not_picked":["Dagger Throw"],"picked":"SKIP","floor":44},{"not_picked":["Choke+1"],"picked":"SKIP","floor":45}],"player_experience":562217,"relics_obtained":[{"floor":6,"key":"Shovel"},{"floor":9,"key":"Shuriken"},{"floor":15,"key":"Pantograph"},{"floor":23,"key":"Incense Burner"},{"floor":24,"key":"Centennial Puzzle"},{"floor":26,"key":"Bronze Scales"},{"floor":27,"key":"Old Coin"},{"floor":32,"key":"Du-Vu Doll"},{"floor":43,"key":"Toxic Egg 2"},{"floor":45,"key":"Vajra"},{"floor":47,"key":"Unceasing Top"},{"floor":48,"key":"Ice Cream"}],"event_choices":[{"cards_removed":["Strike_G"],"damage_healed":0,"gold_gain":0,"player_choice":"Purged","damage_taken":0,"max_hp_gain":0,"max_hp_loss":0,"event_name":"Purifier","floor":8,"gold_loss":0},{"damage_healed":17,"gold_gain":0,"player_choice":"Healed","damage_taken":0,"max_hp_gain":0,"max_hp_loss":0,"event_name":"The Cleric","floor":13,"gold_loss":35},{"damage_healed":0,"gold_gain":0,"player_choice":"Paid Fearfully","damage_taken":0,"max_hp_gain":0,"max_hp_loss":0,"event_name":"Masked Bandits","floor":22,"gold_loss":32},{"damage_healed":0,"gold_gain":99,"player_choice":"Stole From Cult","damage_taken":0,"max_hp_gain":0,"max_hp_loss":0,"event_name":"Nest","floor":25,"gold_loss":0},{"damage_healed":0,"gold_gain":0,"cards_transformed":["Strike_G"],"player_choice":"Transformed","damage_taken":0,"max_hp_gain":0,"max_hp_loss":0,"event_name":"Transmorgrifier","floor":36,"gold_loss":0,"cards_obtained":["Malaise"]},{"damage_healed":0,"gold_gain":0,"player_choice":"1 cards matched","damage_taken":0,"max_hp_gain":0,"max_hp_loss":0,"event_name":"Match and Keep!","floor":41,"gold_loss":0,"cards_obtained":["Swift Strike"]},{"damage_healed":0,"gold_gain":0,"player_choice":"1 cards matched","damage_taken":0,"max_hp_gain":0,"max_hp_loss":0,"event_name":"Match and Keep!","floor":41,"gold_loss":0,"cards_obtained":["Swift Strike"]},{"damage_healed":0,"gold_gain":0,"player_choice":"Fight","damage_taken":0,"max_hp_gain":0,"max_hp_loss":0,"event_name":"Mysterious Sphere","floor":47,"gold_loss":0}],"is_beta":false,"boss_relics":[{"not_picked":["Velvet Choker","Runic Pyramid"],"picked":"Ectoplasm"},{"not_picked":["Snecko Eye","HoveringKite"],"picked":"Busted Crown"}],"items_purged_floors":[3,19],"is_endless":false,"potions_floor_spawned":[1,6,11,18,20,29,33,37,45],"ascension_level":6}