{"gold_per_floor":[115,130,205,205,12,38,38,58,58,70,70,16,16,16,16,16],"floor_reached":16,"playtime":482,"items_purged":["Strike_G"],"score":154,"play_id":"874d533a-52aa-424c-b16e-7d0e0a298454","local_time":"20190122141137","is_ascension_mode":true,"campfire_choices":[{"data":"Cloak And Dagger","floor":7,"key":"SMITH"},{"data":"Expertise","floor":11,"key":"SMITH"},{"data":"Backflip","floor":13,"key":"SMITH"},{"data":"Grand Finale","floor":15,"key":"SMITH"}],"neow_cost":"NONE","seed_source_timestamp":4126990095406319,"circlet_count":0,"master_deck":["Defend_G","Defend_G","Defend_G","Defend_G","Defend_G","Strike_G+1","Strike_G","Strike_G","Strike_G","Survivor","Neutralize","Dagger Throw+1","Cloak And Dagger+1","Cloak And Dagger+1","Grand Finale+1","Expertise+1","Backflip+1"],"relics":["Ring of the Snake","NeowsBlessing","Darkstone Periapt","Bottled Lightning"],"potions_floor_usage":[16],"damage_taken":[{"damage":0,"enemies":"Cultist","floor":1,"turns":1},{"damage":0,"enemies":"Small Slimes","floor":2,"turns":1},{"damage":0,"enemies":"3 Sentries","floor":6,"turns":1},{"damage":1,"enemies":"Jaw Worm","floor":8,"turns":3},{"damage":5,"enemies":"Looter","floor":10,"turns":2},{"damage":59,"enemies":"Hexaghost","floor":16,"turns":15}],"seed_played":"-1219447630659552718","potions_obtained":[{"floor":2,"key":"Ancient Potion"},{"floor":8,"key":"Regen Potion"}],"is_trial":false,"path_per_floor":["M","M","?","?","$","E","R","M","T","M","R","$","R","?","R","B"],"character_chosen":"THE_SILENT","items_purchased":["Cloak And Dagger","Grand Finale","Backflip"],"campfire_rested":0,"item_purchase_floors":[5,5,12],"current_hp_per_floor":[70,70,59,59,59,59,59,58,58,53,53,53,53,39,39,0],"gold":16,"neow_bonus":"THREE_ENEMY_KILL","is_prod":false,"is_daily":false,"chose_seed":false,"campfire_upgraded":4,"win_rate":0,"timestamp":1548184297,"path_taken":["M","M","?","?","$","E","R","?","T","M","R","$","R","?","R","BOSS"],"build_version":"2019-01-17v2","purchased_purges":1,"victory":false,"max_hp_per_floor":[70,70,70,70,70,70,70,70,70,70,70,70,70,70,70,70],"card_choices":[{"not_picked":["Outmaneuver","Poisoned Stab"],"picked":"Dagger Throw","floor":1},{"not_picked":["Terror","PiercingWail"],"picked":"Cloak And Dagger","floor":2},{"not_picked":["Malaise","Poisoned Stab","Envenom"],"picked":"SKIP","floor":6},{"not_picked":["Noxious Fumes","Flying Knee"],"picked":"Expertise","floor":8},{"not_picked":["Predator","Deadly Poison","Sucker Punch"],"picked":"SKIP","floor":10}],"player_experience":290990,"relics_obtained":[{"floor":6,"key":"Darkstone Periapt"},{"floor":9,"key":"Bottled Lightning"}],"event_choices":[{"damage_healed":0,"gold_gain":75,"player_choice":"Gather Gold","damage_taken":11,"max_hp_gain":0,"max_hp_loss":0,"event_name":"World of Goop","floor":3,"gold_loss":0},{"damage_healed":0,"gold_gain":0,"player_choice":"Upgraded","damage_taken":0,"max_hp_gain":0,"max_hp_loss":0,"event_name":"Upgrade Shrine","floor":4,"gold_loss":0,"cards_upgraded":["Cloak And Dagger"]},{"damage_healed":0,"gold_gain":0,"player_choice":"Entered Light","damage_taken":14,"max_hp_gain":0,"max_hp_loss":0,"event_name":"Shining Light","floor":14,"gold_loss":0,"cards_upgraded":["Dagger Throw","Strike_G"]}],"is_beta":false,"boss_relics":[],"items_purged_floors":[5],"is_endless":false,"potions_floor_spawned":[2,8],"killed_by":"Hexaghost","ascension_level":5}