{"gold_per_floor":[115,134,151,171,189,189,215,215,265,289,289,289,299,332,332,434,434,434,434,359,359,359,359],"floor_reached":23,"playtime":2346,"items_purged":[],"score":203,"play_id":"e0e3c0fe-6a3b-4223-bdba-4056b53017a1","local_time":"20190711095046","is_ascension_mode":false,"campfire_choices":[{"data":"Endless Agony","floor":6,"key":"SMITH"},{"floor":12,"key":"REST"},{"floor":15,"key":"REST"}],"neow_cost":"NONE","seed_source_timestamp":10598612444686,"circlet_count":0,"master_deck":["Strike_G","Strike_G","Strike_G","Strike_G","Strike_G","Defend_G","Defend_G","Defend_G","Defend_G","Defend_G","Survivor","Neutralize","Bane","Finisher","Noxious Fumes+1","Dash","Endless Agony+1","Envenom","Noxious Fumes","Deflect","Dagger Throw","Storm of Steel","Footwork","Caltrops","Catalyst","After Image"],"relics":["Ring of the Snake","Smiling Mask","CultistMask","Juzu Bracelet","Odd Mushroom","Mercury Hourglass","Ectoplasm","Happy Flower"],"potions_floor_usage":[],"damage_taken":[{"damage":1,"enemies":"Cultist","floor":1,"turns":4},{"damage":0,"enemies":"2 Louse","floor":2,"turns":4},{"damage":0,"enemies":"Small Slimes","floor":3,"turns":3},{"damage":7,"enemies":"Exordium Thugs","floor":4,"turns":5},{"damage":1,"enemies":"Looter","floor":5,"turns":4},{"damage":23,"enemies":"Lagavulin","floor":7,"turns":7},{"damage":20,"enemies":"The Mushroom Lair","floor":10,"turns":4},{"damage":13,"enemies":"Lots of Slimes","floor":13,"turns":5},{"damage":11,"enemies":"Gremlin Nob","floor":14,"turns":5},{"damage":45,"enemies":"The Guardian","floor":16,"turns":10},{"damage":19,"enemies":"Shell Parasite","floor":18,"turns":6},{"damage":14,"enemies":"2 Thieves","floor":20,"turns":5},{"damage":40,"enemies":"Sentry and Sphere","floor":22,"turns":6},{"damage":21,"enemies":"Book of Stabbing","floor":23,"turns":1}],"seed_played":"-1213705448523196759","potions_obtained":[{"floor":4,"key":"SteroidPotion"},{"floor":7,"key":"GamblersBrew"},{"floor":10,"key":"SpeedPotion"},{"floor":20,"key":"Energy Potion"}],"is_trial":false,"path_per_floor":["M","M","M","M","M","R","E","?","T","?","?","R","M","E","R","B",null,"M","?","M","?","M","E"],"character_chosen":"THE_SILENT","items_purchased":[],"campfire_rested":2,"item_purchase_floors":[],"current_hp_per_floor":[76,76,76,69,68,68,45,45,45,25,25,48,35,24,47,2,77,58,58,44,44,4,0],"gold":359,"neow_bonus":"TEN_PERCENT_HP_BONUS","is_prod":false,"is_daily":false,"chose_seed":false,"campfire_upgraded":1,"win_rate":0.0,"timestamp":1562831446,"path_taken":["M","M","M","M","?","R","E","?","T","?","?","R","M","E","R","BOSS","M","?","M","?","M","E"],"build_version":"2019-07-05","purchased_purges":0,"victory":false,"max_hp_per_floor":[77,77,77,77,77,77,77,77,77,77,77,77,77,77,77,77,77,77,77,77,77,77,77],"card_choices":[{"not_picked":["Deflect","Poisoned Stab"],"picked":"Bane","floor":1},{"not_picked":["PiercingWail","Flying Knee"],"picked":"Finisher","floor":2},{"not_picked":["Caltrops","Backflip"],"picked":"Noxious Fumes","floor":3},{"not_picked":["Poisoned Stab","Heel Hook"],"picked":"Dash","floor":4},{"not_picked":["Masterful Stab","Venomology"],"picked":"Endless Agony","floor":5},{"not_picked":["Burst","Tools of the Trade"],"picked":"Envenom","floor":7},{"not_picked":["Bane","Sucker Punch"],"picked":"Noxious Fumes","floor":10},{"not_picked":["Eviscerate","Slice"],"picked":"Deflect","floor":13},{"not_picked":["PiercingWail","Blade Dance"],"picked":"Dagger Throw","floor":14},{"not_picked":["Glass Knife","Tools of the Trade"],"picked":"Storm of Steel","floor":16},{"not_picked":["Deadly Poison","Underhanded Strike"],"picked":"Footwork","floor":18},{"not_picked":["Sucker Punch+1","Cloak And Dagger"],"picked":"Catalyst","floor":20},{"not_picked":["Deadly Poison+1","Heel Hook"],"picked":"After Image","floor":22}],"player_experience":68488,"relics_obtained":[{"floor":7,"key":"Smiling Mask"},{"floor":9,"key":"Juzu Bracelet"},{"floor":10,"key":"Odd Mushroom"},{"floor":14,"key":"Mercury Hourglass"},{"floor":21,"key":"Happy Flower"}],"event_choices":[{"damage_healed":0,"gold_gain":0,"player_choice":"Trade","damage_taken":0,"relics_obtained":["CultistMask"],"max_hp_gain":0,"max_hp_loss":0,"event_name":"FaceTrader","floor":8,"gold_loss":0},{"damage_healed":0,"gold_gain":0,"player_choice":"Fought Mushrooms","damage_taken":0,"max_hp_gain":0,"max_hp_loss":0,"event_name":"Mushrooms","floor":10,"gold_loss":0},{"damage_healed":0,"gold_gain":0,"player_choice":"Upgraded","damage_taken":0,"max_hp_gain":0,"max_hp_loss":0,"event_name":"Upgrade Shrine","floor":11,"gold_loss":0,"cards_upgraded":["Noxious Fumes"]},{"damage_healed":0,"gold_gain":0,"player_choice":"Read","damage_taken":0,"max_hp_gain":0,"max_hp_loss":0,"event_name":"The Library","floor":19,"gold_loss":0,"cards_obtained":["Caltrops"]},{"damage_healed":0,"gold_gain":0,"player_choice":"Relic","damage_taken":0,"max_hp_gain":0,"max_hp_loss":0,"event_name":"Wheel of Change","floor":21,"gold_loss":0}],"is_beta":false,"boss_relics":[{"not_picked":["Busted Crown","White Beast Statue"],"picked":"Ectoplasm"}],"items_purged_floors":[],"is_endless":false,"potions_floor_spawned":[4,7,10,16,20],"killed_by":"Book of Stabbing","ascension_level":0}