{"gold_per_floor":[112,26,176,176,176,204,204,231,231,246,246,258,268,283,283,357,357,374,392,39,59,59,59,92,110,191,221,221,221,8,8,8,85,85,103,130,145,145,164,164,71,71,120,146,161,175,190,222,222,222,222,222,22,57,57],"floor_reached":55,"playtime":3643,"items_purged":["Strike_G"],"score":1760,"play_id":"66453960-126e-4b6c-aaf3-7cc9ab95f5c5","local_time":"20190817143617","is_ascension_mode":true,"campfire_choices":[{"data":"Leg Sweep","floor":7.0,"key":"SMITH"},{"data":"Bouncing Flask","floor":15.0,"key":"SMITH"},{"floor":23.0,"key":"REST"},{"floor":29.0,"key":"RECALL"},{"floor":32.0,"key":"REST"},{"floor":40.0,"key":"REST"},{"floor":42.0,"key":"REST"},{"floor":49.0,"key":"REST"},{"floor":52.0,"key":"REST"}],"neow_cost":"NONE","seed_source_timestamp":669938966267619,"circlet_count":0,"master_deck":["AscendersBane","Strike_G","Strike_G","Strike_G","Defend_G","Defend_G","Defend_G","Defend_G","Defend_G","Survivor","Neutralize","Flying Knee+1","Predator+1","Leg Sweep+1","Deadly Poison","Poisoned Stab","Adrenaline","After Image","Bouncing Flask","Bouncing Flask+1","Burst","Cloak And Dagger+1","Cloak And Dagger","Well Laid Plans","Ghostly","Ghostly","Ghostly","Bouncing Flask","Backflip","After Image","Ghostly","Night Terror","Well Laid Plans+1","Madness","Madness","Noxious Fumes","Dodge and Roll","PiercingWail+1","Footwork+1","Apotheosis"],"special_seed":0,"relics":["Ring of the Snake","NeowsBlessing","Orichalcum","Mercury Hourglass","Darkstone Periapt","Fusion Hammer","Oddly Smooth Stone","Snake Skull","Mummified Hand","Pocketwatch","Strange Spoon","Black Star","Lantern","Bronze Scales","Boot","Juzu Bracelet","Smiling Mask","Strawberry","FossilizedHelix"],"potions_floor_usage":[54,55],"damage_taken":[{"damage":0.0,"enemies":"Small Slimes","floor":1.0,"turns":1.0},{"damage":0.0,"enemies":"Lagavulin","floor":6.0,"turns":1.0},{"damage":0.0,"enemies":"Gremlin Nob","floor":8.0,"turns":1.0},{"damage":0.0,"enemies":"Cultist","floor":10.0,"turns":3.0},{"damage":0.0,"enemies":"2 Louse","floor":12.0,"turns":2.0},{"damage":0.0,"enemies":"Red Slaver","floor":13.0,"turns":3.0},{"damage":0.0,"enemies":"Exordium Wildlife","floor":14.0,"turns":2.0},{"damage":27.0,"enemies":"Slime Boss","floor":16.0,"turns":9.0},{"damage":14.0,"enemies":"2 Thieves","floor":18.0,"turns":2.0},{"damage":6.0,"enemies":"Shell Parasite","floor":19.0,"turns":4.0},{"damage":6.0,"enemies":"Cultist and Chosen","floor":21.0,"turns":6.0},{"damage":0.0,"enemies":"Slavers","floor":24.0,"turns":6.0},{"damage":3.0,"enemies":"Snake Plant","floor":25.0,"turns":3.0},{"damage":0.0,"enemies":"Book of Stabbing","floor":27.0,"turns":4.0},{"damage":22.0,"enemies":"Champ","floor":33.0,"turns":10.0},{"damage":0.0,"enemies":"Orb Walker","floor":35.0,"turns":4.0},{"damage":0.0,"enemies":"3 Shapes","floor":37.0,"turns":5.0},{"damage":0.0,"enemies":"Sphere and 2 Shapes","floor":39.0,"turns":6.0},{"damage":0.0,"enemies":"Nemesis","floor":44.0,"turns":9.0},{"damage":0.0,"enemies":"Writhing Mass","floor":45.0,"turns":6.0},{"damage":0.0,"enemies":"3 Darklings","floor":46.0,"turns":4.0},{"damage":0.0,"enemies":"Transient","floor":47.0,"turns":6.0},{"damage":0.0,"enemies":"Reptomancer","floor":48.0,"turns":7.0},{"damage":12.0,"enemies":"Time Eater","floor":50.0,"turns":15.0},{"damage":2,"enemies":"Shield and Spear","floor":54,"turns":8},{"damage":54,"enemies":"The Heart","floor":55,"turns":5}],"seed_played":"-5754492593404178669","potions_obtained":[{"floor":6.0,"key":"Fire Potion"},{"floor":13.0,"key":"SkillPotion"},{"floor":16.0,"key":"Fire Potion"},{"floor":18.0,"key":"Swift Potion"},{"floor":25.0,"key":"Poison Potion"},{"floor":27.0,"key":"EssenceOfSteel"},{"floor":35.0,"key":"Swift Potion"},{"floor":45.0,"key":"Fire Potion"},{"floor":47.0,"key":"AttackPotion"}],"is_trial":false,"path_per_floor":["M","$","?","?","?","E","R","E","T","M","?","M","M","M","R","B",null,"M","M","$","M","?","R","E","M","T","E","?","R","$","?","R","B",null,"M","T","M","?","M","R","$","R","T","E","M","M","M","E","R","B",null,"R","$","E","B"],"character_chosen":"THE_SILENT","items_purchased":["Predator","Cloak And Dagger","Oddly Smooth Stone","Well Laid Plans","Strange Spoon","Noxious Fumes","Dodge and Roll","Apotheosis"],"campfire_rested":6,"item_purchase_floors":[2,20,20,20,30,41,41,53],"current_hp_per_floor":[59,59,59,39,39,39,39,39,39,39,39,39,39,39,39,12,53,39,33,33,27,27,33,33,30,30,30,30,30,30,30,33,11,28,28,28,28,22,22,31,31,33,33,33,33,33,33,33,33,21,30,33,33,38,0],"gold":57,"neow_bonus":"THREE_ENEMY_KILL","is_prod":false,"is_daily":false,"chose_seed":false,"campfire_upgraded":2,"win_rate":0,"timestamp":1566066977,"path_taken":["M","$","?","?","?","E","R","E","T","?","?","?","M","M","R","BOSS","M","M","$","M","?","R","E","M","T","E","?","R","$","?","R","BOSS","M","?","M","?","M","R","$","R","T","E","M","M","M","E","R","BOSS","R","$","E","BOSS"],"build_version":"2019-07-17","purchased_purges":1,"victory":false,"max_hp_per_floor":[66,66,66,66,66,66,66,66,66,66,66,66,66,66,66,66,66,66,66,66,66,33,33,33,33,33,33,33,33,33,33,33,33,33,33,33,33,33,33,33,33,33,33,33,33,33,33,33,33,33,33,33,33,40,40],"card_choices":[{"not_picked":["Cloak And Dagger","Outmaneuver"],"picked":"Flying Knee","floor":1.0},{"not_picked":["Deflect","Blade Dance"],"picked":"Leg Sweep","floor":6.0},{"not_picked":["Blade Dance","Underhanded Strike"],"picked":"Deadly Poison","floor":8.0},{"not_picked":["Dagger Spray","Blade Dance"],"picked":"Poisoned Stab","floor":10.0},{"not_picked":["Poisoned Stab","Dagger Spray"],"picked":"After Image","floor":12.0},{"not_picked":["Prepared","Poisoned Stab"],"picked":"Bouncing Flask","floor":13.0},{"not_picked":["Dash","Distraction"],"picked":"Bouncing Flask","floor":14.0},{"not_picked":["Die Die Die","Adrenaline"],"picked":"Burst","floor":16.0},{"not_picked":["Prepared","Bane"],"picked":"Cloak And Dagger+1","floor":18.0},{"not_picked":["PiercingWail","Infinite Blades","Sucker Punch"],"picked":"SKIP","floor":19.0},{"not_picked":["Endless Agony","Setup","Finisher"],"picked":"SKIP","floor":21.0},{"not_picked":["Skewer","Prepared"],"picked":"Bouncing Flask","floor":24.0},{"not_picked":["Terror","Dash"],"picked":"Backflip","floor":25.0},{"not_picked":["Blur","Dagger Throw"],"picked":"After Image","floor":27.0},{"not_picked":["Tools of the Trade","Adrenaline"],"picked":"Night Terror","floor":33.0},{"not_picked":["Dagger Spray","Quick Slash"],"picked":"Well Laid Plans+1","floor":35.0},{"not_picked":["Prepared","Flying Knee","Acrobatics"],"picked":"SKIP","floor":37.0},{"not_picked":["Dash+1","Blade Dance","Outmaneuver+1"],"picked":"SKIP","floor":39.0},{"not_picked":["Prepared+1","Dagger Spray","Dagger Throw"],"picked":"SKIP","floor":44.0},{"not_picked":["Terror+1","Poisoned Stab"],"picked":"PiercingWail+1","floor":45.0},{"not_picked":["Caltrops","Dodge and Roll","Backflip+1"],"picked":"SKIP","floor":46.0},{"not_picked":["Masterful Stab+1","Predator","PiercingWail+1"],"picked":"SKIP","floor":47.0},{"not_picked":["Masterful Stab","Skewer"],"picked":"Footwork+1","floor":48.0},{"not_picked":["Grand Finale","Crippling Poison","Prepared"],"picked":"SKIP","floor":54}],"player_experience":1054182,"relics_obtained":[{"floor":6.0,"key":"Orichalcum"},{"floor":8.0,"key":"Mercury Hourglass"},{"floor":9.0,"key":"Darkstone Periapt"},{"floor":24.0,"key":"Snake Skull"},{"floor":26.0,"key":"Mummified Hand"},{"floor":27.0,"key":"Pocketwatch"},{"floor":36.0,"key":"Lantern"},{"floor":44.0,"key":"Bronze Scales"},{"floor":44.0,"key":"Boot"},{"floor":48.0,"key":"Juzu Bracelet"},{"floor":48.0,"key":"Smiling Mask"},{"floor":54,"key":"Strawberry"},{"floor":54,"key":"FossilizedHelix"}],"event_choices":[{"damage_healed":0.0,"max_hp_gain":0.0,"max_hp_loss":0.0,"gold_gain":150.0,"event_name":"Liars Game","player_choice":"AGREE","floor":3.0,"gold_loss":0.0,"damage_taken":0.0,"cards_obtained":["Doubt"]},{"damage_healed":0.0,"max_hp_gain":0.0,"max_hp_loss":0.0,"gold_gain":0.0,"event_name":"Shining Light","player_choice":"Entered Light","floor":4.0,"gold_loss":0.0,"damage_taken":20.0,"cards_upgraded":["Flying Knee","Predator"]},{"cards_removed":["Doubt"],"damage_healed":0.0,"max_hp_gain":0.0,"max_hp_loss":0.0,"gold_gain":0.0,"event_name":"Purifier","player_choice":"Purged","floor":5.0,"gold_loss":0.0,"damage_taken":0.0},{"damage_healed":0.0,"max_hp_gain":0.0,"max_hp_loss":0.0,"gold_gain":0.0,"cards_transformed":["Strike_G"],"event_name":"Transmorgrifier","player_choice":"Transformed","floor":11.0,"gold_loss":0.0,"damage_taken":0.0,"cards_obtained":["Adrenaline"]},{"damage_healed":0.0,"max_hp_gain":0.0,"max_hp_loss":33.0,"gold_gain":0.0,"event_name":"Ghosts","player_choice":"Became a Ghost","floor":22.0,"gold_loss":0.0,"damage_taken":0.0,"cards_obtained":["Ghostly","Ghostly","Ghostly"]},{"damage_healed":0.0,"max_hp_gain":0.0,"max_hp_loss":0.0,"gold_gain":0.0,"event_name":"Cursed Tome","player_choice":"Ignored","floor":28.0,"gold_loss":0.0,"damage_taken":0.0},{"damage_healed":0.0,"max_hp_gain":0.0,"max_hp_loss":0.0,"gold_gain":0.0,"event_name":"Duplicator","player_choice":"Copied","floor":31.0,"gold_loss":0.0,"damage_taken":0.0,"cards_obtained":["Ghostly"]},{"damage_healed":0.0,"max_hp_gain":0.0,"max_hp_loss":0.0,"gold_gain":0.0,"event_name":"Winding Halls","player_choice":"Embrace Madness","floor":38.0,"gold_loss":0.0,"damage_taken":6.0,"cards_obtained":["Madness","Madness"]}],"is_beta":false,"boss_relics":[{"not_picked":["Coffee Dripper","Ectoplasm"],"picked":"Fusion Hammer"},{"not_picked":["Tiny House","Eternal Feather"],"picked":"Black Star"}],"items_purged_floors":[20],"is_endless":false,"potions_floor_spawned":[6,13,16,18,25,27,35,39,45,47],"killed_by":"The Heart","ascension_level":18}