{"gold_per_floor":[110,35,35,49,49,49,84,84,137,155,155,169,194,205,205,306,306,320,337,54,54,67,67,67,83,106,123,123,123,150,164,164,164],"floor_reached":33,"playtime":6516,"items_purged":["Defend_G","Strike_G"],"score":388,"play_id":"e5d93f72-0499-4494-b1c3-18925eb4fe13","local_time":"20190405010118","is_ascension_mode":true,"campfire_choices":[{"data":"Concentrate","floor":6.0,"key":"SMITH"},{"floor":8.0,"key":"REST"},{"data":"Neutralize","floor":11.0,"key":"SMITH"},{"floor":15.0,"key":"REST"},{"floor":23.0,"key":"REST"},{"floor":29,"key":"REST"},{"floor":32,"key":"REST"}],"neow_cost":"NONE","seed_source_timestamp":0,"circlet_count":0,"master_deck":["Defend_G+1","Defend_G","Defend_G+1","Defend_G","Strike_G","Survivor","Neutralize+1","Concentrate+1","Escape Plan","Leg Sweep","Eviscerate","Dagger Throw","Well Laid Plans","Dagger Throw+1","PiercingWail","Prepared","Reflex","Calculated Gamble","Underhanded Strike+1","Flechettes+1"],"special_seed":0,"relics":["Ring of the Snake","Bronze Scales","Bottled Flame","Anchor","Centennial Puzzle","Orrery","Juzu Bracelet","Whetstone","War Paint"],"potions_floor_usage":[31,33],"damage_taken":[{"damage":4.0,"enemies":"Small Slimes","floor":1.0,"turns":4.0},{"damage":0.0,"enemies":"Jaw Worm","floor":4.0,"turns":8.0},{"damage":43.0,"enemies":"Gremlin Nob","floor":7.0,"turns":6.0},{"damage":0.0,"enemies":"Cultist","floor":10.0,"turns":5.0},{"damage":0.0,"enemies":"3 Louse","floor":12.0,"turns":6.0},{"damage":34.0,"enemies":"3 Sentries","floor":13.0,"turns":13.0},{"damage":2.0,"enemies":"Large Slime","floor":14.0,"turns":7.0},{"damage":11.0,"enemies":"Hexaghost","floor":16.0,"turns":13.0},{"damage":0.0,"enemies":"3 Byrds","floor":18.0,"turns":5.0},{"damage":15.0,"enemies":"Chosen","floor":19.0,"turns":7.0},{"damage":35.0,"enemies":"3 Cultists","floor":22.0,"turns":7.0},{"damage":3,"enemies":"Snake Plant","floor":25,"turns":4},{"damage":3,"enemies":"Snecko","floor":27,"turns":5},{"damage":30,"enemies":"Book of Stabbing","floor":30,"turns":6},{"damage":16,"enemies":"Centurion and Healer","floor":31,"turns":6},{"damage":56,"enemies":"Champ","floor":33,"turns":16}],"seed_played":"-2048044694193129512","potions_obtained":[{"floor":1.0,"key":"SkillPotion"},{"floor":10.0,"key":"Fruit Juice"},{"floor":13.0,"key":"GamblersBrew"},{"floor":14.0,"key":"SkillPotion"},{"floor":18.0,"key":"SpeedPotion"},{"floor":27,"key":"FearPotion"},{"floor":31,"key":"Regen Potion"}],"is_trial":false,"path_per_floor":["M","$","?","M","T","R","E","R","T","M","R","M","E","M","R","B",null,"M","M","$","?","M","R","?","M","T","M","?","R","E","M","R","B"],"character_chosen":"THE_SILENT","items_purchased":["Reflex","Juzu Bracelet"],"campfire_rested":5,"item_purchase_floors":[20,20],"current_hp_per_floor":[59,59,59,59,59,59,16,37,37,42,42,42,8,6,28,17,61,61,46,46,46,11,33,33,30,30,27,27,49,19,3,25,0],"gold":164,"neow_bonus":"REMOVE_CARD","is_prod":false,"is_daily":false,"chose_seed":false,"campfire_upgraded":2,"win_rate":0,"timestamp":1554397278,"path_taken":["M","$","?","M","?","R","E","R","T","M","R","M","E","?","R","BOSS","M","M","$","?","M","R","?","M","T","M","?","R","E","M","R","BOSS"],"build_version":"2019-01-23","purchased_purges":2,"victory":false,"max_hp_per_floor":[70,70,70,70,70,70,70,70,70,75,75,75,75,75,75,75,75,75,75,75,75,75,75,75,75,75,75,75,75,75,75,75,75],"card_choices":[{"not_picked":["Expertise","Prepared"],"picked":"Concentrate","floor":1.0},{"not_picked":["Leg Sweep","Dagger Spray"],"picked":"Escape Plan","floor":4.0},{"not_picked":["Heel Hook","Acrobatics"],"picked":"Leg Sweep","floor":7.0},{"not_picked":["Cloak And Dagger","Outmaneuver","Deflect"],"picked":"SKIP","floor":10.0},{"not_picked":["Finisher","Acrobatics"],"picked":"Eviscerate","floor":12.0},{"not_picked":["Sucker Punch","Eviscerate"],"picked":"Dagger Throw","floor":13.0},{"not_picked":["Doppelganger","Deflect","Outmaneuver"],"picked":"SKIP","floor":14.0},{"not_picked":["Accuracy","Riddle With Holes"],"picked":"Well Laid Plans","floor":17.0},{"not_picked":["Dodge and Roll","Quick Slash"],"picked":"Dagger Throw","floor":17.0},{"not_picked":["Outmaneuver","Deflect"],"picked":"PiercingWail","floor":17.0},{"not_picked":["Choke+1","Bane","Dodge and Roll"],"picked":"SKIP","floor":18.0},{"not_picked":["Bane","Slice"],"picked":"Prepared","floor":19.0},{"not_picked":["Dagger Spray","PiercingWail+1"],"picked":"Underhanded Strike","floor":22.0},{"not_picked":["Outmaneuver","Masterful Stab","Blade Dance"],"picked":"SKIP","floor":25},{"not_picked":["Blade Dance","Catalyst","Flechettes"],"picked":"SKIP","floor":27},{"not_picked":["Flying Knee","Dagger Spray"],"picked":"Flechettes+1","floor":30},{"not_picked":["Deflect","All Out Attack","Dodge and Roll"],"picked":"SKIP","floor":31}],"player_experience":575041,"relics_obtained":[{"floor":5.0,"key":"Bronze Scales"},{"floor":7.0,"key":"Bottled Flame"},{"floor":9.0,"key":"Anchor"},{"floor":13.0,"key":"Centennial Puzzle"},{"floor":26,"key":"Whetstone"},{"floor":30,"key":"War Paint"}],"event_choices":[{"cards_removed":["Strike_G"],"damage_healed":0.0,"max_hp_gain":0.0,"max_hp_loss":0.0,"gold_gain":0.0,"event_name":"Living Wall","player_choice":"Forget","floor":3.0,"gold_loss":0.0,"damage_taken":0.0},{"damage_healed":0.0,"max_hp_gain":0.0,"max_hp_loss":0.0,"gold_gain":0.0,"event_name":"The Library","player_choice":"Read","floor":21.0,"gold_loss":0.0,"damage_taken":0.0,"cards_obtained":["Calculated Gamble"]},{"damage_healed":0.0,"max_hp_gain":0.0,"max_hp_loss":0.0,"gold_gain":0.0,"event_name":"Vampires","player_choice":"Ignored","floor":24.0,"gold_loss":0.0,"damage_taken":0.0},{"cards_removed":["Strike_G"],"damage_healed":0,"gold_gain":0,"player_choice":"Offered Basic","damage_taken":0,"max_hp_gain":0,"max_hp_loss":0,"event_name":"Bonfire Elementals","floor":28,"gold_loss":0}],"is_beta":false,"boss_relics":[{"not_picked":["HoveringKite","Coffee Dripper"],"picked":"Orrery"}],"items_purged_floors":[2,20],"is_endless":false,"potions_floor_spawned":[1,10,13,14,18,27,31],"killed_by":"Champ","ascension_level":8}