{"gold_per_floor":[117,292,292,307,38,38,64,74,97,97,18,53,53,64,64,168,168,181,280,294,294,313,345,345,362,362,374,384,412,112,132,132,234,234,252,262,262,137,137,171,97,109,109,127,77,77,108,125,125,125,125,125,75,75],"floor_reached":54,"playtime":3201,"items_purged":["Regret","Strike_B","Strike_B","Strike_B","Strike_B","Defend_B"],"score":986,"play_id":"9076dbe9-0954-41c8-8b20-f2fbbe42048a","local_time":"20190117211409","is_ascension_mode":true,"campfire_choices":[{"data":"Double Energy","floor":6.0,"key":"SMITH"},{"data":"Defragment","floor":13.0,"key":"SMITH"},{"data":"Buffer","floor":15.0,"key":"SMITH"},{"data":"Conserve Battery","floor":24.0,"key":"SMITH"},{"data":"Capacitor","floor":32,"key":"SMITH"},{"floor":49,"key":"RECALL"},{"data":"Rainbow","floor":52,"key":"SMITH"}],"neow_cost":"NONE","seed_source_timestamp":0,"circlet_count":0,"master_deck":["Defend_B","Defend_B","Defend_B","Zap","Dualcast","Double Energy+1","Doubt","Cold Snap","Ball Lightning+1","Conserve Battery+1","Defragment+1","Cold Snap","Buffer+1","Meteor Strike+1","Chaos+1","Self Repair+1","Coolheaded+1","Conserve Battery","Capacitor+1","Rainbow+1","Conserve Battery+1","Finesse","Finesse","Redo","Redo+1"],"special_seed":0,"relics":["Cracked Core","NeowsBlessing","Bag of Preparation","Runic Capacitor","Question Card","Orichalcum","Symbiotic Virus","Bottled Tornado","Eternal Feather","Ornamental Fan","Matryoshka","Thread and Needle","DataDisk","Nuclear Battery","Smiling Mask","Juzu Bracelet","Whetstone","Boot","Pen Nib"],"potions_floor_usage":[29,33,33,33,47,54,54,54],"damage_taken":[{"damage":0.0,"enemies":"Jaw Worm","floor":1.0,"turns":1.0},{"damage":0.0,"enemies":"Cultist","floor":4.0,"turns":1.0},{"damage":0.0,"enemies":"Lagavulin","floor":7.0,"turns":1.0},{"damage":0.0,"enemies":"Small Slimes","floor":8.0,"turns":2.0},{"damage":31.0,"enemies":"3 Sentries","floor":12.0,"turns":10.0},{"damage":2.0,"enemies":"Exordium Thugs","floor":14.0,"turns":3.0},{"damage":0.0,"enemies":"Slime Boss","floor":16.0,"turns":5.0},{"damage":11.0,"enemies":"2 Thieves","floor":18.0,"turns":4.0},{"damage":12.0,"enemies":"Spheric Guardian","floor":20.0,"turns":4.0},{"damage":17.0,"enemies":"Snake Plant","floor":22.0,"turns":3.0},{"damage":19.0,"enemies":"Slavers","floor":23.0,"turns":4.0},{"damage":0.0,"enemies":"Snecko","floor":25.0,"turns":4.0},{"damage":0.0,"enemies":"Centurion and Healer","floor":27.0,"turns":12.0},{"damage":7.0,"enemies":"3 Cultists","floor":28.0,"turns":3.0},{"damage":38,"enemies":"Book of Stabbing","floor":29,"turns":8},{"damage":1,"enemies":"Sentry and Sphere","floor":31,"turns":4},{"damage":12,"enemies":"Champ","floor":33,"turns":12},{"damage":3,"enemies":"3 Shapes","floor":35,"turns":3},{"damage":21,"enemies":"3 Darklings","floor":36,"turns":7},{"damage":20,"enemies":"Nemesis","floor":40,"turns":9},{"damage":4,"enemies":"Sphere and 2 Shapes","floor":42,"turns":5},{"damage":0,"enemies":"Maw","floor":44,"turns":8},{"damage":0,"enemies":"Reptomancer","floor":47,"turns":8},{"damage":12,"enemies":"Transient","floor":48,"turns":5},{"damage":54,"enemies":"Donu and Deca","floor":50,"turns":14},{"damage":83,"enemies":"Shield and Spear","floor":54,"turns":5}],"seed_played":"1296631248487734918","potions_obtained":[{"floor":1.0,"key":"SpeedPotion"},{"floor":8.0,"key":"EssenceOfSteel"},{"floor":12.0,"key":"LiquidBronze"},{"floor":25.0,"key":"Ancient Potion"},{"floor":27.0,"key":"PowerPotion"},{"floor":31,"key":"Poison Potion"},{"floor":33,"key":"FocusPotion"},{"floor":40,"key":"EssenceOfSteel"},{"floor":44,"key":"Explosive Potion"},{"floor":47,"key":"LiquidBronze"}],"is_trial":false,"path_per_floor":["M","?","?","M","$","R","E","M","T","T","$","E","R","M","R","B",null,"M","?","M","?","M","E","R","M","T","M","M","E","$","M","R","B",null,"M","M","?","$","?","E","$","M","T","M","$","T","E","M","R","B",null,"R","$","E"],"character_chosen":"DEFECT","items_purchased":["Runic Capacitor","Defragment","DataDisk","Block Potion","Redo"],"campfire_rested":0,"item_purchase_floors":[5,11,30,30,41],"current_hp_per_floor":[75,75,75,75,75,75,75,75,75,75,75,44,44,42,42,42,75,64,64,52,52,35,26,38,38,38,48,51,23,23,32,44,42,75,75,64,64,64,59,49,49,55,55,65,65,65,75,73,75,31,75,75,75,0],"gold":75,"neow_bonus":"THREE_ENEMY_KILL","is_prod":false,"is_daily":false,"chose_seed":false,"campfire_upgraded":6,"win_rate":0,"timestamp":1547777649,"path_taken":["M","?","?","M","$","R","E","M","T","?","$","E","R","M","R","BOSS","M","?","M","?","M","E","R","M","T","?","M","E","$","?","R","BOSS","M","M","?","$","?","E","$","M","T","M","?","?","E","M","R","BOSS","R","$","E"],"build_version":"2019-01-17","purchased_purges":6,"victory":false,"max_hp_per_floor":[75,75,75,75,75,75,75,75,75,75,75,75,75,75,75,75,75,75,75,75,75,75,75,75,75,75,75,75,75,75,75,75,75,75,75,75,75,75,75,75,75,75,75,75,75,75,75,75,75,75,75,75,75,75],"card_choices":[{"not_picked":["Compile Driver","Reprogram"],"picked":"Double Energy","floor":1.0},{"not_picked":["Rebound","Chaos"],"picked":"Cold Snap","floor":4.0},{"not_picked":["Beam Cell","Undo"],"picked":"Ball Lightning","floor":7.0},{"not_picked":["Reinforced Body","Streamline","Force Field"],"picked":"Conserve Battery","floor":8.0},{"not_picked":["Aggregate","Steam","Coolheaded"],"picked":"Cold Snap","floor":12.0},{"not_picked":["Skim","Reprogram","Go for the Eyes"],"picked":"Buffer","floor":14.0},{"not_picked":["Biased Cognition","Thunder Strike","All For One"],"picked":"Meteor Strike","floor":16.0},{"not_picked":["Barrage","Auto Shields","Sweeping Beam"],"picked":"Chaos","floor":18.0},{"not_picked":["Steam","BootSequence","Heatsinks"],"picked":"Self Repair+1","floor":20.0},{"not_picked":["Steam","Static Discharge","Undo"],"picked":"Coolheaded+1","floor":22.0},{"not_picked":["Turbo","Creative AI","Sunder"],"picked":"Conserve Battery","floor":23.0},{"not_picked":["Lockon+1","Barrage","Steam","Compile Driver"],"picked":"SKIP","floor":25.0},{"not_picked":["Aggregate","Hologram","Go for the Eyes+1","Beam Cell"],"picked":"SKIP","floor":27.0},{"not_picked":["Beam Cell","Turbo+1","Streamline","Steam"],"picked":"SKIP","floor":28},{"not_picked":["Scrape+1","Echo Form","Rebound","Coolheaded"],"picked":"SKIP","floor":29},{"not_picked":["Go for the Eyes","Scrape","Recycle"],"picked":"Capacitor","floor":31},{"not_picked":["Thunder Strike","Multi-Cast","Meteor Strike"],"picked":"Rainbow","floor":33},{"not_picked":["Ball Lightning+1","Leap","Gash"],"picked":"Conserve Battery+1","floor":35},{"not_picked":["White Noise+1","Turbo","Rebound","Reinforced Body"],"picked":"SKIP","floor":36},{"not_picked":["The Bomb","Good Instincts","Metamorphosis"],"picked":"Finesse","floor":39},{"not_picked":["Mind Blast","Panache","Secret Weapon"],"picked":"Finesse","floor":39},{"not_picked":["Reprogram","Conserve Battery","Rebound","Beam Cell"],"picked":"SKIP","floor":40},{"not_picked":["Skim","Static Discharge","Sweeping Beam+1","Ball Lightning+1"],"picked":"SKIP","floor":42},{"not_picked":["Doom and Gloom","Sweeping Beam","Compile Driver"],"picked":"Redo+1","floor":44},{"not_picked":["Go for the Eyes","Genetic Algorithm+1","Compile Driver","Static Discharge+1"],"picked":"SKIP","floor":47},{"not_picked":["Skim","Coolheaded+1","Cold Snap","Streamline+1"],"picked":"SKIP","floor":48}],"player_experience":251365,"relics_obtained":[{"floor":7.0,"key":"Question Card"},{"floor":9.0,"key":"Orichalcum"},{"floor":10.0,"key":"Symbiotic Virus"},{"floor":12.0,"key":"Bottled Tornado"},{"floor":23.0,"key":"Ornamental Fan"},{"floor":26.0,"key":"Matryoshka"},{"floor":29,"key":"Thread and Needle"},{"floor":40,"key":"Smiling Mask"},{"floor":43,"key":"Juzu Bracelet"},{"floor":46,"key":"Whetstone"},{"floor":46,"key":"Boot"},{"floor":47,"key":"Pen Nib"}],"event_choices":[{"damage_healed":0.0,"max_hp_gain":0.0,"max_hp_loss":0.0,"gold_gain":175.0,"event_name":"Liars Game","player_choice":"AGREE","floor":2.0,"gold_loss":0.0,"damage_taken":0.0,"cards_obtained":["Doubt"]},{"damage_healed":0.0,"max_hp_gain":0.0,"max_hp_loss":0.0,"gold_gain":0.0,"event_name":"Big Fish","player_choice":"Box","floor":3.0,"gold_loss":0.0,"damage_taken":0.0,"relics_obtained":["Bag of Preparation"],"cards_obtained":["Regret"]},{"damage_healed":0.0,"max_hp_gain":0.0,"max_hp_loss":0.0,"gold_gain":99.0,"event_name":"Nest","player_choice":"Stole From Cult","floor":19.0,"gold_loss":0.0,"damage_taken":0.0},{"damage_healed":0.0,"max_hp_gain":0.0,"max_hp_loss":0.0,"gold_gain":0.0,"event_name":"Accursed Blacksmith","player_choice":"Forge","floor":21.0,"gold_loss":0.0,"damage_taken":0.0,"cards_upgraded":["Chaos"]},{"damage_healed":0,"gold_gain":0,"player_choice":"Ignored","damage_taken":0,"max_hp_gain":0,"max_hp_loss":0,"event_name":"Tomb of Lord Red Mask","floor":37,"gold_loss":0},{"damage_healed":0,"gold_gain":0,"player_choice":"Memory 2","damage_taken":5,"max_hp_gain":0,"max_hp_loss":0,"event_name":"SensoryStone","floor":39,"gold_loss":0}],"is_beta":false,"boss_relics":[{"not_picked":["Runic Dome","Snecko Eye"],"picked":"Eternal Feather"},{"not_picked":["Calling Bell","Black Star"],"picked":"Nuclear Battery"}],"items_purged_floors":[5,30,38,41,45,53],"is_endless":false,"potions_floor_spawned":[1,8,12,16,20,25,27,31,33,40,44,47],"killed_by":"Shield and Spear","ascension_level":4}