{"gold_per_floor":[109,56,73,20,31,31,48,48,48,48,101,101,166,191,203,215],"floor_reached":16,"playtime":600,"items_purged":[],"score":113,"play_id":"bd4a4934-8181-4864-8717-0407eba365c4","local_time":"20190819170202","is_ascension_mode":true,"campfire_choices":[{"data":"Shockwave","floor":6,"key":"SMITH"},{"data":"Clothesline","floor":8,"key":"SMITH"},{"data":"Shrug It Off","floor":12,"key":"SMITH"},{"data":"Seeing Red","floor":15,"key":"SMITH"}],"neow_cost":"NONE","seed_source_timestamp":25432257704342,"circlet_count":0,"master_deck":["Strike_R","Strike_R","Strike_R","Strike_R","Strike_R","Defend_R","Defend_R","Defend_R","Defend_R","Bash","Shockwave+1","Shrug It Off+1","Seeing Red+1","Clothesline+1","Iron Wave+1","Uppercut+1"],"relics":["Burning Blood","NeowsBlessing","Blue Candle","Centennial Puzzle","Molten Egg 2","MawBank"],"potions_floor_usage":[13,13,14],"damage_taken":[{"damage":0,"enemies":"Small Slimes","floor":1,"turns":1},{"damage":0,"enemies":"Cultist","floor":3,"turns":1},{"damage":0,"enemies":"Jaw Worm","floor":5,"turns":1},{"damage":2,"enemies":"3 Louse","floor":7,"turns":4},{"damage":14,"enemies":"Gremlin Nob","floor":13,"turns":4},{"damage":17,"enemies":"Gremlin Nob","floor":14,"turns":4},{"damage":76,"enemies":"Hexaghost","floor":16,"turns":14}],"seed_played":"-7572913095415601357","potions_obtained":[{"floor":1,"key":"Poison Potion"},{"floor":5,"key":"SkillPotion"},{"floor":7,"key":"Regen Potion"}],"is_trial":false,"path_per_floor":["M","$","M","?","M","R","M","R","T","$","?","R","?","E","R","B"],"character_chosen":"IRONCLAD","items_purchased":["Shrug It Off"],"campfire_rested":0,"item_purchase_floors":[2],"current_hp_per_floor":[80,80,80,80,80,80,80,80,80,80,80,80,72,72,72,0],"gold":215,"neow_bonus":"THREE_ENEMY_KILL","is_prod":false,"is_daily":false,"chose_seed":false,"campfire_upgraded":4,"win_rate":0,"timestamp":1566230522,"path_taken":["M","$","M","?","?","R","M","R","T","$","?","R","?","E","R","BOSS"],"build_version":"2019-07-17","purchased_purges":0,"victory":false,"max_hp_per_floor":[80,80,80,80,80,80,80,80,80,80,80,80,80,80,80,80],"card_choices":[{"not_picked":["Anger","Clothesline"],"picked":"Shockwave","floor":1},{"not_picked":["Rampage","Cleave"],"picked":"Seeing Red","floor":3},{"not_picked":["Reckless Charge","Heavy Blade"],"picked":"Clothesline","floor":5},{"not_picked":["Whirlwind","Rupture","Evolve"],"picked":"SKIP","floor":7},{"not_picked":["Combust","Wild Strike"],"picked":"Iron Wave","floor":13},{"not_picked":["True Grit","Bloodletting"],"picked":"Uppercut+1","floor":14}],"player_experience":451710,"relics_obtained":[{"floor":9,"key":"Centennial Puzzle"},{"floor":13,"key":"Molten Egg 2"},{"floor":14,"key":"MawBank"}],"event_choices":[{"damage_healed":0,"gold_gain":0,"player_choice":"Paid Gold","damage_taken":0,"relics_obtained":["Blue Candle"],"max_hp_gain":0,"max_hp_loss":0,"event_name":"WeMeetAgain","floor":4,"gold_loss":53},{"damage_healed":0,"gold_gain":53,"player_choice":"Gained Gold","damage_taken":0,"max_hp_gain":0,"max_hp_loss":0,"event_name":"Golden Wing","floor":11,"gold_loss":0},{"damage_healed":0,"gold_gain":0,"player_choice":"Searched \u00271\u0027 times","damage_taken":0,"max_hp_gain":0,"max_hp_loss":0,"event_name":"Dead Adventurer","floor":13,"gold_loss":0}],"is_beta":false,"boss_relics":[],"items_purged_floors":[],"is_endless":false,"potions_floor_spawned":[1,5,7],"killed_by":"Hexaghost","ascension_level":3}