{"gold_per_floor":[214,231,231,80,94,120,136,136,136,168,185,199,199,149,149,247,247,260,277,277,294,294,294,321,321,351,378,378,389,272,296,296,392,442,453,469,396,396,396,396,411,436,436,446,491,491,503,521,521,521],"floor_reached":51,"playtime":6445,"items_purged":["Strike_R","Bash","Thunderclap","Fiend Fire"],"score":812,"play_id":"ab320ba7-f1bd-48d2-9f47-11b2ff3a3a89","local_time":"20190818231344","is_ascension_mode":true,"campfire_choices":[{"data":"Evolve","floor":8.0,"key":"SMITH"},{"floor":13.0,"key":"REST"},{"data":"Immolate","floor":15.0,"key":"SMITH"},{"data":"True Grit","floor":23,"key":"SMITH"},{"data":"Body Slam","floor":25,"key":"SMITH"},{"floor":28,"key":"REST"},{"floor":32,"key":"REST"},{"data":"Mayhem","floor":40,"key":"SMITH"},{"floor":46,"key":"REST"},{"data":"True Grit","floor":49,"key":"SMITH"}],"neow_cost":"NONE","seed_source_timestamp":0,"circlet_count":0,"master_deck":["Rage","Evolve+1","Immolate+1","Pommel Strike+1","Power Through","Headbutt","True Grit+1","Impervious","Sentinel","Rage","Pommel Strike+1","Cleave+1","Shrug It Off+1","Warcry+1","Writhe","Body Slam+1","Body Slam+1","Pummel+1","Sentinel","True Grit+1","Shrug It Off","Mayhem+1","Dark Shackles","Body Slam+1","Shrug It Off+1","Impervious"],"special_seed":0,"relics":["Burning Blood","Boot","Smiling Mask","Darkstone Periapt","Pandora\u0027s Box","Orichalcum","Incense Burner","Tiny Chest","Molten Egg 2","Lantern","Tiny House","Frozen Egg 2","Pen Nib","Self Forming Clay","Whetstone"],"potions_floor_usage":[27,27,33,33,41,41,50,50,50],"damage_taken":[{"damage":0.0,"enemies":"2 Louse","floor":1.0,"turns":3.0},{"damage":1.0,"enemies":"Cultist","floor":2.0,"turns":4.0},{"damage":7.0,"enemies":"Small Slimes","floor":5.0,"turns":2.0},{"damage":20.0,"enemies":"Gremlin Nob","floor":6.0,"turns":4.0},{"damage":6.0,"enemies":"Looter","floor":7.0,"turns":3.0},{"damage":36.0,"enemies":"Lagavulin","floor":10.0,"turns":7.0},{"damage":18.0,"enemies":"Exordium Wildlife","floor":11.0,"turns":5.0},{"damage":3.0,"enemies":"Blue Slaver","floor":12.0,"turns":3.0},{"damage":5.0,"enemies":"Slime Boss","floor":16.0,"turns":7.0},{"damage":12.0,"enemies":"Shell Parasite","floor":18.0,"turns":5.0},{"damage":12.0,"enemies":"3 Byrds","floor":19.0,"turns":4.0},{"damage":15.0,"enemies":"Cultist and Chosen","floor":21.0,"turns":5.0},{"damage":36,"enemies":"Book of Stabbing","floor":24,"turns":7},{"damage":21,"enemies":"Gremlin Leader","floor":27,"turns":5},{"damage":3,"enemies":"Centurion and Healer","floor":29,"turns":8},{"damage":46,"enemies":"Automaton","floor":33,"turns":11},{"damage":0,"enemies":"3 Darklings","floor":35,"turns":4},{"damage":13,"enemies":"Orb Walker","floor":36,"turns":3},{"damage":36,"enemies":"Transient","floor":41,"turns":5},{"damage":15,"enemies":"Nemesis","floor":42,"turns":6},{"damage":20,"enemies":"Sphere and 2 Shapes","floor":44,"turns":5},{"damage":8,"enemies":"4 Shapes","floor":47,"turns":5},{"damage":6,"enemies":"Maw","floor":48,"turns":8},{"damage":30,"enemies":"Time Eater","floor":50,"turns":11}],"seed_played":"699759235506210342","potions_obtained":[{"floor":2.0,"key":"Explosive Potion"},{"floor":5.0,"key":"Weak Potion"},{"floor":7.0,"key":"Dexterity Potion"},{"floor":11.0,"key":"SpeedPotion"},{"floor":16.0,"key":"Strength Potion"},{"floor":18.0,"key":"Swift Potion"},{"floor":27,"key":"Strength Potion"},{"floor":34,"key":"EntropicBrew"},{"floor":41,"key":"SteroidPotion"},{"floor":44,"key":"Weak Potion"},{"floor":48,"key":"BloodPotion"}],"is_trial":false,"path_per_floor":["M","M","?","$","M","E","M","R","T","E","M","M","R","$","R","B",null,"M","M","?","M","?","R","E","R","T","E","R","M","$","T","R","B",null,"M","M","$","?","T","R","M","E","T","M","T","R","M","M","R","B",null],"character_chosen":"IRONCLAD","items_purchased":["Immolate","Pummel+1","Shrug It Off"],"campfire_rested":4,"item_purchase_floors":[4,30,37],"current_hp_per_floor":[80,80,80,80,79,65,65,65,65,35,23,26,50,50,50,51,80,74,68,68,59,65,65,35,35,35,20,45,48,48,48,73,33,91,91,84,84,74,74,74,44,35,35,21,21,48,46,46,46,44],"gold":521,"neow_bonus":"HUNDRED_GOLD","is_prod":false,"is_daily":false,"chose_seed":false,"campfire_upgraded":6,"win_rate":0,"timestamp":1566141224,"path_taken":["M","M","?","$","M","E","M","R","T","E","?","M","R","$","R","BOSS","M","M","?","?","?","R","E","R","T","E","R","M","$","?","R","BOSS","M","M","$","?","?","R","M","E","T","M","?","R","?","M","R","BOSS"],"build_version":"2019-07-17","purchased_purges":4,"victory":true,"max_hp_per_floor":[80,80,80,80,80,80,80,80,80,80,80,80,80,80,80,80,80,80,80,80,80,86,86,86,86,86,86,86,86,86,86,86,86,91,91,91,91,91,91,91,91,91,91,91,91,91,91,91,91,91],"card_choices":[{"not_picked":["Iron Wave","Flex"],"picked":"Rage","floor":1.0},{"not_picked":["Anger","True Grit"],"picked":"Evolve","floor":2.0},{"not_picked":["True Grit","Inflame","Hemokinesis"],"picked":"SKIP","floor":5.0},{"not_picked":["Twin Strike","Limit Break"],"picked":"Pommel Strike","floor":6.0},{"not_picked":["Warcry","Thunderclap"],"picked":"Power Through","floor":7.0},{"not_picked":["Shrug It Off","Clothesline","Seeing Red"],"picked":"SKIP","floor":10.0},{"not_picked":["Iron Wave","Flex"],"picked":"Headbutt","floor":11.0},{"not_picked":["Havoc","Twin Strike","Thunderclap"],"picked":"SKIP","floor":12.0},{"not_picked":["Demon Form","Limit Break"],"picked":"Fiend Fire","floor":16.0},{"not_picked":["Uppercut","Sword Boomerang+1"],"picked":"Shrug It Off+1","floor":18.0},{"not_picked":["Cleave","Clash"],"picked":"Warcry+1","floor":19.0},{"not_picked":["Sever Soul+1","Shrug It Off","Flex"],"picked":"SKIP","floor":21},{"not_picked":["Ghostly Armor","Spot Weakness+1"],"picked":"Body Slam","floor":24},{"not_picked":["Power Through+1","Clothesline"],"picked":"Body Slam","floor":27},{"not_picked":["Heavy Blade+1","Flex+1","Searing Blow+1"],"picked":"SKIP","floor":29},{"not_picked":["Uppercut+1","Anger+1"],"picked":"Sentinel","floor":34},{"not_picked":["Sever Soul+1","Twin Strike+1"],"picked":"True Grit","floor":35},{"not_picked":["Anger+1","Flex","Iron Wave+1"],"picked":"SKIP","floor":36},{"not_picked":["Dramatic Entrance+1","Bandage Up"],"picked":"Mayhem","floor":38},{"not_picked":["Panacea","Mind Blast+1"],"picked":"Dark Shackles","floor":38},{"not_picked":["Pommel Strike+1","Burning Pact"],"picked":"Body Slam+1","floor":41},{"not_picked":["Anger+1","Twin Strike+1"],"picked":"Shrug It Off+1","floor":42},{"not_picked":["Anger+1","Havoc","Warcry"],"picked":"SKIP","floor":44},{"not_picked":["Headbutt+1","Shrug It Off+1","Havoc"],"picked":"SKIP","floor":47},{"not_picked":["Heavy Blade+1","Perfected Strike+1"],"picked":"Impervious","floor":48}],"player_experience":727828,"relics_obtained":[{"floor":6.0,"key":"Boot"},{"floor":9.0,"key":"Smiling Mask"},{"floor":10.0,"key":"Darkstone Periapt"},{"floor":24,"key":"Incense Burner"},{"floor":26,"key":"Tiny Chest"},{"floor":27,"key":"Molten Egg 2"},{"floor":31,"key":"Lantern"},{"floor":39,"key":"Frozen Egg 2"},{"floor":42,"key":"Pen Nib"},{"floor":43,"key":"Self Forming Clay"},{"floor":45,"key":"Whetstone"}],"event_choices":[{"cards_removed":["Defend_R"],"damage_healed":0.0,"max_hp_gain":0.0,"max_hp_loss":0.0,"gold_gain":0.0,"event_name":"Bonfire Elementals","player_choice":"Offered Basic","floor":3.0,"gold_loss":0.0,"damage_taken":0.0},{"damage_healed":0.0,"max_hp_gain":0.0,"max_hp_loss":0.0,"gold_gain":0.0,"event_name":"Transmorgrifier","player_choice":"Ignored","floor":20.0,"gold_loss":0.0,"damage_taken":0.0},{"damage_healed":0,"gold_gain":0,"player_choice":"Opened","damage_taken":0,"relics_obtained":["Orichalcum"],"max_hp_gain":0,"max_hp_loss":0,"event_name":"The Mausoleum","floor":22,"gold_loss":0,"cards_obtained":["Writhe"]},{"damage_healed":0,"gold_gain":0,"player_choice":"Memory 3","damage_taken":10,"max_hp_gain":0,"max_hp_loss":0,"event_name":"SensoryStone","floor":38,"gold_loss":0}],"is_beta":false,"boss_relics":[{"not_picked":["Runic Pyramid","Runic Dome"],"picked":"Pandora\u0027s Box"},{"not_picked":["Busted Crown","Lizard Tail"],"picked":"Tiny House"}],"items_purged_floors":[4,14,30,37],"is_endless":false,"potions_floor_spawned":[2,5,7,11,16,18,27,41,44,48],"ascension_level":4}