{"gold_per_floor":[149,149,167,181,69,95,107,107,107,107,124,180,255,265,265,360,360,372,386,403,210,228,238,238,250,329,105,105,123,2,2],"floor_reached":31,"playtime":4014,"items_purged":[],"score":266,"play_id":"889bc1ee-fa5a-4251-a045-7eaafaa2b49b","local_time":"20190804085849","is_ascension_mode":false,"campfire_choices":[{"floor":8.0,"key":"REST"},{"floor":10.0,"key":"REST"},{"floor":15.0,"key":"REST"},{"floor":24,"key":"REST"}],"neow_cost":"NONE","seed_source_timestamp":0,"circlet_count":0,"master_deck":["Strike_B","Strike_B","Strike_B","Strike_B","Defend_B","Defend_B","Defend_B","Defend_B","Zap","Dualcast","Static Discharge","Aggregate","Coolheaded","Storm","Undo","Conserve Battery","Coolheaded","Hello World","Storm","Chill","Creative AI","Auto Shields","Loop","Steam+1","Loop","Conserve Battery","Coolheaded","Barrage","Electrodynamics","Leap","Loop","Static Discharge","Force Field","Tempest","Static Discharge","Defragment+1","Stack","Storm"],"special_seed":0,"relics":["Cracked Core","Tiny Chest","Boot","Happy Flower","Gremlin Horn","Eternal Feather","Blue Candle"],"potions_floor_usage":[20,20,22],"damage_taken":[{"damage":6.0,"enemies":"Jaw Worm","floor":1.0,"turns":3.0},{"damage":0.0,"enemies":"Cultist","floor":3.0,"turns":4.0},{"damage":7.0,"enemies":"2 Louse","floor":4.0,"turns":3.0},{"damage":42.0,"enemies":"Gremlin Nob","floor":6.0,"turns":5.0},{"damage":0.0,"enemies":"Looter","floor":7.0,"turns":5.0},{"damage":6.0,"enemies":"Exordium Wildlife","floor":11.0,"turns":5.0},{"damage":9.0,"enemies":"3 Sentries","floor":12.0,"turns":10.0},{"damage":13.0,"enemies":"Exordium Thugs","floor":14.0,"turns":6.0},{"damage":30.0,"enemies":"Hexaghost","floor":16.0,"turns":10.0},{"damage":9,"enemies":"3 Byrds","floor":18,"turns":4},{"damage":8,"enemies":"Chosen","floor":19,"turns":4},{"damage":19,"enemies":"Snake Plant","floor":20,"turns":5},{"damage":26,"enemies":"Centurion and Healer","floor":22,"turns":10},{"damage":17,"enemies":"Snecko","floor":23,"turns":6},{"damage":30,"enemies":"Shelled Parasite and Fungi","floor":25,"turns":10},{"damage":8,"enemies":"Sentry and Sphere","floor":29,"turns":7},{"damage":18,"enemies":"Centurion and Healer","floor":31,"turns":4}],"seed_played":"3314589662531212898","potions_obtained":[{"floor":1.0,"key":"EssenceOfSteel"},{"floor":4.0,"key":"PowerPotion"},{"floor":7.0,"key":"SteroidPotion"},{"floor":20,"key":"Regen Potion"},{"floor":22,"key":"Explosive Potion"},{"floor":25,"key":"FocusPotion"}],"is_trial":false,"path_per_floor":["M","?","M","M","$","E","M","R","T","R","M","?","?","M","R","B",null,"M","M","M","$","M","M","R","M","T","$","?","M","$","M"],"character_chosen":"DEFECT","items_purchased":["Storm","Undo","Loop","Conserve Battery","Coolheaded","Barrage","Static Discharge","Force Field","Tempest","Stack","Storm"],"campfire_rested":4,"item_purchase_floors":[5,5,21,21,21,21,27,27,27,30,30],"current_hp_per_floor":[69,69,69,62,62,20,20,42,42,64,58,49,38,25,47,17,75,66,58,39,39,28,11,51,21,21,21,21,13,13,0],"gold":2,"neow_bonus":"RANDOM_COMMON_RELIC","is_prod":false,"is_daily":false,"chose_seed":false,"campfire_upgraded":0,"win_rate":0.0,"timestamp":1564901929,"path_taken":["M","?","M","M","$","E","M","R","T","R","?","?","?","M","R","BOSS","M","M","M","$","M","M","R","M","T","$","?","M","$","M"],"build_version":"2019-07-17","purchased_purges":0,"victory":false,"max_hp_per_floor":[75,75,75,75,75,75,75,75,75,75,75,75,75,75,75,75,75,75,75,75,75,75,75,75,75,75,75,75,75,75,75],"card_choices":[{"not_picked":["Stack","Cold Snap"],"picked":"Static Discharge","floor":1.0},{"not_picked":["Stack","Leap"],"picked":"Aggregate","floor":3.0},{"not_picked":["Barrage","Steam Power"],"picked":"Coolheaded","floor":4.0},{"not_picked":["Steam","Melter"],"picked":"Conserve Battery","floor":6.0},{"not_picked":["Hologram","Darkness"],"picked":"Coolheaded","floor":7.0},{"not_picked":["Beam Cell","Redo"],"picked":"Hello World","floor":11.0},{"not_picked":["Leap","Stack"],"picked":"Storm","floor":12.0},{"not_picked":["Compile Driver","Double Energy"],"picked":"Chill","floor":14.0},{"not_picked":["Biased Cognition","Buffer"],"picked":"Creative AI","floor":16.0},{"not_picked":["Compile Driver","Rebound"],"picked":"Auto Shields","floor":18},{"not_picked":["White Noise+1","Hologram+1"],"picked":"Loop","floor":19},{"not_picked":["Ball Lightning+1","Cold Snap"],"picked":"Steam+1","floor":20},{"not_picked":["Coolheaded","Ball Lightning+1"],"picked":"Electrodynamics","floor":22},{"not_picked":["Sweeping Beam","Streamline+1"],"picked":"Leap","floor":23},{"not_picked":["Turbo","FTL+1"],"picked":"Loop","floor":25},{"not_picked":["Redo","Streamline"],"picked":"Defragment+1","floor":29}],"player_experience":287366,"relics_obtained":[{"floor":6.0,"key":"Boot"},{"floor":9.0,"key":"Happy Flower"},{"floor":26,"key":"Blue Candle"}],"event_choices":[{"damage_healed":0.0,"max_hp_gain":0.0,"max_hp_loss":0.0,"gold_gain":0.0,"event_name":"The Woman in Blue","player_choice":"Bought 0 Potions","floor":2.0,"gold_loss":0.0,"damage_taken":0.0},{"damage_healed":0.0,"max_hp_gain":0.0,"max_hp_loss":0.0,"gold_gain":0.0,"event_name":"Dead Adventurer","player_choice":"Searched \u00273\u0027 times","floor":12.0,"gold_loss":0.0,"damage_taken":0.0,"relics_obtained":["Gremlin Horn"]},{"damage_healed":0.0,"max_hp_gain":0.0,"max_hp_loss":0.0,"gold_gain":75.0,"event_name":"World of Goop","player_choice":"Gather Gold","floor":13.0,"gold_loss":0.0,"damage_taken":11.0},{"damage_healed":0,"gold_gain":0,"player_choice":"Copied","damage_taken":0,"max_hp_gain":0,"max_hp_loss":0,"event_name":"Duplicator","floor":28,"gold_loss":0,"cards_obtained":["Static Discharge"]}],"is_beta":false,"boss_relics":[{"not_picked":["Tiny House","Ectoplasm"],"picked":"Eternal Feather"}],"items_purged_floors":[],"is_endless":false,"potions_floor_spawned":[1,4,7,12,16,20,22,25],"killed_by":"Centurion and Healer","ascension_level":0}