{"gold_per_floor":[114,28,78,96,114,146,146,146,146,13,48,5,5,5,5,83,83,101,32,32,51,51,82,82,101,101,151,168,168,185,4,4,4],"floor_reached":33,"playtime":1795,"items_purged":[],"score":539,"play_id":"1b6224a5-1804-44c2-bc09-a1adddf79958","local_time":"20190813185722","is_ascension_mode":true,"campfire_choices":[{"data":"Envenom","floor":8,"key":"SMITH"},{"floor":13,"key":"REST"},{"data":"Noxious Fumes","floor":15,"key":"SMITH"},{"data":"Storm of Steel","floor":24,"key":"SMITH"},{"floor":32,"key":"REST"}],"neow_cost":"NONE","seed_source_timestamp":342158739629994,"circlet_count":0,"master_deck":["AscendersBane","Defend_G","Defend_G","Defend_G","Defend_G","Defend_G","Survivor","Neutralize","Noxious Fumes+1","Envenom+1","Dagger Throw","Slice","Slice","Well Laid Plans","Catalyst","After Image","Backflip","Storm of Steel+1","Poisoned Stab","Escape Plan","Bite","Bite","Bite","Bite","Bite","Deadly Poison","Unload","Bane","Parasite","Cloak And Dagger"],"relics":["Ring of the Snake","NeowsBlessing","The Courier","Ninja Scroll","Matryoshka","Meat on the Bone","Paper Crane","Cursed Key","Shuriken","Happy Flower","Molten Egg 2","Spirit Poop","TheAbacus"],"potions_floor_usage":[6,11,25,33],"damage_taken":[{"damage":0,"enemies":"2 Louse","floor":1,"turns":1},{"damage":0,"enemies":"Cultist","floor":4,"turns":1},{"damage":0,"enemies":"Jaw Worm","floor":5,"turns":1},{"damage":20,"enemies":"Lagavulin","floor":6,"turns":7},{"damage":26,"enemies":"Gremlin Nob","floor":11,"turns":4},{"damage":11,"enemies":"The Guardian","floor":16,"turns":9},{"damage":19,"enemies":"Shell Parasite","floor":18,"turns":5},{"damage":13,"enemies":"2 Thieves","floor":21,"turns":4},{"damage":40,"enemies":"Gremlin Leader","floor":23,"turns":9},{"damage":1,"enemies":"Snake Plant","floor":25,"turns":4},{"damage":20,"enemies":"Chosen and Byrds","floor":28,"turns":6},{"damage":31,"enemies":"Snecko","floor":30,"turns":5},{"damage":87,"enemies":"Automaton","floor":33,"turns":8}],"seed_played":"374565934047493110","potions_obtained":[{"floor":4,"key":"SteroidPotion"},{"floor":6,"key":"FearPotion"},{"floor":11,"key":"FairyPotion"},{"floor":23,"key":"SkillPotion"},{"floor":25,"key":"Energy Potion"},{"floor":30,"key":"Poison Potion"}],"is_trial":false,"path_per_floor":["M","$","?","M","M","E","?","R","T","$","E","$","R","T","R","B",null,"M","$","?","M","?","E","R","M","T","?","M","?","M","$","R","B"],"character_chosen":"THE_SILENT","items_purchased":["Envenom","Well Laid Plans","Catalyst","Backflip","Escape Plan","TheAbacus"],"campfire_rested":2,"item_purchase_floors":[2,10,10,12,19,31],"current_hp_per_floor":[59,59,53,53,53,33,33,33,33,33,7,7,26,26,26,27,56,37,37,37,34,34,28,28,35,35,35,25,25,14,14,27,0],"gold":4,"neow_bonus":"THREE_ENEMY_KILL","is_prod":false,"is_daily":false,"chose_seed":false,"campfire_upgraded":3,"win_rate":0,"timestamp":1565737042,"path_taken":["M","$","?","?","M","E","?","R","T","$","E","$","R","?","R","BOSS","M","$","?","M","?","E","R","M","T","?","M","?","?","$","R","BOSS"],"build_version":"2019-07-17","purchased_purges":0,"victory":false,"max_hp_per_floor":[66,66,66,66,66,66,66,66,66,66,66,66,66,66,66,66,66,66,66,46,46,46,46,46,46,46,46,46,46,46,46,46,46],"card_choices":[{"not_picked":["Underhanded Strike","Endless Agony"],"picked":"Noxious Fumes","floor":1},{"not_picked":["Finisher","Prepared"],"picked":"Dagger Throw","floor":4},{"not_picked":["Terror","Skewer"],"picked":"Slice","floor":5},{"not_picked":["Grand Finale","Riddle With Holes"],"picked":"Slice","floor":6},{"not_picked":["Dodge and Roll","Infinite Blades"],"picked":"After Image","floor":11},{"not_picked":["Night Terror","Grand Finale"],"picked":"Storm of Steel","floor":16},{"not_picked":["Slice","Sucker Punch"],"picked":"Poisoned Stab","floor":18},{"not_picked":["Sucker Punch","Flechettes"],"picked":"Deadly Poison","floor":21},{"not_picked":["Masterful Stab","Calculated Gamble"],"picked":"Unload","floor":23},{"not_picked":["Dagger Spray","Underhanded Strike"],"picked":"Bane","floor":25},{"not_picked":["Sucker Punch+1","All Out Attack+1"],"picked":"Cloak And Dagger","floor":28},{"not_picked":["Acrobatics","Masterful Stab+1","Predator+1"],"picked":"SKIP","floor":30}],"player_experience":1018816,"relics_obtained":[{"floor":6,"key":"The Courier"},{"floor":9,"key":"Ninja Scroll"},{"floor":11,"key":"Matryoshka"},{"floor":14,"key":"Meat on the Bone"},{"floor":14,"key":"Paper Crane"},{"floor":23,"key":"Shuriken"},{"floor":26,"key":"Happy Flower"},{"floor":26,"key":"Molten Egg 2"}],"event_choices":[{"damage_healed":0,"gold_gain":50,"player_choice":"Touch","damage_taken":6,"max_hp_gain":0,"max_hp_loss":0,"event_name":"FaceTrader","floor":3,"gold_loss":0},{"damage_healed":0,"gold_gain":0,"player_choice":"Ignored","damage_taken":0,"max_hp_gain":0,"max_hp_loss":0,"event_name":"Golden Wing","floor":7,"gold_loss":0},{"damage_healed":0,"gold_gain":0,"player_choice":"Became a vampire","damage_taken":0,"max_hp_gain":0,"max_hp_loss":20,"event_name":"Vampires","floor":20,"gold_loss":0,"cards_obtained":["Bite","Bite","Bite","Bite","Bite"]},{"damage_healed":0,"gold_gain":0,"player_choice":"Smashed Altar","damage_taken":0,"max_hp_gain":0,"max_hp_loss":0,"event_name":"Forgotten Altar","floor":22,"gold_loss":0,"cards_obtained":["Decay"]},{"damage_healed":0,"gold_gain":50,"player_choice":"Stole From Cult","damage_taken":0,"max_hp_gain":0,"max_hp_loss":0,"event_name":"Nest","floor":27,"gold_loss":0},{"cards_removed":["Decay"],"damage_healed":0,"gold_gain":0,"player_choice":"Offered Curse","damage_taken":0,"relics_obtained":["Spirit Poop"],"max_hp_gain":0,"max_hp_loss":0,"event_name":"Bonfire Elementals","floor":29,"gold_loss":0}],"is_beta":false,"boss_relics":[{"not_picked":["Empty Cage","Astrolabe"],"picked":"Cursed Key"}],"items_purged_floors":[],"is_endless":false,"potions_floor_spawned":[4,6,11,23,25,30],"killed_by":"Automaton","ascension_level":18}