{"gold_per_floor":[111,131,131,144,50,50,78,93,93,93,112,128,140,4,4,106,106,124,5,16,16,28,28,58,58,58,58],"floor_reached":27,"playtime":2497,"items_purged":[],"score":284,"play_id":"194a5496-d401-4d91-8331-faddb86f70bc","local_time":"20190727220410","is_ascension_mode":true,"campfire_choices":[{"data":"Anger","floor":6.0,"key":"SMITH"},{"floor":15.0,"key":"REST"},{"floor":23.0,"key":"REST"},{"floor":25.0,"key":"REST"}],"neow_cost":"NONE","seed_source_timestamp":0,"circlet_count":0,"master_deck":["Strike_R","Strike_R","Strike_R","Strike_R","Strike_R","Defend_R+1","Defend_R","Defend_R","Defend_R","Bash","Iron Wave+1","Anger+1","Ghostly Armor","Flash of Steel","Entrench+1","Sword Boomerang","Rupture","Cleave","Fire Breathing","Flash of Steel","Rampage","Impervious","Headbutt","Body Slam","Twin Strike","Twin Strike","Flex","Limit Break","Clash","Clash","Anger","Iron Wave","Exhume","Pommel Strike","Twin Strike+1","Sword Boomerang"],"special_seed":0,"relics":["Burning Blood","The Courier","Kunai","Orrery","Meat on the Bone","StoneCalendar"],"potions_floor_usage":[],"damage_taken":[{"damage":7.0,"enemies":"Jaw Worm","floor":1.0,"turns":4.0},{"damage":4.0,"enemies":"2 Louse","floor":2.0,"turns":3.0},{"damage":0.0,"enemies":"Cultist","floor":4.0,"turns":3.0},{"damage":21.0,"enemies":"Lagavulin","floor":7.0,"turns":8.0},{"damage":1.0,"enemies":"Exordium Thugs","floor":8.0,"turns":5.0},{"damage":7.0,"enemies":"Lots of Slimes","floor":11.0,"turns":4.0},{"damage":8.0,"enemies":"3 Louse","floor":12.0,"turns":4.0},{"damage":12.0,"enemies":"Exordium Thugs","floor":13.0,"turns":6.0},{"damage":34.0,"enemies":"The Guardian","floor":16.0,"turns":14.0},{"damage":36.0,"enemies":"3 Byrds","floor":18.0,"turns":6.0},{"damage":25.0,"enemies":"Shell Parasite","floor":20.0,"turns":6.0},{"damage":23.0,"enemies":"Snake Plant","floor":22.0,"turns":4.0},{"damage":51.0,"enemies":"Book of Stabbing","floor":24.0,"turns":10.0},{"damage":46,"enemies":"Shelled Parasite and Fungi","floor":27,"turns":4}],"seed_played":"8737629106925245534","potions_obtained":[{"floor":1.0,"key":"Swift Potion"},{"floor":4.0,"key":"Regen Potion"},{"floor":8.0,"key":"SpeedPotion"},{"floor":16.0,"key":"Dexterity Potion"}],"is_trial":false,"path_per_floor":["M","M","?","M","$","R","E","M","T","?","M","M","M","$","R","B",null,"M","$","M","?","M","R","E","R","T","M"],"character_chosen":"IRONCLAD","items_purchased":["Flash of Steel","Flash of Steel","Rampage","Clash","Clash","Anger"],"campfire_rested":3,"item_purchase_floors":[5,14,14,19,19,19],"current_hp_per_floor":[87,88,70,76,76,76,61,66,66,66,65,63,57,57,83,55,88,58,58,39,39,22,48,18,44,44,0],"gold":58,"neow_bonus":"TEN_PERCENT_HP_BONUS","is_prod":false,"is_daily":false,"chose_seed":false,"campfire_upgraded":1,"win_rate":0,"timestamp":1564257850,"path_taken":["M","M","?","M","$","R","E","M","T","?","M","?","M","$","R","BOSS","M","$","M","?","M","R","E","R","T","M"],"build_version":"2019-07-17","purchased_purges":0,"victory":false,"max_hp_per_floor":[88,88,88,88,88,88,88,88,88,88,88,88,88,88,88,88,88,88,88,88,88,88,88,88,88,88,88],"card_choices":[{"not_picked":["Entrench","Corruption"],"picked":"Iron Wave","floor":1.0},{"not_picked":["Rage","Hemokinesis"],"picked":"Anger","floor":2.0},{"not_picked":["Body Slam","Clash"],"picked":"Ghostly Armor","floor":4.0},{"not_picked":["Perfected Strike","Fiend Fire"],"picked":"Entrench","floor":7.0},{"not_picked":["Cleave","Warcry"],"picked":"Sword Boomerang","floor":8.0},{"not_picked":["Heavy Blade","Havoc"],"picked":"Rupture","floor":11.0},{"not_picked":["Dropkick","Intimidate"],"picked":"Cleave","floor":12.0},{"not_picked":["Pommel Strike","Shrug It Off"],"picked":"Fire Breathing","floor":13.0},{"not_picked":["Reaper","Offering"],"picked":"Impervious","floor":16.0},{"not_picked":["Twin Strike","Body Slam"],"picked":"Headbutt","floor":17.0},{"not_picked":["Clothesline","Pommel Strike"],"picked":"Body Slam","floor":17.0},{"not_picked":["Heavy Blade","Havoc"],"picked":"Twin Strike","floor":17.0},{"not_picked":["Searing Blow","Bloodletting"],"picked":"Twin Strike","floor":17.0},{"not_picked":["Thunderclap","Shrug It Off"],"picked":"Flex","floor":17.0},{"not_picked":["Disarm","Perfected Strike+1"],"picked":"Limit Break","floor":18.0},{"not_picked":["True Grit+1","Havoc"],"picked":"Iron Wave","floor":20.0},{"not_picked":["Burning Pact","Clothesline+1"],"picked":"Twin Strike+1","floor":22.0},{"not_picked":["Body Slam","Perfected Strike"],"picked":"Sword Boomerang","floor":24.0}],"player_experience":245173,"relics_obtained":[{"floor":7.0,"key":"The Courier"},{"floor":9.0,"key":"Kunai"},{"floor":24.0,"key":"Meat on the Bone"},{"floor":26.0,"key":"StoneCalendar"}],"event_choices":[{"damage_healed":0.0,"max_hp_gain":0.0,"max_hp_loss":0.0,"gold_gain":0.0,"event_name":"Shining Light","player_choice":"Entered Light","floor":3.0,"gold_loss":0.0,"damage_taken":18.0,"cards_upgraded":["Defend_R","Iron Wave"]},{"damage_healed":0.0,"max_hp_gain":0.0,"max_hp_loss":0.0,"gold_gain":0.0,"event_name":"Upgrade Shrine","player_choice":"Upgraded","floor":10.0,"gold_loss":0.0,"damage_taken":0.0,"cards_upgraded":["Entrench"]},{"damage_healed":0.0,"max_hp_gain":0.0,"max_hp_loss":0.0,"gold_gain":0.0,"event_name":"Match and Keep!","player_choice":"2 cards matched","floor":21.0,"gold_loss":0.0,"damage_taken":0.0,"cards_obtained":["Exhume","Pommel Strike"]}],"is_beta":false,"boss_relics":[{"not_picked":["Runic Pyramid","Calling Bell"],"picked":"Orrery"}],"items_purged_floors":[],"is_endless":false,"potions_floor_spawned":[1,4,8,12,16],"killed_by":"Shelled Parasite and Fungi","ascension_level":2}