{"gold_per_floor":[115,126,136,136,136,136,170,170,194,194,194,206,59,75,75,173,173,185,110,10,10,30,30,41,66,90,101,136,136,10,110,110,207,207,218,218,236,256,275,275,306,306,306,145,105,105,105,118,118,118],"floor_reached":51,"playtime":6769,"items_purged":["Strike_R","Strike_R","Strike_R"],"score":862,"play_id":"e83406cb-9abe-417e-9485-daf54b8e798b","local_time":"20190821000334","is_ascension_mode":true,"campfire_choices":[{"data":"Twin Strike","floor":6.0,"key":"SMITH"},{"floor":8.0,"key":"REST"},{"data":"Bash","floor":10.0,"key":"SMITH"},{"data":"Rupture","floor":15.0,"key":"SMITH"},{"floor":23.0,"key":"REST"},{"floor":29.0,"key":"REST"},{"floor":32.0,"key":"REST"},{"floor":40.0,"key":"REST"},{"floor":42.0,"key":"REST"},{"floor":47,"key":"REST"},{"floor":49,"key":"REST"}],"neow_cost":"CURSE","seed_source_timestamp":0,"circlet_count":0,"master_deck":["Strike_R","Defend_R","Defend_R+1","Defend_R+1","Defend_R","Bash+1","Brutality","Headbutt","Battle Trance","Twin Strike+1","Clothesline","Rupture+1","Hemokinesis","Double Tap","Sword Boomerang","Disarm","Blood for Blood","Headbutt+1","Armaments+1","Rupture","Thunderclap","Impervious","Shrug It Off","Secret Technique","Dark Shackles","Hemokinesis","Shockwave","Armaments+1"],"special_seed":0,"relics":["Burning Blood","Bag of Preparation","Strawberry","Runic Cube","Sundial","Blood Vial","Mummified Hand","Charon\u0027s Ashes","Matryoshka","Fusion Hammer","Art of War","MawBank","Meat on the Bone","Oddly Smooth Stone","Lantern"],"potions_floor_usage":[50,50,50],"damage_taken":[{"damage":2.0,"enemies":"2 Louse","floor":1.0,"turns":3.0},{"damage":9.0,"enemies":"Small Slimes","floor":2.0,"turns":4.0},{"damage":13.0,"enemies":"Jaw Worm","floor":3.0,"turns":5.0},{"damage":30.0,"enemies":"3 Sentries","floor":7.0,"turns":7.0},{"damage":4.0,"enemies":"Large Slime","floor":12.0,"turns":4.0},{"damage":3.0,"enemies":"Exordium Wildlife","floor":14.0,"turns":3.0},{"damage":20.0,"enemies":"The Guardian","floor":16.0,"turns":11.0},{"damage":23.0,"enemies":"2 Thieves","floor":18.0,"turns":4.0},{"damage":3.0,"enemies":"Chosen","floor":22.0,"turns":3.0},{"damage":17.0,"enemies":"Centurion and Healer","floor":24.0,"turns":5.0},{"damage":23.0,"enemies":"Book of Stabbing","floor":25.0,"turns":5.0},{"damage":11.0,"enemies":"Cultist and Chosen","floor":27.0,"turns":6.0},{"damage":44.0,"enemies":"Slavers","floor":28.0,"turns":5.0},{"damage":16.0,"enemies":"Colosseum Slavers","floor":31.0,"turns":3.0},{"damage":11.0,"enemies":"Colosseum Nobs","floor":31.0,"turns":3.0},{"damage":45.0,"enemies":"Collector","floor":33.0,"turns":6.0},{"damage":14.0,"enemies":"3 Darklings","floor":35.0,"turns":5.0},{"damage":7.0,"enemies":"3 Shapes","floor":37.0,"turns":4.0},{"damage":24.0,"enemies":"Maw","floor":38.0,"turns":6.0},{"damage":28.0,"enemies":"Sphere and 2 Shapes","floor":39.0,"turns":4.0},{"damage":35.0,"enemies":"Reptomancer","floor":41.0,"turns":5.0},{"damage":19,"enemies":"Writhing Mass","floor":48,"turns":4},{"damage":43,"enemies":"Time Eater","floor":50,"turns":6}],"seed_played":"-3231970946957105270","potions_obtained":[{"floor":2.0,"key":"SpeedPotion"},{"floor":7.0,"key":"FearPotion"},{"floor":14.0,"key":"Regen Potion"},{"floor":16.0,"key":"Fire Potion"},{"floor":27.0,"key":"Regen Potion"},{"floor":31.0,"key":"EssenceOfSteel"},{"floor":33.0,"key":"Dexterity Potion"},{"floor":35.0,"key":"AttackPotion"},{"floor":38.0,"key":"Dexterity Potion"}],"is_trial":false,"path_per_floor":["M","M","M","?","?","R","E","R","T","R","?","M","$","M","R","B",null,"M","?","$","?","M","R","M","E","T","M","E","R","$","?","R","B",null,"M","?","M","M","M","R","E","R","T","$","?","T","R","M","R","B",null],"character_chosen":"IRONCLAD","items_purchased":["Rupture","Rupture","Thunderclap","PowerPotion"],"campfire_rested":8,"item_purchase_floors":[13,30,30,44],"current_hp_per_floor":[76,73,66,66,59,59,35,59,66,66,49,51,51,54,54,54,79,62,62,62,45,48,75,64,47,47,44,22,49,49,38,65,28,76,70,65,66,50,30,57,30,57,57,57,57,57,84,73,92,55],"gold":118,"neow_bonus":"THREE_RARE_CARDS","is_prod":false,"is_daily":false,"chose_seed":false,"campfire_upgraded":3,"win_rate":0,"timestamp":1566317014,"path_taken":["M","M","M","?","?","R","E","R","T","R","?","M","$","M","R","BOSS","M","?","$","?","M","R","M","E","T","M","E","R","$","?","R","BOSS","M","?","M","M","M","R","E","R","T","$","?","?","R","M","R","BOSS"],"build_version":"2019-07-17","purchased_purges":3,"victory":true,"max_hp_per_floor":[80,80,80,80,80,80,80,80,87,87,87,87,87,87,87,87,87,87,87,87,92,92,92,92,92,92,92,92,92,92,92,92,92,92,92,92,92,92,92,92,92,92,92,92,92,92,92,92,92,92],"card_choices":[{"not_picked":["Offering","Impervious"],"picked":"Brutality","floor":0.0},{"not_picked":["Armaments","Rage"],"picked":"Headbutt","floor":1.0},{"not_picked":["Twin Strike","Wild Strike"],"picked":"Battle Trance","floor":2.0},{"not_picked":["Evolve","Warcry"],"picked":"Twin Strike","floor":3.0},{"not_picked":["Clothesline","Heavy Blade","Clash"],"picked":"SKIP","floor":7.0},{"not_picked":["Headbutt","Intimidate"],"picked":"Clothesline","floor":12.0},{"not_picked":["Headbutt","Thunderclap"],"picked":"Hemokinesis","floor":14.0},{"not_picked":["Limit Break","Immolate"],"picked":"Double Tap","floor":16.0},{"not_picked":["Combust","Anger"],"picked":"Sword Boomerang","floor":18.0},{"not_picked":["Infernal Blade","Sword Boomerang"],"picked":"Disarm","floor":22.0},{"not_picked":["Perfected Strike+1","Body Slam+1"],"picked":"Blood for Blood","floor":24.0},{"not_picked":["Bloodletting","Pommel Strike+1","Reckless Charge"],"picked":"SKIP","floor":25.0},{"not_picked":["Sword Boomerang","Anger"],"picked":"Headbutt+1","floor":27.0},{"not_picked":["Sentinel+1","Metallicize"],"picked":"Armaments","floor":28.0},{"not_picked":["Double Tap","Offering"],"picked":"Impervious","floor":33.0},{"not_picked":["Reckless Charge","Spot Weakness+1"],"picked":"Shrug It Off","floor":35.0},{"not_picked":["Blind","Dramatic Entrance"],"picked":"Secret Technique","floor":36.0},{"not_picked":["Chrysalis","Secret Technique"],"picked":"Dark Shackles","floor":36.0},{"not_picked":["Disarm+1","Pummel+1"],"picked":"Hemokinesis","floor":37.0},{"not_picked":["Headbutt+1","True Grit","Reckless Charge+1"],"picked":"SKIP","floor":38.0},{"not_picked":["Dual Wield+1","Warcry"],"picked":"Shockwave","floor":39.0},{"not_picked":["Barricade","Burning Pact+1","Clothesline+1"],"picked":"SKIP","floor":41.0},{"not_picked":["Thunderclap","Body Slam"],"picked":"Armaments+1","floor":48}],"player_experience":812000,"relics_obtained":[{"floor":7.0,"key":"Bag of Preparation"},{"floor":9.0,"key":"Strawberry"},{"floor":25.0,"key":"Sundial"},{"floor":26.0,"key":"Blood Vial"},{"floor":28.0,"key":"Mummified Hand"},{"floor":31.0,"key":"Charon\u0027s Ashes"},{"floor":31.0,"key":"Matryoshka"},{"floor":41.0,"key":"Art of War"},{"floor":43.0,"key":"MawBank"},{"floor":43.0,"key":"Meat on the Bone"},{"floor":46,"key":"Oddly Smooth Stone"},{"floor":46,"key":"Lantern"}],"event_choices":[{"damage_healed":0.0,"max_hp_gain":0.0,"max_hp_loss":0.0,"gold_gain":0.0,"event_name":"Liars Game","player_choice":"Ignored","floor":4.0,"gold_loss":0.0,"damage_taken":0.0},{"cards_removed":["Doubt"],"damage_healed":0.0,"max_hp_gain":0.0,"max_hp_loss":0.0,"gold_gain":0.0,"event_name":"Golden Wing","player_choice":"Card Removal","floor":5.0,"gold_loss":0.0,"damage_taken":7.0},{"damage_healed":0.0,"max_hp_gain":0.0,"max_hp_loss":0.0,"gold_gain":0.0,"event_name":"Shining Light","player_choice":"Entered Light","floor":11.0,"gold_loss":0.0,"damage_taken":17.0,"cards_upgraded":["Defend_R","Defend_R"]},{"cards_removed":["Strike_R"],"damage_healed":0.0,"max_hp_gain":0.0,"max_hp_loss":0.0,"gold_gain":0.0,"event_name":"Beggar","player_choice":"Gave Gold","floor":19.0,"gold_loss":75.0,"damage_taken":0.0},{"damage_healed":0.0,"max_hp_gain":5.0,"max_hp_loss":0.0,"gold_gain":0.0,"event_name":"Forgotten Altar","player_choice":"Shed Blood","floor":21.0,"gold_loss":0.0,"damage_taken":22.0},{"damage_healed":0.0,"max_hp_gain":0.0,"max_hp_loss":0.0,"gold_gain":0.0,"event_name":"Colosseum","player_choice":"Fight","floor":31.0,"gold_loss":0.0,"damage_taken":0.0},{"damage_healed":0.0,"max_hp_gain":0.0,"max_hp_loss":0.0,"gold_gain":0.0,"event_name":"Colosseum","player_choice":"Fought Nobs","floor":31.0,"gold_loss":0.0,"damage_taken":0.0},{"damage_healed":0.0,"max_hp_gain":0.0,"max_hp_loss":0.0,"gold_gain":0.0,"event_name":"SensoryStone","player_choice":"Memory 2","floor":36.0,"gold_loss":0.0,"damage_taken":5.0},{"damage_healed":0,"gold_gain":0,"player_choice":"Upgrade","damage_taken":0,"max_hp_gain":0,"max_hp_loss":0,"event_name":"Designer","floor":45,"gold_loss":40,"cards_upgraded":["Armaments"]}],"is_beta":false,"boss_relics":[{"not_picked":["Orrery","Lizard Tail"],"picked":"Runic Cube"},{"not_picked":["Astrolabe","Pandora\u0027s Box"],"picked":"Fusion Hammer"}],"items_purged_floors":[13,20,44],"is_endless":false,"potions_floor_spawned":[2,7,14,16,27,31,31,33,35,38],"ascension_level":6}