{"gold_per_floor":[114,126,203,216,233,233,259,276,276,34,34,51,69,100,100,199,199,216,56,72,72,92,107,119,25,50,78,78,78,2,33,45,159,171,201,229,21,421,437,437,465,465,490,74,100,117,117],"floor_reached":47,"playtime":7571,"items_purged":[],"score":612,"play_id":"d7c8e01c-cc46-4eea-b40e-c1d4604a7192","local_time":"20190711085303","is_ascension_mode":false,"campfire_choices":[{"data":"Corpse Explosion","floor":6.0,"key":"SMITH"},{"floor":11.0,"key":"REST"},{"floor":15.0,"key":"REST"},{"floor":29.0,"key":"REST"},{"floor":32.0,"key":"REST"},{"floor":40.0,"key":"REST"},{"floor":42.0,"key":"REST"}],"neow_cost":"NONE","seed_source_timestamp":1532024627544,"circlet_count":0,"master_deck":["Strike_G","Strike_G","Strike_G","Strike_G","Strike_G","Defend_G","Defend_G","Defend_G","Defend_G","Defend_G","Survivor+1","Neutralize","Deflect+1","Dash","Corpse Explosion+1","Escape Plan","Prepared","Bouncing Flask","Violence","Footwork","Underhanded Strike","Calculated Gamble","Distraction+1","Wraith Form v2","Well Laid Plans","Blade Dance+1","Bouncing Flask+1","Footwork","Prepared+1","PiercingWail+1","Caltrops","Crippling Poison+1","Caltrops","PiercingWail+1","Noxious Fumes","Caltrops","Well Laid Plans","A Thousand Cuts","Flying Knee+1","Dash","Infinite Blades","Blur+1","Escape Plan+1","Distraction+1","Deadly Poison+1","Dagger Throw","Panache","Good Instincts+1","Footwork","Deflect+1","Prepared+1","A Thousand Cuts","Outmaneuver+1"],"special_seed":0,"relics":["Ring of the Snake","Ancient Tea Set","Incense Burner","Toxic Egg 2","Sozu","Pen Nib","The Specimen","MawBank","Lizard Tail","Old Coin","Anchor","Boot","War Paint"],"potions_floor_usage":[],"damage_taken":[{"damage":2.0,"enemies":"Cultist","floor":1.0,"turns":5.0},{"damage":0.0,"enemies":"Small Slimes","floor":2.0,"turns":5.0},{"damage":0.0,"enemies":"2 Louse","floor":4.0,"turns":3.0},{"damage":0.0,"enemies":"Red Slaver","floor":5.0,"turns":5.0},{"damage":58.0,"enemies":"Gremlin Nob","floor":7.0,"turns":7.0},{"damage":0.0,"enemies":"Blue Slaver","floor":8.0,"turns":5.0},{"damage":2.0,"enemies":"Exordium Wildlife","floor":12.0,"turns":4.0},{"damage":0.0,"enemies":"Large Slime","floor":13.0,"turns":5.0},{"damage":17.0,"enemies":"3 Sentries","floor":14.0,"turns":5.0},{"damage":13.0,"enemies":"The Guardian","floor":16.0,"turns":13.0},{"damage":7.0,"enemies":"Shell Parasite","floor":18.0,"turns":7.0},{"damage":0.0,"enemies":"2 Thieves","floor":20.0,"turns":3.0},{"damage":28.0,"enemies":"Snake Plant","floor":22.0,"turns":6.0},{"damage":9.0,"enemies":"Centurion and Healer","floor":23.0,"turns":7.0},{"damage":19.0,"enemies":"3 Cultists","floor":24.0,"turns":5.0},{"damage":7.0,"enemies":"Gremlin Leader","floor":27.0,"turns":8.0},{"damage":20.0,"enemies":"Slavers","floor":31.0,"turns":3.0},{"damage":2.0,"enemies":"Champ","floor":33.0,"turns":13.0},{"damage":24.0,"enemies":"Orb Walker","floor":35.0,"turns":5.0},{"damage":53.0,"enemies":"3 Shapes","floor":36.0,"turns":3.0},{"damage":1.0,"enemies":"Mind Bloom Boss Battle","floor":38.0,"turns":8.0},{"damage":13.0,"enemies":"Spire Growth","floor":39.0,"turns":5.0},{"damage":39.0,"enemies":"Reptomancer","floor":41.0,"turns":6.0},{"damage":13,"enemies":"Nemesis","floor":45,"turns":8},{"damage":6,"enemies":"Maw","floor":46,"turns":8},{"damage":25,"enemies":"Jaw Worm Horde","floor":47,"turns":3}],"seed_played":"-591901129462929201","potions_obtained":[{"floor":4.0,"key":"PowerPotion"},{"floor":8.0,"key":"Dexterity Potion"},{"floor":12.0,"key":"PowerPotion"}],"is_trial":false,"path_per_floor":["M","M","?","M","M","R","E","M","T","$","R","M","M","E","R","B",null,"M","$","M","?","M","M","M","$","T","E","?","R","$","E","R","B",null,"M","M","$","?","M","R","E","R","T","$","E","M","M"],"character_chosen":"THE_SILENT","items_purchased":["Violence","Footwork","Blade Dance+1","Bouncing Flask+1","Footwork","Caltrops","PiercingWail+1","Caltrops","Infinite Blades","Blur+1","Escape Plan+1","Panache","Good Instincts+1","Footwork","Deflect+1","Prepared+1"],"campfire_rested":6,"item_purchase_floors":[10,10,19,19,19,25,25,30,37,37,37,44,44,44,44,44],"current_hp_per_floor":[75,75,75,75,75,75,17,17,17,17,40,38,38,21,44,31,77,70,70,70,70,42,33,14,14,14,7,7,30,30,10,33,31,77,53,38,38,37,24,47,8,31,31,31,18,12,0],"gold":117,"neow_bonus":"TEN_PERCENT_HP_BONUS","is_prod":false,"is_daily":false,"chose_seed":false,"campfire_upgraded":1,"win_rate":0.0,"timestamp":1562827983,"path_taken":["M","?","?","M","M","R","E","M","T","$","R","M","M","E","R","BOSS","M","$","M","?","M","M","?","?","T","E","?","R","$","E","R","BOSS","M","M","$","?","M","R","E","R","T","$","E","M","M"],"build_version":"2019-07-05","purchased_purges":0,"victory":false,"max_hp_per_floor":[77,77,77,77,77,77,77,77,77,77,77,77,77,77,77,77,77,77,77,77,77,77,77,77,77,77,77,77,77,77,77,77,77,77,77,77,77,77,77,77,77,77,77,77,77,77,77],"card_choices":[{"not_picked":["Quick Slash","Tactician"],"picked":"Deflect","floor":1.0},{"not_picked":["Sucker Punch","Acrobatics"],"picked":"Dash","floor":2.0},{"not_picked":["Riddle With Holes","Bane"],"picked":"Corpse Explosion","floor":4.0},{"not_picked":["Sucker Punch","Dodge and Roll"],"picked":"Escape Plan","floor":5.0},{"not_picked":["Tactician","Quick Slash"],"picked":"Prepared","floor":7.0},{"not_picked":["Underhanded Strike","Tactician"],"picked":"Bouncing Flask","floor":8.0},{"not_picked":["Sucker Punch","Dodge and Roll"],"picked":"Underhanded Strike","floor":12.0},{"not_picked":["Backflip","Poisoned Stab"],"picked":"Calculated Gamble","floor":13.0},{"not_picked":["Poisoned Stab","Masterful Stab"],"picked":"Distraction","floor":14.0},{"not_picked":["Tools of the Trade","Burst+1"],"picked":"Wraith Form v2","floor":16.0},{"not_picked":["Blade Dance+1","Underhanded Strike"],"picked":"Well Laid Plans","floor":18.0},{"not_picked":["Backstab","Underhanded Strike+1"],"picked":"Prepared+1","floor":20.0},{"not_picked":["Poisoned Stab","Slice+1"],"picked":"PiercingWail+1","floor":22.0},{"not_picked":["Backstab+1","Prepared+1"],"picked":"Caltrops","floor":23.0},{"not_picked":["Masterful Stab+1","Tactician+1"],"picked":"Crippling Poison+1","floor":24.0},{"not_picked":["Heel Hook","Dagger Spray"],"picked":"Noxious Fumes","floor":27.0},{"not_picked":["Glass Knife","Blade Dance+1"],"picked":"Well Laid Plans","floor":31.0},{"not_picked":["Corpse Explosion+1","Die Die Die"],"picked":"A Thousand Cuts","floor":33.0},{"not_picked":["Backstab","Dagger Throw"],"picked":"Flying Knee+1","floor":35.0},{"not_picked":["Dagger Throw","Dagger Spray+1"],"picked":"Dash","floor":36.0},{"not_picked":["Quick Slash+1","Expertise+1"],"picked":"Distraction+1","floor":38.0},{"not_picked":["Leg Sweep+1","Flying Knee+1"],"picked":"Deadly Poison+1","floor":39.0},{"not_picked":["Blade Dance+1","Skewer+1"],"picked":"Dagger Throw","floor":41.0},{"not_picked":["Deflect+1","Well Laid Plans"],"picked":"A Thousand Cuts","floor":45},{"not_picked":["Blade Dance+1","Quick Slash+1"],"picked":"Outmaneuver+1","floor":46}],"player_experience":59945,"relics_obtained":[{"floor":7.0,"key":"Ancient Tea Set"},{"floor":9.0,"key":"Incense Burner"},{"floor":14.0,"key":"Toxic Egg 2"},{"floor":26.0,"key":"Pen Nib"},{"floor":27.0,"key":"The Specimen"},{"floor":31.0,"key":"MawBank"},{"floor":38.0,"key":"Old Coin"},{"floor":41.0,"key":"Anchor"},{"floor":43.0,"key":"Boot"},{"floor":45,"key":"War Paint"}],"event_choices":[{"damage_healed":0.0,"max_hp_gain":0.0,"max_hp_loss":0.0,"gold_gain":77.0,"event_name":"Golden Wing","player_choice":"Gained Gold","floor":3.0,"gold_loss":0.0,"damage_taken":0.0},{"damage_healed":0.0,"max_hp_gain":0.0,"max_hp_loss":0.0,"gold_gain":0.0,"event_name":"Match and Keep!","player_choice":"0 cards matched","floor":21.0,"gold_loss":0.0,"damage_taken":0.0,"cards_obtained":[]},{"damage_healed":0.0,"max_hp_gain":0.0,"max_hp_loss":0.0,"gold_gain":0.0,"event_name":"Beggar","player_choice":"Ignored","floor":28.0,"gold_loss":0.0,"damage_taken":0.0},{"damage_healed":0.0,"max_hp_gain":0.0,"max_hp_loss":0.0,"gold_gain":0.0,"event_name":"MindBloom","player_choice":"Fight","floor":38.0,"gold_loss":0.0,"damage_taken":0.0}],"is_beta":false,"boss_relics":[{"not_picked":["Astrolabe","Velvet Choker"],"picked":"Sozu"},{"not_picked":["Snecko Eye","Calling Bell"],"picked":"Lizard Tail"}],"items_purged_floors":[],"is_endless":false,"potions_floor_spawned":[4,8,12,13,18,23,27,35,38,39],"killed_by":"Jaw Worm Horde","ascension_level":0}