{"gold_per_floor":[113,113,113,129,149,149,74,87,110,150,8,34,34,53,53,127,127,142,142,6,23,41,76,15,33,33,33,49,65,65],"floor_reached":30,"playtime":1646,"items_purged":["Defend_B"],"score":479,"play_id":"c9218b63-0f34-4c88-8115-8f33b53af336","local_time":"20190802121456","is_ascension_mode":true,"campfire_choices":[{"data":"Loop","floor":6.0,"key":"SMITH"},{"floor":13.0,"key":"REST"},{"data":"Zap","floor":15.0,"key":"SMITH"},{"floor":27,"key":"REST"}],"neow_cost":"NONE","seed_source_timestamp":1784053199724021,"circlet_count":0,"master_deck":["AscendersBane","Strike_B+1","Strike_B+1","Defend_B","Defend_B","Defend_B","Zap+1","Dualcast","White Noise+1","Loop+1","Coolheaded","Chill","Leap","Self Repair","Self Repair","Leap","Rainbow","Darkness","Buffer","Buffer","Glacier","Ball Lightning","Gash+1","Streamline","Glacier","Ball Lightning"],"special_seed":0,"relics":["Runic Pyramid","Dream Catcher","MawBank","Whetstone","Lantern","Busted Crown","Potion Belt","Pen Nib","Dodecahedron"],"potions_floor_usage":[23,23,25,30],"damage_taken":[{"damage":2.0,"enemies":"Cultist","floor":1.0,"turns":4.0},{"damage":20.0,"enemies":"Jaw Worm","floor":4.0,"turns":5.0},{"damage":15.0,"enemies":"Small Slimes","floor":5.0,"turns":3.0},{"damage":12.0,"enemies":"Looter","floor":8.0,"turns":5.0},{"damage":10.0,"enemies":"Lagavulin","floor":10.0,"turns":7.0},{"damage":11.0,"enemies":"Exordium Wildlife","floor":14.0,"turns":5.0},{"damage":12.0,"enemies":"Hexaghost","floor":16.0,"turns":14.0},{"damage":7.0,"enemies":"3 Byrds","floor":18.0,"turns":5.0},{"damage":0.0,"enemies":"Spheric Guardian","floor":21.0,"turns":6.0},{"damage":14.0,"enemies":"Centurion and Healer","floor":22.0,"turns":6.0},{"damage":46,"enemies":"Slavers","floor":23,"turns":6},{"damage":3,"enemies":"Snake Plant","floor":25,"turns":6},{"damage":0,"enemies":"Cultist and Chosen","floor":28,"turns":8},{"damage":24,"enemies":"Shelled Parasite and Fungi","floor":29,"turns":6},{"damage":71,"enemies":"Book of Stabbing","floor":30,"turns":6}],"seed_played":"-7139775232961961077","potions_obtained":[{"floor":4.0,"key":"Poison Potion"},{"floor":5.0,"key":"Explosive Potion"},{"floor":10.0,"key":"GamblersBrew"},{"floor":16.0,"key":"PowerPotion"},{"floor":22.0,"key":"GamblersBrew"},{"floor":23,"key":"Weak Potion"},{"floor":29,"key":"Energy Potion"}],"is_trial":false,"path_per_floor":["M","?","?","M","M","R","?","M","T","E","$","T","R","M","R","B",null,"M","?","$","M","M","E","?","M","T","R","M","M","E"],"character_chosen":"DEFECT","items_purchased":["Self Repair","Glacier","Ball Lightning"],"campfire_rested":2,"item_purchase_floors":[11,20,20],"current_hp_per_floor":[62,62,62,42,27,27,27,15,15,5,5,5,26,29,29,31,61,68,68,68,71,71,32,32,50,50,71,71,68,0],"gold":65,"neow_bonus":"BOSS_RELIC","is_prod":false,"is_daily":false,"chose_seed":false,"campfire_upgraded":2,"win_rate":0,"timestamp":1564762496,"path_taken":["M","?","?","M","M","R","?","M","T","E","$","?","R","M","R","BOSS","M","?","$","M","M","E","?","?","T","R","M","M","E"],"build_version":"2019-07-17","purchased_purges":1,"victory":false,"max_hp_per_floor":[71,71,71,71,71,71,71,71,71,71,71,71,71,71,71,71,71,71,71,71,71,71,71,71,71,71,71,71,71,71],"card_choices":[{"not_picked":["Barrage","Beam Cell"],"picked":"White Noise","floor":1.0},{"not_picked":["Coolheaded","Sweeping Beam"],"picked":"Loop","floor":4.0},{"not_picked":["Barrage","Turbo"],"picked":"Coolheaded","floor":5.0},{"not_picked":["Compile Driver","Stack"],"picked":"Chill","floor":8.0},{"not_picked":["Double Energy","Barrage"],"picked":"Leap","floor":10.0},{"not_picked":["Turbo","Hologram"],"picked":"Self Repair","floor":13.0},{"not_picked":["Turbo","Thunder Strike"],"picked":"Leap","floor":14.0},{"not_picked":["Thunder Strike","Multi-Cast"],"picked":"Rainbow","floor":16.0},{"not_picked":[],"picked":"Darkness","floor":18.0},{"not_picked":[],"picked":"Gash+1","floor":21.0},{"not_picked":[],"picked":"Streamline","floor":22.0},{"not_picked":["Rip and Tear"],"picked":"SKIP","floor":23},{"not_picked":[],"picked":"Glacier","floor":25},{"not_picked":[],"picked":"Ball Lightning","floor":27},{"not_picked":["Scrape"],"picked":"SKIP","floor":28},{"not_picked":["Ball Lightning+1"],"picked":"SKIP","floor":29}],"player_experience":968947,"relics_obtained":[{"floor":9.0,"key":"MawBank"},{"floor":10.0,"key":"Whetstone"},{"floor":12.0,"key":"Lantern"},{"floor":23,"key":"Potion Belt"},{"floor":26,"key":"Dodecahedron"}],"event_choices":[{"damage_healed":0.0,"max_hp_gain":0.0,"max_hp_loss":0.0,"gold_gain":0.0,"event_name":"Living Wall","player_choice":"Grow","floor":2.0,"gold_loss":0.0,"damage_taken":0.0,"cards_upgraded":["White Noise"]},{"damage_healed":0.0,"max_hp_gain":0.0,"max_hp_loss":0.0,"gold_gain":0.0,"event_name":"Big Fish","player_choice":"Box","floor":3.0,"gold_loss":0.0,"damage_taken":0.0,"relics_obtained":["Dream Catcher"],"cards_obtained":["Regret"]},{"cards_removed":["Regret"],"damage_healed":0.0,"max_hp_gain":0.0,"max_hp_loss":0.0,"gold_gain":0.0,"event_name":"The Cleric","player_choice":"Card Removal","floor":7.0,"gold_loss":75.0,"damage_taken":0.0},{"damage_healed":0.0,"max_hp_gain":0.0,"max_hp_loss":0.0,"gold_gain":0.0,"cards_transformed":["Strike_B","Strike_B"],"event_name":"Drug Dealer","player_choice":"Became Test Subject","floor":19.0,"gold_loss":0.0,"damage_taken":0.0,"cards_obtained":["Buffer","Buffer"]},{"damage_healed":0,"gold_gain":0,"player_choice":"Paid Gold","damage_taken":0,"relics_obtained":["Pen Nib"],"max_hp_gain":0,"max_hp_loss":0,"event_name":"WeMeetAgain","floor":24,"gold_loss":61}],"is_beta":false,"boss_relics":[{"not_picked":["Pandora\u0027s Box","Orrery"],"picked":"Busted Crown"}],"items_purged_floors":[11],"is_endless":false,"potions_floor_spawned":[4,5,10,16,18,22,23,29],"killed_by":"Book of Stabbing","ascension_level":18}