{"gold_per_floor":[119,119,194,41,52,52,66,66,93,93,123,123,138,138,138,138],"floor_reached":16,"playtime":557,"items_purged":["Defend_G"],"score":127,"play_id":"954a83b9-282f-47c6-8f1b-6b1ec8b76f34","local_time":"20190128131706","is_ascension_mode":true,"campfire_choices":[{"data":"Calculated Gamble","floor":6,"key":"SMITH"},{"data":"Footwork","floor":8,"key":"SMITH"},{"data":"Reflex","floor":12,"key":"SMITH"},{"data":"Survivor","floor":15,"key":"SMITH"}],"neow_cost":"NONE","seed_source_timestamp":4642067244580064,"circlet_count":0,"master_deck":["Defend_G","Defend_G","Defend_G","Strike_G+1","Strike_G","Strike_G","Strike_G","Strike_G","Survivor+1","Neutralize","Leg Sweep+1","Calculated Gamble+1","Underhanded Strike","Acrobatics","Footwork+1","Reflex+1","Acrobatics","Parasite"],"relics":["Busted Crown","Lantern","Blue Candle"],"potions_floor_usage":[16,16],"damage_taken":[{"damage":1,"enemies":"Cultist","floor":1,"turns":4},{"damage":0,"enemies":"Jaw Worm","floor":5,"turns":3},{"damage":0,"enemies":"Small Slimes","floor":7,"turns":3},{"damage":17,"enemies":"Gremlin Nob","floor":11,"turns":5},{"damage":0,"enemies":"3 Louse","floor":13,"turns":5},{"damage":37,"enemies":"Hexaghost","floor":16,"turns":13}],"seed_played":"4402614214974189139","potions_obtained":[{"floor":1,"key":"SpeedPotion"},{"floor":11,"key":"AttackPotion"},{"floor":13,"key":"AttackPotion"}],"is_trial":false,"path_per_floor":["M","?","?","$","M","R","M","R","T","?","E","R","M","?","R","B"],"character_chosen":"THE_SILENT","items_purchased":["Underhanded Strike","Acrobatics"],"campfire_rested":0,"item_purchase_floors":[4,4],"current_hp_per_floor":[62,62,51,51,51,51,51,51,51,37,20,20,20,37,37,0],"gold":138,"neow_bonus":"BOSS_RELIC","is_prod":false,"is_daily":false,"chose_seed":false,"campfire_upgraded":4,"win_rate":0,"timestamp":1548699426,"path_taken":["M","?","?","$","M","R","M","R","T","?","E","R","M","?","R","BOSS"],"build_version":"2019-01-23","purchased_purges":1,"victory":false,"max_hp_per_floor":[70,70,70,70,70,70,70,70,70,70,70,70,70,70,70,70],"card_choices":[{"not_picked":[],"picked":"Leg Sweep","floor":1},{"not_picked":["Choke"],"picked":"SKIP","floor":5},{"not_picked":[],"picked":"Footwork","floor":7},{"not_picked":[],"picked":"Reflex","floor":11},{"not_picked":[],"picked":"Acrobatics","floor":13}],"player_experience":361426,"relics_obtained":[{"floor":9,"key":"Lantern"},{"floor":11,"key":"Blue Candle"}],"event_choices":[{"damage_healed":0,"gold_gain":0,"cards_transformed":["Defend_G"],"player_choice":"Change","damage_taken":0,"max_hp_gain":0,"max_hp_loss":0,"event_name":"Living Wall","floor":2,"gold_loss":0,"cards_obtained":["Calculated Gamble"]},{"damage_healed":0,"gold_gain":75,"player_choice":"Gather Gold","damage_taken":11,"max_hp_gain":0,"max_hp_loss":0,"event_name":"World of Goop","floor":3,"gold_loss":0},{"damage_healed":0,"gold_gain":0,"player_choice":"Entered Light","damage_taken":14,"max_hp_gain":0,"max_hp_loss":0,"event_name":"Shining Light","floor":10,"gold_loss":0,"cards_upgraded":["Strike_G","Leg Sweep"]},{"damage_healed":17,"gold_gain":0,"player_choice":"Healed and dodged fight","damage_taken":0,"max_hp_gain":0,"max_hp_loss":0,"event_name":"Mushrooms","floor":14,"gold_loss":0,"cards_obtained":["Parasite"]}],"is_beta":false,"boss_relics":[],"items_purged_floors":[4],"is_endless":false,"potions_floor_spawned":[1,11,13],"killed_by":"Hexaghost","ascension_level":6}