{"gold_per_floor":[17,17,17,17,36,69,69,103,126,139,209,224,235,253,253,253],"floor_reached":16,"playtime":519,"items_purged":[],"score":176,"play_id":"0f0a7152-8571-475b-917f-d6d545d0946e","local_time":"20190202202915","is_ascension_mode":true,"campfire_choices":[{"floor":7.0,"key":"REST"},{"floor":15,"key":"DIG"}],"neow_cost":"NO_GOLD","seed_source_timestamp":0,"circlet_count":0,"master_deck":["Strike_B","Strike_B+1","Strike_B+1","Strike_B","Defend_B","Defend_B","Defend_B","Defend_B","Zap","Dualcast","Go for the Eyes+1","Go for the Eyes","Conserve Battery","Conserve Battery","Core Surge","Go for the Eyes","Go for the Eyes","Coolheaded"],"special_seed":0,"relics":["Cracked Core","Nunchaku","Blood Vial","Shovel","Pen Nib","Matryoshka","Smiling Mask"],"potions_floor_usage":[16],"damage_taken":[{"damage":1.0,"enemies":"2 Louse","floor":1.0,"turns":3.0},{"damage":4.0,"enemies":"Jaw Worm","floor":5.0,"turns":3.0},{"damage":25.0,"enemies":"Lagavulin","floor":6.0,"turns":7.0},{"damage":21.0,"enemies":"Gremlin Nob","floor":8.0,"turns":4.0},{"damage":0.0,"enemies":"Cultist","floor":10.0,"turns":3.0},{"damage":0,"enemies":"2 Fungi Beasts","floor":12,"turns":2},{"damage":8,"enemies":"Large Slime","floor":13,"turns":5},{"damage":3,"enemies":"Looter","floor":14,"turns":3},{"damage":25,"enemies":"Slime Boss","floor":16,"turns":5}],"seed_played":"1008214210686777932","potions_obtained":[{"floor":6.0,"key":"Poison Potion"},{"floor":8.0,"key":"GamblersBrew"},{"floor":12,"key":"SpeedPotion"}],"is_trial":false,"path_per_floor":["M","?","?","?","M","E","R","E","T","M","T","M","M","M","R","B"],"character_chosen":"DEFECT","items_purchased":[],"campfire_rested":1,"item_purchase_floors":[],"current_hp_per_floor":[67,52,52,52,48,23,45,26,26,28,28,30,24,23,23,0],"gold":253,"neow_bonus":"ONE_RARE_RELIC","is_prod":false,"is_daily":false,"chose_seed":false,"campfire_upgraded":0,"win_rate":0,"timestamp":1549157355,"path_taken":["M","?","?","?","M","E","R","E","T","M","?","M","M","M","R","BOSS"],"build_version":"2019-01-23","purchased_purges":0,"victory":false,"max_hp_per_floor":[75,75,75,75,75,75,75,75,75,75,75,75,75,75,75,75],"card_choices":[{"not_picked":["Reinforced Body","Sunder"],"picked":"Go for the Eyes","floor":1.0},{"not_picked":["Rebound","Hologram"],"picked":"Go for the Eyes","floor":5.0},{"not_picked":["Ball Lightning","Stack"],"picked":"Conserve Battery","floor":6.0},{"not_picked":["Fusion","Barrage"],"picked":"Conserve Battery","floor":8.0},{"not_picked":["Ball Lightning","Blizzard"],"picked":"Core Surge","floor":10},{"not_picked":["Streamline","Redo"],"picked":"Go for the Eyes","floor":12},{"not_picked":["Ball Lightning","Hologram"],"picked":"Go for the Eyes","floor":13},{"not_picked":["Reprogram","Reinforced Body"],"picked":"Coolheaded","floor":14}],"player_experience":388861,"relics_obtained":[{"floor":6.0,"key":"Blood Vial"},{"floor":8.0,"key":"Shovel"},{"floor":9.0,"key":"Pen Nib"},{"floor":11,"key":"Matryoshka"},{"floor":15,"key":"Smiling Mask"}],"event_choices":[{"damage_healed":0.0,"max_hp_gain":0.0,"max_hp_loss":0.0,"gold_gain":0.0,"event_name":"Shining Light","player_choice":"Entered Light","floor":2.0,"gold_loss":0.0,"damage_taken":15.0,"cards_upgraded":["Strike_B","Strike_B"]},{"damage_healed":0.0,"max_hp_gain":0.0,"max_hp_loss":0.0,"gold_gain":0.0,"event_name":"Liars Game","player_choice":"Ignored","floor":3.0,"gold_loss":0.0,"damage_taken":0.0},{"damage_healed":0.0,"max_hp_gain":0.0,"max_hp_loss":0.0,"gold_gain":0.0,"event_name":"Living Wall","player_choice":"Grow","floor":4.0,"gold_loss":0.0,"damage_taken":0.0,"cards_upgraded":["Go for the Eyes"]}],"is_beta":false,"boss_relics":[],"items_purged_floors":[],"is_endless":false,"potions_floor_spawned":[6,8,12],"killed_by":"Slime Boss","ascension_level":7}