{"path_per_floor":["M","?","$","?","M","R","M","$","T","E","M","$","?","E","R","B",null,"M","M","?","M","?","R","?","?","T","E","?","M","$","M","R","B",null,"M","?","?","?","T","R","$","?","T","R","?","M","$","M","R"],"character_chosen":"IRONCLAD","items_purchased":["Whirlwind","Bronze Scales","Strength Potion","Strength Potion"],"gold_per_floor":[119,193,6,6,21,21,35,35,35,65,85,10,10,41,41,143,143,155,166,166,177,177,177,127,127,152,182,182,194,43,60,60,160,160,173,173,173,173,173,173,48,48,75,75,75,87,38,50,50],"floor_reached":50,"campfire_rested":2,"playtime":1366,"current_hp_per_floor":[70,70,70,70,76,76,80,80,80,66,65,65,65,71,71,72,80,71,77,77,83,67,67,67,67,67,47,47,35,35,41,80,35,83,77,77,77,83,83,83,83,73,73,73,73,79,79,44,85],"items_purged":["Strike_R","Decay","Strike_R"],"gold":50,"score":612,"play_id":"aede1d63-9be9-4609-944e-ce66b4532744","local_time":"20180310164848","is_prod":false,"is_daily":false,"is_ascension_mode":true,"campfire_upgraded":5,"timestamp":1520696928,"path_taken":["M","?","$","?","M","R","M","$","T","E","?","$","?","E","R","BOSS","M","M","?","M","?","R","?","?","T","E","?","M","$","M","R","BOSS","M","?","?","?","?","R","$","?","T","R","?","M","$","M","R","BOSS"],"build_version":"2018-03-09","purchased_purges":3,"victory":false,"master_deck":["Strike_R","Strike_R","Strike_R","Defend_R","Defend_R","Defend_R","Defend_R","Bash","Bludgeon+1","Whirlwind+1","Inflame+1","Feed+1","Offering+1","Flex+1","Madness+1","Madness"],"max_hp_per_floor":[80,80,80,80,80,80,80,80,80,80,80,80,80,80,80,80,80,83,83,83,83,83,83,83,83,83,83,83,83,83,83,83,83,83,83,83,83,83,83,83,83,83,83,83,83,83,83,87,87],"relics":["Burning Blood","Bronze Scales","Bottled Tornado","Frozen Egg 2","Juzu Bracelet","Snecko Eye","Enchiridion","Happy Flower","Regal Pillow","Oddly Smooth Stone","Orrery","Anchor","Bag of Preparation"],"card_choices":[{"not_picked":["Anger","Inflame"],"picked":"Bludgeon"},{"not_picked":["Combust","Searing Blow"],"picked":"Inflame"},{"not_picked":["Clothesline","Anger"],"picked":"Inflame"},{"not_picked":["Barricade","Fiend Fire"],"picked":"Feed"},{"not_picked":["Feed","Impervious"],"picked":"Offering"},{"not_picked":["Limit Break","True Grit"],"picked":"Flex"}],"player_experience":261274,"potions_floor_usage":[14,27,27,33,33,33,50,50],"damage_taken":[{"damage":16,"enemies":"Jaw Worm","floor":1,"turns":4},{"damage":0,"enemies":"2 Louse","floor":5,"turns":2},{"damage":0,"enemies":"Small Slimes","floor":7,"turns":2},{"damage":20,"enemies":"Lagavulin","floor":10,"turns":4},{"damage":7,"enemies":"Looter","floor":11,"turns":3},{"damage":0,"enemies":"3 Sentries","floor":14,"turns":2},{"damage":5,"enemies":"Slime Boss","floor":16,"turns":9},{"damage":18,"enemies":"2 Thieves","floor":18,"turns":3},{"damage":0,"enemies":"Chosen","floor":19,"turns":2},{"damage":0,"enemies":"Snecko","floor":21,"turns":2},{"damage":35,"enemies":"Gremlin Leader","floor":27,"turns":5},{"damage":18,"enemies":"Snake Plant","floor":29,"turns":2},{"damage":0,"enemies":"3 Cultists","floor":31,"turns":3},{"damage":51,"enemies":"Collector","floor":33,"turns":5},{"damage":12,"enemies":"3 Shapes","floor":35,"turns":1},{"damage":0,"enemies":"Orb Walker","floor":46,"turns":1},{"damage":45,"enemies":"4 Shapes","floor":48,"turns":3},{"damage":110,"enemies":"Awakened One","floor":50,"turns":6}],"event_choices":[{"event_name":"Golden Wing","player_choice":"Gained Gold","floor":2,"damage_taken":0},{"event_name":"Living Wall","player_choice":"Grow","floor":4,"damage_taken":0},{"event_name":"Liars Game","player_choice":"disagreed","floor":13,"damage_taken":0},{"event_name":"Vampires","player_choice":"Ignored","floor":20,"damage_taken":0},{"event_name":"Cursed Tome","player_choice":"Obtained Book","floor":22,"damage_taken":0},{"event_name":"The Joust","player_choice":"Bet on Murderer","floor":24,"damage_taken":0},{"event_name":"The Mausoleum","player_choice":"Yes","floor":25,"damage_taken":0},{"event_name":"Forgotten Altar","player_choice":"Smashed Altar","floor":28,"damage_taken":0},{"event_name":"Tomb of Lord Red Mask","player_choice":"Ignored","floor":36,"damage_taken":0},{"event_name":"Mysterious Sphere","player_choice":"Ignore","floor":37,"damage_taken":0},{"event_name":"Wheel of Change","player_choice":"Full Heal","floor":38,"damage_taken":0},{"event_name":"Winding Halls","player_choice":"Embrace Madness","floor":42,"damage_taken":0}],"boss_relics":[{"not_picked":["Runic Pyramid","Tiny House"],"picked":"Snecko Eye"},{"not_picked":["Calling Bell","Pandora\u0027s Box"],"picked":"Orrery"}],"potions_floor_spawned":[5,7,14,29,31,35],"seed_played":"2875509701486265892","killed_by":"Awakened One","ascension_level":4,"is_trial":false}