{"gold_per_floor":[110,127,138,138,151,164,183,183,183,208,208,208,96,130,130,235,235,247,261,281,141,151,151,183,183,183,183,183,210,238,257,257,257],"floor_reached":33,"playtime":2941,"items_purged":["Strike_B","Strike_B"],"score":352,"play_id":"ec9b5c3a-c44c-4e6c-8185-84b122d7048d","local_time":"20190213224041","is_ascension_mode":true,"campfire_choices":[{"floor":8,"key":"REST"},{"data":"Consume","floor":12,"key":"SMITH"},{"data":"Dualcast","floor":15,"key":"SMITH"},{"floor":23,"key":"REST"},{"data":"Go for the Eyes","floor":28,"key":"SMITH"},{"floor":32,"key":"REST"}],"neow_cost":"NONE","seed_source_timestamp":1381221165187400,"circlet_count":0,"master_deck":["Strike_B","Defend_B+1","Defend_B+1","Defend_B+1","Defend_B+1","Zap","Dualcast+1","Gash","Ball Lightning","Cold Snap","Ball Lightning","Cold Snap","Consume+1","Scrape","Seek","Gash","Gash","Scrape","Gash+1","Go for the Eyes+1","Leap","FTL","Stack+1","Hologram+1","Chill+1"],"relics":["Cracked Core","Ancient Tea Set","Centennial Puzzle","War Paint","Orrery","Toxic Egg 2","Incense Burner","Happy Flower","Singing Bowl"],"potions_floor_usage":[2,10,14,20,24,33],"damage_taken":[{"damage":0,"enemies":"Cultist","floor":1,"turns":4},{"damage":0,"enemies":"2 Louse","floor":2,"turns":2},{"damage":8,"enemies":"Small Slimes","floor":3,"turns":3},{"damage":5,"enemies":"3 Louse","floor":5,"turns":3},{"damage":3,"enemies":"Blue Slaver","floor":6,"turns":3},{"damage":0,"enemies":"Exordium Wildlife","floor":7,"turns":3},{"damage":6,"enemies":"Gremlin Nob","floor":10,"turns":3},{"damage":12,"enemies":"Lagavulin","floor":14,"turns":4},{"damage":9,"enemies":"The Guardian","floor":16,"turns":10},{"damage":10,"enemies":"3 Byrds","floor":18,"turns":4},{"damage":2,"enemies":"Chosen","floor":19,"turns":4},{"damage":10,"enemies":"Snecko","floor":20,"turns":4},{"damage":30,"enemies":"Snake Plant","floor":22,"turns":5},{"damage":18,"enemies":"Slavers","floor":24,"turns":4},{"damage":25,"enemies":"Gremlin Leader","floor":30,"turns":6},{"damage":25,"enemies":"Centurion and Healer","floor":31,"turns":4},{"damage":27,"enemies":"Automaton","floor":33,"turns":6}],"seed_played":"-3141192277907820100","potions_obtained":[{"floor":0,"key":"Dexterity Potion"},{"floor":0,"key":"Fire Potion"},{"floor":0,"key":"Swift Potion"},{"floor":3,"key":"PowerPotion"},{"floor":6,"key":"FearPotion"},{"floor":10,"key":"AttackPotion"},{"floor":16,"key":"PowerPotion"},{"floor":18,"key":"EntropicBrew"},{"floor":19,"key":"FocusPotion"},{"floor":22,"key":"Dexterity Potion"},{"floor":31,"key":"Dexterity Potion"}],"is_trial":false,"path_per_floor":["M","M","M","?","M","M","M","R","T","E","?","R","$","E","R","B",null,"M","M","M","$","M","R","E","?","T","?","R","T","E","M","R","B"],"character_chosen":"DEFECT","items_purchased":["Scrape","FTL"],"campfire_rested":3,"item_purchase_floors":[13,21],"current_hp_per_floor":[75,75,67,52,47,44,44,66,66,60,60,60,60,48,48,39,75,65,63,53,53,23,45,27,27,27,52,52,52,29,4,27,0],"gold":257,"neow_bonus":"THREE_SMALL_POTIONS","is_prod":false,"is_daily":false,"chose_seed":false,"campfire_upgraded":3,"win_rate":0,"timestamp":1550094041,"path_taken":["M","M","M","?","M","M","M","R","T","E","?","R","$","E","R","BOSS","M","M","M","$","M","R","E","?","T","?","R","?","E","M","R","BOSS"],"build_version":"2019-01-23","purchased_purges":2,"victory":false,"max_hp_per_floor":[75,75,75,75,75,75,75,75,75,75,75,75,75,75,75,75,75,75,75,75,75,75,75,75,75,75,75,75,75,77,77,77,77],"card_choices":[{"not_picked":["Stack","Steam"],"picked":"Gash","floor":1},{"not_picked":["Recycle","Turbo"],"picked":"Ball Lightning","floor":2},{"not_picked":["Beam Cell","Barrage"],"picked":"Cold Snap","floor":3},{"not_picked":["Thunder Strike","Redo"],"picked":"Ball Lightning","floor":5},{"not_picked":["Blizzard","Beam Cell"],"picked":"Cold Snap","floor":6},{"not_picked":["Lockon","Reprogram","Static Discharge"],"picked":"SKIP","floor":7},{"not_picked":["Skim","Multi-Cast"],"picked":"Consume","floor":10},{"not_picked":["Lockon","Stack","Heatsinks"],"picked":"SKIP","floor":14},{"not_picked":["Meteor Strike","Amplify"],"picked":"Seek","floor":16},{"not_picked":["Streamline","Redo"],"picked":"Gash","floor":17},{"not_picked":["Multi-Cast","Rebound"],"picked":"Gash","floor":17},{"not_picked":["Beam Cell","Tempest"],"picked":"Scrape","floor":17},{"not_picked":["Conserve Battery","Melter"],"picked":"Gash+1","floor":18},{"not_picked":["Chaos+1","Melter"],"picked":"Go for the Eyes","floor":19},{"not_picked":["Turbo","Streamline"],"picked":"Leap","floor":20},{"not_picked":["Redo","Leap"],"picked":"Stack+1","floor":22},{"not_picked":["Compile Driver","Darkness+1"],"picked":"Hologram+1","floor":24},{"not_picked":["Beam Cell","Thunder Strike","Darkness+1"],"picked":"Singing Bowl","floor":30},{"not_picked":["Recycle+1","Darkness+1"],"picked":"Chill+1","floor":31}],"player_experience":161506,"relics_obtained":[{"floor":9,"key":"Ancient Tea Set"},{"floor":10,"key":"Centennial Puzzle"},{"floor":14,"key":"War Paint"},{"floor":24,"key":"Toxic Egg 2"},{"floor":26,"key":"Incense Burner"},{"floor":29,"key":"Happy Flower"},{"floor":30,"key":"Singing Bowl"}],"event_choices":[{"damage_healed":0,"gold_gain":0,"player_choice":"Entered Light","damage_taken":15,"max_hp_gain":0,"max_hp_loss":0,"event_name":"Shining Light","floor":4,"gold_loss":0,"cards_upgraded":["Defend_B","Defend_B"]},{"cards_removed":["Strike_B"],"damage_healed":0,"gold_gain":0,"player_choice":"Forget","damage_taken":0,"max_hp_gain":0,"max_hp_loss":0,"event_name":"Living Wall","floor":11,"gold_loss":0},{"damage_healed":0,"gold_gain":0,"player_choice":"Ignored","damage_taken":0,"max_hp_gain":0,"max_hp_loss":0,"event_name":"Ghosts","floor":25,"gold_loss":0},{"damage_healed":25,"gold_gain":0,"player_choice":"Heal","damage_taken":0,"max_hp_gain":0,"max_hp_loss":0,"event_name":"The Library","floor":27,"gold_loss":0}],"is_beta":false,"boss_relics":[{"not_picked":["Pandora\u0027s Box","Runic Pyramid"],"picked":"Orrery"}],"items_purged_floors":[13,21],"is_endless":false,"potions_floor_spawned":[3,6,10,16,18,19,22,31],"killed_by":"Automaton","ascension_level":2}