{"gold_per_floor":[115,130,405,424,434,434,14,14,14,30,42,42,57,73,73,169,169,186,197,197],"floor_reached":20,"playtime":6612,"items_purged":[],"score":169,"play_id":"79b55d6c-9294-421c-b992-ace90084f6f5","local_time":"20190128202848","is_ascension_mode":false,"campfire_choices":[{"data":"Buffer","floor":6,"key":"SMITH"},{"data":"Defragment","floor":15,"key":"SMITH"}],"neow_cost":"NONE","seed_source_timestamp":7556845943795,"circlet_count":0,"master_deck":["Strike_B","Strike_B","Strike_B","Strike_B","Defend_B","Defend_B","Defend_B","Defend_B","Zap","Dualcast","Compile Driver","Ball Lightning","Buffer+1","Force Field","Bandage Up","Hello World","Self Repair","Steam","Defragment+1","Darkness","Creative AI","Loop+1","Gash"],"relics":["Cracked Core","NeowsBlessing","Ice Cream","Bottled Tornado","Spirit Poop","Coffee Dripper"],"potions_floor_usage":[10,14,16,16,18],"damage_taken":[{"damage":0,"enemies":"2 Louse","floor":1,"turns":1},{"damage":0,"enemies":"Cultist","floor":2,"turns":1},{"damage":0,"enemies":"Jaw Worm","floor":4,"turns":1},{"damage":13,"enemies":"Exordium Wildlife","floor":5,"turns":4},{"damage":2,"enemies":"Blue Slaver","floor":10,"turns":3},{"damage":26,"enemies":"Large Slime","floor":11,"turns":6},{"damage":0,"enemies":"Looter","floor":13,"turns":4},{"damage":17,"enemies":"Blue Slaver","floor":14,"turns":5},{"damage":30,"enemies":"The Guardian","floor":16,"turns":8},{"damage":17,"enemies":"3 Byrds","floor":18,"turns":3},{"damage":4,"enemies":"Chosen","floor":19,"turns":5},{"damage":41,"enemies":"Colosseum Slavers","floor":20,"turns":5},{"damage":58,"enemies":"Colosseum Nobs","floor":20,"turns":6}],"seed_played":"6055740691011055720","potions_obtained":[{"floor":2,"key":"AttackPotion"},{"floor":5,"key":"SkillPotion"},{"floor":8,"key":"Ancient Potion"},{"floor":8,"key":"Energy Potion"},{"floor":8,"key":"Regen Potion"},{"floor":10,"key":"Poison Potion"},{"floor":16,"key":"PowerPotion"}],"is_trial":false,"path_per_floor":["M","M","?","M","M","R","$","?","T","M","M","?","M","M","R","B",null,"M","M","?"],"character_chosen":"DEFECT","items_purchased":["Bandage Up","Ice Cream","Hello World"],"campfire_rested":0,"item_purchase_floors":[7,7,7],"current_hp_per_floor":[75,75,75,75,62,62,62,62,62,64,49,49,60,68,68,49,75,69,75,0],"gold":197,"neow_bonus":"THREE_ENEMY_KILL","is_prod":false,"is_daily":false,"chose_seed":false,"campfire_upgraded":2,"win_rate":0.0,"timestamp":1548703728,"path_taken":["M","M","?","M","?","R","$","?","T","M","?","?","?","?","R","BOSS","M","M","?"],"build_version":"2019-01-23","purchased_purges":0,"victory":false,"max_hp_per_floor":[75,75,75,75,75,75,75,75,75,75,75,75,75,75,75,75,75,75,75,75],"card_choices":[{"not_picked":["Barrage","Hologram"],"picked":"Compile Driver","floor":1},{"not_picked":["White Noise","Chaos"],"picked":"Ball Lightning","floor":2},{"not_picked":["Streamline","Sweeping Beam"],"picked":"Buffer","floor":4},{"not_picked":["Barrage","Cold Snap"],"picked":"Force Field","floor":5},{"not_picked":["Beam Cell","Hologram"],"picked":"Self Repair","floor":10},{"not_picked":["Redo","Coolheaded"],"picked":"Steam","floor":11},{"not_picked":["Sweeping Beam","Scrape"],"picked":"Defragment","floor":13},{"not_picked":["Force Field","Steam"],"picked":"Darkness","floor":14},{"not_picked":["Buffer","Multi-Cast"],"picked":"Creative AI","floor":16},{"not_picked":["Stack+1","Compile Driver"],"picked":"Loop+1","floor":18},{"not_picked":["Stack","Hologram"],"picked":"Gash","floor":19}],"player_experience":12761,"relics_obtained":[{"floor":9,"key":"Bottled Tornado"}],"event_choices":[{"damage_healed":0,"gold_gain":275,"player_choice":"Desecrate","damage_taken":0,"max_hp_gain":0,"max_hp_loss":0,"event_name":"Golden Shrine","floor":3,"gold_loss":0,"cards_obtained":["Regret"]},{"damage_healed":0,"gold_gain":0,"player_choice":"Got Potions","damage_taken":0,"max_hp_gain":0,"max_hp_loss":0,"event_name":"Lab","floor":8,"gold_loss":0},{"cards_removed":["Regret"],"damage_healed":0,"gold_gain":0,"player_choice":"Offered Curse","damage_taken":0,"relics_obtained":["Spirit Poop"],"max_hp_gain":0,"max_hp_loss":0,"event_name":"Bonfire Elementals","floor":12,"gold_loss":0},{"damage_healed":0,"gold_gain":0,"player_choice":"Fight","damage_taken":0,"max_hp_gain":0,"max_hp_loss":0,"event_name":"Colosseum","floor":20,"gold_loss":0},{"damage_healed":0,"gold_gain":0,"player_choice":"Fought Nobs","damage_taken":0,"max_hp_gain":0,"max_hp_loss":0,"event_name":"Colosseum","floor":20,"gold_loss":0}],"is_beta":false,"boss_relics":[{"not_picked":["Sozu","Runic Dome"],"picked":"Coffee Dripper"}],"items_purged_floors":[],"is_endless":false,"potions_floor_spawned":[2,5,10,16,20],"killed_by":"Colosseum Nobs","ascension_level":0}