{"gold_per_floor":[109,126,139,214,214,214,232,232,232,266,285,304,304,304,304,408,408,421,438,218,229,249,249,266,266,266,300,300,51,64,14,14,110,110,127,139,14,27,27,27,54,88,111,111,131,81,127,127,127,127],"floor_reached":51,"playtime":4275,"items_purged":["Defend_B","Strike_B","Strike_B","Shame"],"score":705,"play_id":"a735abe6-6066-4afd-8b71-fb9af5d7a0b6","local_time":"20190211162734","is_ascension_mode":true,"campfire_choices":[{"data":"Zap","floor":6.0,"key":"SMITH"},{"data":"Barrage","floor":8.0,"key":"SMITH"},{"data":"Double Energy","floor":13.0,"key":"SMITH"},{"floor":15.0,"key":"REST"},{"data":"Fission","floor":23.0,"key":"SMITH"},{"data":"Defragment","floor":25.0,"key":"SMITH"},{"floor":32.0,"key":"REST"},{"data":"Hologram","floor":40.0,"key":"SMITH"},{"data":"Reinforced Body","floor":44.0,"key":"SMITH"},{"floor":49.0,"key":"REST"}],"neow_cost":"NONE","seed_source_timestamp":0,"circlet_count":0,"master_deck":["Strike_B","Defend_B","Defend_B","Defend_B","Zap+1","Dualcast","Double Energy+1","Reinforced Body+1","Ball Lightning","Barrage+1","Glacier","Sunder+1","FTL+1","Fission+1","Glacier+1","Hologram+1","Blizzard+1","Defragment+1","Cold Snap+1","Loop+1","Regret","Core Surge+1","White Noise+1","Echo Form","Hologram+1","Capacitor","Blizzard+1"],"special_seed":0,"relics":["FrozenCore","Regal Pillow","Question Card","Molten Egg 2","Meat on the Bone","Cursed Key","Ornamental Fan","Bottled Lightning","Oddly Smooth Stone","Sundial","Smiling Mask","Girya","Spirit Poop"],"potions_floor_usage":[50,50,50],"damage_taken":[{"damage":0.0,"enemies":"2 Louse","floor":1.0,"turns":1.0},{"damage":3.0,"enemies":"Jaw Worm","floor":2.0,"turns":3.0},{"damage":0.0,"enemies":"Small Slimes","floor":3.0,"turns":4.0},{"damage":7.0,"enemies":"Exordium Thugs","floor":7.0,"turns":4.0},{"damage":13.0,"enemies":"3 Sentries","floor":10.0,"turns":6.0},{"damage":0.0,"enemies":"Large Slime","floor":11.0,"turns":4.0},{"damage":8.0,"enemies":"Lots of Slimes","floor":12.0,"turns":3.0},{"damage":53.0,"enemies":"Hexaghost","floor":16.0,"turns":9.0},{"damage":5.0,"enemies":"2 Thieves","floor":18.0,"turns":4.0},{"damage":8.0,"enemies":"3 Byrds","floor":19.0,"turns":5.0},{"damage":2.0,"enemies":"3 Cultists","floor":21.0,"turns":4.0},{"damage":0.0,"enemies":"Centurion and Healer","floor":22.0,"turns":7.0},{"damage":5.0,"enemies":"Cultist and Chosen","floor":24.0,"turns":4.0},{"damage":3.0,"enemies":"Gremlin Leader","floor":27.0,"turns":5.0},{"damage":5.0,"enemies":"Snake Plant","floor":30.0,"turns":4.0},{"damage":14.0,"enemies":"Automaton","floor":33.0,"turns":10.0},{"damage":1.0,"enemies":"3 Darklings","floor":35.0,"turns":7.0},{"damage":2.0,"enemies":"Orb Walker","floor":36.0,"turns":5.0},{"damage":11.0,"enemies":"Writhing Mass","floor":38.0,"turns":6.0},{"damage":8.0,"enemies":"Giant Head","floor":42.0,"turns":8.0},{"damage":7.0,"enemies":"Jaw Worm Horde","floor":45.0,"turns":6.0},{"damage":4.0,"enemies":"2 Orb Walkers","floor":47.0,"turns":6.0},{"damage":13,"enemies":"Time Eater","floor":50,"turns":14}],"seed_played":"-8335043723375223047","potions_obtained":[{"floor":3.0,"key":"Poison Potion"},{"floor":12.0,"key":"SteroidPotion"},{"floor":16.0,"key":"Dexterity Potion"},{"floor":19.0,"key":"Weak Potion"},{"floor":22.0,"key":"Block Potion"},{"floor":27.0,"key":"Weak Potion"},{"floor":30.0,"key":"Weak Potion"},{"floor":38.0,"key":"Weak Potion"}],"is_trial":false,"path_per_floor":["M","M","M","?","?","R","M","R","T","E","M","M","R","T","R","B",null,"M","M","$","M","M","R","M","R","T","E","?","$","M","?","R","B",null,"M","M","$","M","?","R","T","E","T","R","M","$","?","?","R","B",null],"character_chosen":"DEFECT","items_purchased":["Blizzard+1","Defragment","Core Surge+1"],"campfire_rested":3,"item_purchase_floors":[20,20,29],"current_hp_per_floor":[75,72,72,61,66,66,59,59,59,46,46,38,38,38,77,36,80,75,67,67,65,65,65,60,60,60,57,57,57,52,52,80,66,80,79,77,77,66,66,66,66,58,58,58,51,51,47,47,80,67],"gold":127,"neow_bonus":"RANDOM_COMMON_RELIC","is_prod":false,"is_daily":false,"chose_seed":false,"campfire_upgraded":7,"win_rate":0,"timestamp":1549898854,"path_taken":["M","M","M","?","?","R","M","R","T","E","M","M","R","?","R","BOSS","M","M","$","M","M","R","M","R","T","E","?","$","?","?","R","BOSS","M","?","$","M","?","R","?","E","T","R","M","$","?","?","R","BOSS"],"build_version":"2019-01-23","purchased_purges":4,"victory":true,"max_hp_per_floor":[75,75,75,75,80,80,80,80,80,80,80,80,80,80,80,80,80,80,80,80,80,80,80,80,80,80,80,80,80,80,80,80,80,80,80,80,80,80,80,80,80,80,80,80,80,80,80,80,80,80],"card_choices":[{"not_picked":["Barrage","Chaos"],"picked":"Double Energy","floor":1.0},{"not_picked":["Gash","Stack"],"picked":"Reinforced Body","floor":2.0},{"not_picked":["Multi-Cast","Stack"],"picked":"Ball Lightning","floor":3.0},{"not_picked":["Scrape","Melter"],"picked":"Barrage","floor":7.0},{"not_picked":["BootSequence","Self Repair","Rip and Tear"],"picked":"Glacier","floor":10.0},{"not_picked":["Loop","Steam","Go for the Eyes+1"],"picked":"Sunder+1","floor":11.0},{"not_picked":["BootSequence","Undo","Recycle"],"picked":"FTL+1","floor":12.0},{"not_picked":["Hyperbeam+1","Thunder Strike+1","Amplify"],"picked":"Fission","floor":16.0},{"not_picked":["Cold Snap+1","Leap+1","Rip and Tear+1"],"picked":"Glacier","floor":18.0},{"not_picked":["Reinforced Body","Streamline+1","Aggregate"],"picked":"Hologram","floor":19.0},{"not_picked":["Steam","Storm","Barrage+1","Rebound+1"],"picked":"SKIP","floor":21.0},{"not_picked":["FTL+1","Gash+1","Skim"],"picked":"Cold Snap+1","floor":22.0},{"not_picked":["Coolheaded","Cold Snap+1","Creative AI"],"picked":"Loop+1","floor":24.0},{"not_picked":["Heatsinks","Skim","Ball Lightning+1","Static Discharge"],"picked":"SKIP","floor":27.0},{"not_picked":["Ball Lightning+1","Steam","Scrape+1"],"picked":"White Noise+1","floor":30.0},{"not_picked":["Biased Cognition","Machine Learning","Thunder Strike+1"],"picked":"Echo Form","floor":33.0},{"not_picked":["Streamline+1","Sweeping Beam+1","Gash+1","Darkness+1"],"picked":"SKIP","floor":35.0},{"not_picked":["Steam+1","Genetic Algorithm+1","Darkness"],"picked":"Hologram+1","floor":36.0},{"not_picked":["Streamline+1","Ball Lightning+1","Fission","Cold Snap+1"],"picked":"SKIP","floor":38.0},{"not_picked":["Streamline+1","Ball Lightning+1","Fission","Cold Snap+1"],"picked":"SKIP","floor":38.0},{"not_picked":["Coolheaded","Redo","Reprogram+1","Barrage+1"],"picked":"SKIP","floor":42.0},{"not_picked":["Ball Lightning+1","BootSequence+1","Defragment"],"picked":"Capacitor","floor":45.0},{"not_picked":["Aggregate+1","Barrage+1","Leap"],"picked":"Blizzard+1","floor":47.0}],"player_experience":59126,"relics_obtained":[{"floor":9.0,"key":"Question Card"},{"floor":10.0,"key":"Molten Egg 2"},{"floor":14.0,"key":"Meat on the Bone"},{"floor":26.0,"key":"Ornamental Fan"},{"floor":27.0,"key":"Bottled Lightning"},{"floor":41.0,"key":"Oddly Smooth Stone"},{"floor":42.0,"key":"Sundial"},{"floor":43.0,"key":"Smiling Mask"},{"floor":47.0,"key":"Girya"}],"event_choices":[{"damage_healed":0.0,"max_hp_gain":0.0,"max_hp_loss":0.0,"gold_gain":75.0,"event_name":"World of Goop","player_choice":"Gather Gold","floor":4.0,"gold_loss":0.0,"damage_taken":11.0},{"damage_healed":0.0,"max_hp_gain":5.0,"max_hp_loss":0.0,"gold_gain":0.0,"event_name":"Big Fish","player_choice":"Donut","floor":5.0,"gold_loss":0.0,"damage_taken":0.0},{"damage_healed":0.0,"max_hp_gain":0.0,"max_hp_loss":0.0,"gold_gain":0.0,"event_name":"Upgrade Shrine","player_choice":"Upgraded","floor":28.0,"gold_loss":0.0,"damage_taken":0.0,"cards_upgraded":["Glacier"]},{"damage_healed":0.0,"max_hp_gain":0.0,"max_hp_loss":0.0,"gold_gain":0.0,"event_name":"The Joust","player_choice":"Bet on Murderer","floor":31.0,"gold_loss":50.0,"damage_taken":0.0},{"cards_removed":["Strike_B"],"damage_healed":0.0,"max_hp_gain":0.0,"max_hp_loss":0.0,"gold_gain":0.0,"event_name":"Falling","player_choice":"Removed Attack","floor":39.0,"gold_loss":0.0,"damage_taken":0.0},{"damage_healed":0.0,"max_hp_gain":0.0,"max_hp_loss":0.0,"gold_gain":0.0,"event_name":"Mysterious Sphere","player_choice":"Fight","floor":47.0,"gold_loss":0.0,"damage_taken":0.0},{"cards_removed":["Regret"],"damage_healed":0.0,"max_hp_gain":0.0,"max_hp_loss":0.0,"gold_gain":0.0,"event_name":"Bonfire Elementals","player_choice":"Offered Curse","floor":48.0,"gold_loss":0.0,"damage_taken":0.0,"relics_obtained":["Spirit Poop"]}],"is_beta":false,"boss_relics":[{"not_picked":["Ectoplasm","Tiny House"],"picked":"Cursed Key"},{"not_picked":["Orrery","Lizard Tail"],"picked":"FrozenCore"}],"items_purged_floors":[20,29,37,46],"is_endless":false,"potions_floor_spawned":[3,12,16,19,22,27,30,36,38,42,45],"ascension_level":1}