{"gold_per_floor":[15,15,33,46,46,72,72,48,48,48,48,68,68,79,79,154,154,170,134,153,17,17,17,52,52,52,65,84,95,95,113,113,187,187,200,200,220,220,220,220,255,268,268,285,285,302,18,32,32,32],"floor_reached":50,"playtime":1985,"items_purged":["Strike_R"],"score":865,"play_id":"d5f03cd3-f2fa-4cec-95ad-953a1635f260","local_time":"20180806155101","is_ascension_mode":true,"campfire_choices":[{"data":"Body Slam","floor":7,"key":"SMITH"},{"data":"Armaments","floor":13,"key":"SMITH"},{"data":"Shockwave","floor":15,"key":"SMITH"},{"data":"Body Slam","floor":23,"key":"SMITH"},{"floor":30,"key":"REST"},{"data":"Uppercut","floor":32,"key":"SMITH"},{"data":"Shrug It Off","floor":40,"key":"SMITH"},{"data":"Shrug It Off","floor":45,"key":"SMITH"},{"floor":49,"key":"REST"}],"neow_cost":"NO_GOLD","seed_source_timestamp":364396217910037,"circlet_count":0,"master_deck":["Strike_R","Strike_R","Strike_R","Defend_R","Defend_R","Defend_R","Defend_R","AscendersBane","Body Slam+1","Anger","Carnage","Armaments+1","Headbutt","Shockwave+1","Impervious","Shrug It Off+1","Shrug It Off+1","Body Slam+1","Body Slam+1","Iron Wave","Uppercut+1","Armaments+1","Offering","Shrug It Off+1","Evolve+1","Clothesline+1","Apotheosis"],"relics":["Black Blood","StoneCalendar","Bird Faced Urn","Torii","The Courier","Velvet Choker","Letter Opener","Ornamental Fan","Dream Catcher","Orichalcum","Dodecahedron","Pen Nib"],"potions_floor_usage":[6,6,16,24,28,33,42,50,50],"damage_taken":[{"damage":2,"enemies":"2 Louse","floor":1,"turns":4},{"damage":6,"enemies":"Cultist","floor":3,"turns":4},{"damage":3,"enemies":"Jaw Worm","floor":4,"turns":4},{"damage":20,"enemies":"Gremlin Nob","floor":6,"turns":4},{"damage":13,"enemies":"Large Slime","floor":12,"turns":4},{"damage":0,"enemies":"Exordium Wildlife","floor":14,"turns":3},{"damage":37,"enemies":"The Guardian","floor":16,"turns":9},{"damage":25,"enemies":"2 Thieves","floor":18,"turns":4},{"damage":1,"enemies":"Chosen","floor":20,"turns":3},{"damage":8,"enemies":"Book of Stabbing","floor":24,"turns":4},{"damage":7,"enemies":"Centurion and Healer","floor":27,"turns":4},{"damage":0,"enemies":"Chosen and Byrds","floor":28,"turns":4},{"damage":19,"enemies":"Sentry and Sphere","floor":29,"turns":6},{"damage":0,"enemies":"3 Cultists","floor":31,"turns":3},{"damage":17,"enemies":"Collector","floor":33,"turns":9},{"damage":0,"enemies":"Orb Walker","floor":35,"turns":3},{"damage":6,"enemies":"3 Shapes","floor":37,"turns":7},{"damage":13,"enemies":"Nemesis","floor":41,"turns":7},{"damage":6,"enemies":"Flame Bruiser 2 Orb","floor":42,"turns":5},{"damage":0,"enemies":"Transient","floor":44,"turns":5},{"damage":18,"enemies":"3 Darklings","floor":46,"turns":7},{"damage":29,"enemies":"Flame Bruiser 2 Orb","floor":48,"turns":6},{"damage":81,"enemies":"Donu and Deca","floor":50,"turns":7}],"seed_played":"8167455846671832557","potions_obtained":[{"floor":4,"key":"EntropicBrew"},{"floor":12,"key":"Swift Potion"},{"floor":16,"key":"Ancient Potion"},{"floor":18,"key":"Weak Potion"},{"floor":24,"key":"Dexterity Potion"},{"floor":28,"key":"Explosive Potion"},{"floor":29,"key":"PowerPotion"},{"floor":42,"key":"SpeedPotion"},{"floor":44,"key":"SpeedPotion"}],"is_trial":false,"path_per_floor":["M","?","M","M","$","E","R","$","T","?","$","M","R","M","R","B",null,"M","$","M","$","?","R","E","?","T","M","M","M","R","M","R","B",null,"M","?","M","T","$","R","E","M","T","M","R","M","$","M","R"],"character_chosen":"IRONCLAD","items_purchased":["Armaments","Shrug It Off","Shrug It Off","Body Slam","Apotheosis","Pen Nib"],"campfire_rested":2,"item_purchase_floors":[8,19,21,21,47,47],"current_hp_per_floor":[72,72,72,75,75,61,61,61,61,50,50,43,43,49,49,18,61,42,42,47,47,47,47,45,45,45,44,50,37,59,65,65,56,70,75,75,75,75,75,75,72,75,75,75,75,67,67,48,70,0],"gold":32,"neow_bonus":"ONE_RARE_RELIC","is_prod":false,"is_daily":false,"chose_seed":false,"campfire_upgraded":7,"win_rate":0,"timestamp":1533563461,"path_taken":["M","?","M","M","$","E","R","$","T","?","$","M","R","M","R","BOSS","M","$","M","$","?","R","E","?","T","M","M","M","R","M","R","BOSS","M","?","M","?","$","R","E","M","T","M","R","M","?","M","R","BOSS"],"build_version":"2018-08-02","purchased_purges":1,"victory":false,"max_hp_per_floor":[75,75,75,75,75,75,75,75,75,75,75,75,75,75,75,75,75,75,75,75,75,75,75,75,75,75,75,75,75,75,75,75,75,75,75,75,75,75,75,75,75,75,75,75,75,75,75,75,75,75],"card_choices":[{"not_picked":["Wild Strike","Heavy Blade"],"picked":"Body Slam","floor":1},{"not_picked":["Warcry","Pommel Strike"],"picked":"Anger","floor":3},{"not_picked":["Havoc","Intimidate"],"picked":"Carnage","floor":4},{"not_picked":["Perfected Strike","Havoc","Heavy Blade"],"picked":"SKIP","floor":6},{"not_picked":["Berserk","Reckless Charge"],"picked":"Headbutt","floor":12},{"not_picked":["Thunderclap","Heavy Blade"],"picked":"Shockwave","floor":14},{"not_picked":["Brutality","Bludgeon"],"picked":"Impervious","floor":16},{"not_picked":["Cleave","Havoc","Reckless Charge"],"picked":"SKIP","floor":18},{"not_picked":["Havoc","Hemokinesis","Thunderclap"],"picked":"SKIP","floor":20},{"not_picked":["Double Tap","Flex","Juggernaut"],"picked":"SKIP","floor":24},{"not_picked":["Corruption","Clash"],"picked":"Iron Wave","floor":27},{"not_picked":["Body Slam","Perfected Strike"],"picked":"Uppercut","floor":28},{"not_picked":["Iron Wave","Headbutt"],"picked":"Armaments+1","floor":29},{"not_picked":["Wild Strike","Burning Pact","Twin Strike+1"],"picked":"SKIP","floor":31},{"not_picked":["Double Tap","Bludgeon"],"picked":"Offering","floor":33},{"not_picked":["Battle Trance","Twin Strike"],"picked":"Shrug It Off+1","floor":35},{"not_picked":["Wild Strike","Anger"],"picked":"Evolve+1","floor":37},{"not_picked":["Heavy Blade","Armaments","Berserk"],"picked":"SKIP","floor":41},{"not_picked":["Pummel","Flex","Whirlwind"],"picked":"SKIP","floor":42},{"not_picked":["Heavy Blade","Body Slam"],"picked":"Clothesline+1","floor":44},{"not_picked":["Infernal Blade","Heavy Blade+1","Twin Strike"],"picked":"SKIP","floor":46},{"not_picked":["Clothesline+1","Body Slam","Flex"],"picked":"SKIP","floor":48}],"player_experience":1276652,"relics_obtained":[{"floor":6,"key":"Bird Faced Urn"},{"floor":9,"key":"Torii"},{"floor":24,"key":"Letter Opener"},{"floor":26,"key":"Ornamental Fan"},{"floor":38,"key":"Dream Catcher"},{"floor":41,"key":"Orichalcum"},{"floor":43,"key":"Dodecahedron"}],"event_choices":[{"event_name":"Purifier","player_choice":"One Purge","floor":2,"damage_taken":0},{"event_name":"Scrap Ooze","player_choice":"success","floor":10,"damage_taken":11},{"event_name":"Duplicator","player_choice":"One dupe","floor":22,"damage_taken":0},{"event_name":"Beggar","player_choice":"Ignored","floor":25,"damage_taken":0},{"event_name":"Falling","player_choice":"Removed Attack","floor":36,"damage_taken":0}],"is_beta":false,"boss_relics":[{"not_picked":["Coffee Dripper","Runic Pyramid"],"picked":"Velvet Choker"},{"not_picked":["Eternal Feather","Orrery"],"picked":"Black Blood"}],"items_purged_floors":[21],"is_endless":false,"potions_floor_spawned":[4,12,16,18,24,28,29,42,44],"killed_by":"Donu and Deca","ascension_level":15}