{"gold_per_floor":[109,125,137,412,430,459,469,469,469,469,434,434,445,520,520,520],"floor_reached":16,"playtime":845,"items_purged":[],"score":112,"play_id":"99a2c686-aa75-45b5-b7dd-40da312080df","local_time":"20190203021707","is_ascension_mode":true,"campfire_choices":[{"data":"Shockwave","floor":10,"key":"SMITH"},{"data":"Barricade","floor":12,"key":"SMITH"},{"data":"Pommel Strike","floor":15,"key":"SMITH"}],"neow_cost":"NONE","seed_source_timestamp":42613258412132,"circlet_count":0,"master_deck":["Strike_R","Strike_R","Strike_R","Strike_R","Strike_R","Defend_R","Defend_R","Defend_R","Defend_R","Bash+1","Headbutt","Pommel Strike+1","Shockwave+1","Shrug It Off","Barricade+1","Power Through+1","Warcry+1"],"relics":["Burning Blood","Toxic Egg 2","Smiling Mask"],"potions_floor_usage":[16,16],"damage_taken":[{"damage":2,"enemies":"2 Louse","floor":1,"turns":4},{"damage":1,"enemies":"Cultist","floor":2,"turns":3},{"damage":14,"enemies":"Small Slimes","floor":3,"turns":4},{"damage":12,"enemies":"Looter","floor":5,"turns":5},{"damage":19,"enemies":"Gremlin Nob","floor":6,"turns":4},{"damage":17,"enemies":"3 Louse","floor":7,"turns":6},{"damage":21,"enemies":"Lots of Slimes","floor":13,"turns":8},{"damage":34,"enemies":"Hexaghost","floor":16,"turns":16}],"seed_played":"7370527098880374039","potions_obtained":[{"floor":3,"key":"Explosive Potion"},{"floor":5,"key":"Poison Potion"},{"floor":13,"key":"Poison Potion"}],"is_trial":false,"path_per_floor":["M","M","M","?","M","E","M","?","T","R","?","R","M","?","R","B"],"character_chosen":"IRONCLAD","items_purchased":[],"campfire_rested":0,"item_purchase_floors":[],"current_hp_per_floor":[80,80,72,72,66,53,42,35,35,35,55,55,40,29,29,0],"gold":520,"neow_bonus":"UPGRADE_CARD","is_prod":false,"is_daily":false,"chose_seed":false,"campfire_upgraded":3,"win_rate":0,"timestamp":1549156627,"path_taken":["M","M","M","?","M","E","?","?","T","R","?","R","M","?","R","BOSS"],"build_version":"2019-01-23","purchased_purges":0,"victory":false,"max_hp_per_floor":[80,80,80,80,80,80,80,80,80,80,80,80,80,80,80,80],"card_choices":[{"not_picked":["Carnage","Twin Strike"],"picked":"Headbutt","floor":1},{"not_picked":["Armaments","Wild Strike"],"picked":"Pommel Strike","floor":2},{"not_picked":["Sentinel","Heavy Blade"],"picked":"Shockwave","floor":3},{"not_picked":["Cleave","Carnage"],"picked":"Shrug It Off","floor":5},{"not_picked":["Perfected Strike","Pommel Strike"],"picked":"Barricade","floor":6},{"not_picked":["Infernal Blade+1","Carnage"],"picked":"Power Through+1","floor":7},{"not_picked":["Bloodletting+1","Rupture"],"picked":"Warcry+1","floor":13}],"player_experience":37861,"relics_obtained":[{"floor":6,"key":"Toxic Egg 2"},{"floor":9,"key":"Smiling Mask"}],"event_choices":[{"damage_healed":0,"gold_gain":275,"player_choice":"Desecrate","damage_taken":0,"max_hp_gain":0,"max_hp_loss":0,"event_name":"Golden Shrine","floor":4,"gold_loss":0,"cards_obtained":["Regret"]},{"cards_removed":["Regret"],"damage_healed":0,"gold_gain":0,"player_choice":"Card Removal","damage_taken":7,"max_hp_gain":0,"max_hp_loss":0,"event_name":"Golden Wing","floor":8,"gold_loss":0},{"damage_healed":20,"gold_gain":0,"player_choice":"Healed","damage_taken":0,"max_hp_gain":0,"max_hp_loss":0,"event_name":"The Cleric","floor":11,"gold_loss":35},{"damage_healed":0,"gold_gain":75,"player_choice":"Gather Gold","damage_taken":11,"max_hp_gain":0,"max_hp_loss":0,"event_name":"World of Goop","floor":14,"gold_loss":0}],"is_beta":false,"boss_relics":[],"items_purged_floors":[],"is_endless":false,"potions_floor_spawned":[3,5,13],"killed_by":"Hexaghost","ascension_level":2}