{"gold_per_floor":[20,39,39,55,68,103,121,152,152,152,186,186,202,216,216,311,311,328,328,347,347,32,32,44,44,96,114,114,114,141,153,153,252,252,264,58,72,89,89,89,100,100,100,100,153,153,164,0,0,0],"floor_reached":51,"playtime":3446,"items_purged":["Strike_G"],"score":980,"play_id":"44977613-ace4-4ca6-b663-81c94c02d332","local_time":"20190206004327","is_ascension_mode":true,"campfire_choices":[{"floor":10.0,"key":"REST"},{"data":"Cloak And Dagger","floor":12.0,"key":"SMITH"},{"data":"Unload","floor":15.0,"key":"SMITH"},{"data":"Cloak And Dagger","floor":23.0,"key":"SMITH"},{"data":"Neutralize","floor":25.0,"key":"SMITH"},{"floor":29.0,"key":"REST"},{"data":"Calculated Gamble","floor":32.0,"key":"SMITH"},{"data":"Blade Dance","floor":40.0,"key":"SMITH"},{"data":"Backflip","floor":42.0,"key":"SMITH"},{"data":"Blur","floor":44.0,"key":"SMITH"},{"data":"1","floor":49,"key":"LIFT"}],"neow_cost":"NO_GOLD","seed_source_timestamp":122879982324100,"circlet_count":0,"master_deck":["Defend_G","Defend_G","Defend_G","Strike_G","Strike_G","Survivor","Neutralize+1","Blade Dance+1","Cloak And Dagger+1","Deflect","All Out Attack","Finisher","Acrobatics","Dagger Throw","Flying Knee","Backflip+1","Blur+1","Unload+1","Blur","Adrenaline","Quick Slash+1","Cloak And Dagger+1","All Out Attack+1","Dodge and Roll+1","After Image+1","Terror","Endless Agony+1","Calculated Gamble+1","Dagger Throw+1","Envenom+1","Underhanded Strike","Choke+1","After Image+1","Blade Dance+1","Deflect+1","Dagger Spray+1","Sadistic Nature+1"],"special_seed":0,"relics":["Ring of the Snake","Ancient Tea Set","Frozen Egg 2","Prayer Wheel","Empty Cage","MutagenicStrength","Ornamental Fan","Snake Skull","CultistMask","Pantograph","Busted Crown","DollysMirror","Girya","Red Mask"],"potions_floor_usage":[50,50],"damage_taken":[{"damage":1.0,"enemies":"Jaw Worm","floor":1.0,"turns":5.0},{"damage":2.0,"enemies":"Cultist","floor":2.0,"turns":5.0},{"damage":1.0,"enemies":"2 Louse","floor":4.0,"turns":4.0},{"damage":1.0,"enemies":"Red Slaver","floor":5.0,"turns":5.0},{"damage":16.0,"enemies":"Gremlin Nob","floor":6.0,"turns":3.0},{"damage":0.0,"enemies":"2 Fungi Beasts","floor":7.0,"turns":2.0},{"damage":2.0,"enemies":"3 Sentries","floor":8.0,"turns":7.0},{"damage":16.0,"enemies":"Gremlin Nob","floor":11.0,"turns":4.0},{"damage":0.0,"enemies":"Blue Slaver","floor":13.0,"turns":3.0},{"damage":0.0,"enemies":"3 Louse","floor":14.0,"turns":3.0},{"damage":39.0,"enemies":"Slime Boss","floor":16.0,"turns":13.0},{"damage":16.0,"enemies":"Shell Parasite","floor":18.0,"turns":16.0},{"damage":1.0,"enemies":"Spheric Guardian","floor":20.0,"turns":3.0},{"damage":1.0,"enemies":"Cultist and Chosen","floor":24.0,"turns":6.0},{"damage":12.0,"enemies":"Sentry and Sphere","floor":27.0,"turns":8.0},{"damage":0.0,"enemies":"Slavers","floor":30.0,"turns":5.0},{"damage":7.0,"enemies":"Chosen and Byrds","floor":31.0,"turns":6.0},{"damage":28.0,"enemies":"Collector","floor":33.0,"turns":11.0},{"damage":10.0,"enemies":"3 Darklings","floor":35.0,"turns":7.0},{"damage":0.0,"enemies":"3 Shapes","floor":37.0,"turns":5.0},{"damage":0.0,"enemies":"Jaw Worm Horde","floor":38.0,"turns":5.0},{"damage":0.0,"enemies":"Writhing Mass","floor":41.0,"turns":6.0},{"damage":5,"enemies":"2 Orb Walkers","floor":45,"turns":3},{"damage":0,"enemies":"Sphere and 2 Shapes","floor":47,"turns":6},{"damage":26,"enemies":"Time Eater","floor":50,"turns":9}],"seed_played":"4999606585432212199","potions_obtained":[{"floor":1.0,"key":"Fire Potion"},{"floor":5.0,"key":"Strength Potion"},{"floor":6.0,"key":"Fruit Juice"},{"floor":7.0,"key":"Dexterity Potion"},{"floor":8.0,"key":"Strength Potion"},{"floor":16.0,"key":"EntropicBrew"},{"floor":20.0,"key":"Swift Potion"},{"floor":33.0,"key":"PowerPotion"},{"floor":38.0,"key":"SkillPotion"}],"is_trial":false,"path_per_floor":["?","?","M","?","?","?","?"],"character_chosen":"THE_SILENT","items_purchased":["Ornamental Fan","DollysMirror"],"campfire_rested":2,"item_purchase_floors":[22,36],"current_hp_per_floor":[62,60,60,59,58,47,47,45,45,67,51,51,51,51,51,12,59,43,43,42,42,42,42,41,41,41,29,29,51,51,44,44,41,67,57,57,57,57,57,57,57,57,57,57,52,47,47,47,47,46],"gold":0,"neow_bonus":"REMOVE_TWO","is_prod":false,"is_daily":false,"chose_seed":false,"campfire_upgraded":8,"win_rate":0,"timestamp":1549381407,"path_taken":["M","M","$","M","M","E","M","E","T","R","E","R","M","M","R","BOSS","M","?","M","?","$","R","?","R","T","M","?","R","E","M","R","BOSS","M","$","M","M","$","R","M","R","T","R","?","?","M","?","R","BOSS"],"build_version":"2019-01-23","purchased_purges":1,"victory":true,"max_hp_per_floor":[70,70,70,70,70,75,75,75,75,75,75,75,75,75,75,75,75,75,75,75,75,75,75,75,75,75,75,75,75,75,75,75,75,75,75,75,75,75,75,75,75,75,75,75,75,75,75,75,75,75],"card_choices":[{"not_picked":["Reflex","Tactician"],"picked":"Blade Dance","floor":1.0},{"not_picked":["Caltrops","Catalyst"],"picked":"Cloak And Dagger","floor":2.0},{"not_picked":["Quick Slash","Masterful Stab"],"picked":"Deflect","floor":4.0},{"not_picked":["Quick Slash","Flechettes"],"picked":"All Out Attack","floor":5.0},{"not_picked":["Slice","Blade Dance"],"picked":"Finisher","floor":6.0},{"not_picked":["Skewer","Dagger Spray"],"picked":"Acrobatics","floor":7.0},{"not_picked":["Prepared","Predator"],"picked":"Dagger Throw","floor":8.0},{"not_picked":["Dagger Throw","Bullet Time"],"picked":"Flying Knee","floor":11.0},{"not_picked":["Blade Dance","Underhanded Strike"],"picked":"Backflip","floor":13.0},{"not_picked":["Slice","Deflect"],"picked":"Blur","floor":13.0},{"not_picked":["Setup","Deflect"],"picked":"Unload","floor":14.0},{"not_picked":["Prepared","Blade Dance"],"picked":"Blur","floor":14.0},{"not_picked":["Night Terror","Storm of Steel"],"picked":"Adrenaline","floor":16.0},{"not_picked":["Noxious Fumes+1","Masterful Stab"],"picked":"Quick Slash+1","floor":18.0},{"not_picked":["Deadly Poison","Deflect"],"picked":"Cloak And Dagger","floor":18.0},{"not_picked":["Acrobatics","Dash"],"picked":"All Out Attack+1","floor":20.0},{"not_picked":["Bouncing Flask","Outmaneuver"],"picked":"Dodge and Roll+1","floor":20.0},{"not_picked":["Calculated Gamble+1","Dagger Spray"],"picked":"After Image+1","floor":24.0},{"not_picked":["Dagger Throw","All Out Attack+1"],"picked":"Terror","floor":24.0},{"not_picked":["Dagger Throw","PiercingWail"],"picked":"Endless Agony+1","floor":27.0},{"not_picked":["Concentrate+1","All Out Attack","Slice"],"picked":"SKIP","floor":27.0},{"not_picked":["Slice+1","Flechettes"],"picked":"Calculated Gamble","floor":30.0},{"not_picked":["Bouncing Flask+1","Prepared"],"picked":"Dagger Throw+1","floor":31.0},{"not_picked":["Skewer+1","Backstab","Poisoned Stab"],"picked":"SKIP","floor":31.0},{"not_picked":["Die Die Die","Grand Finale"],"picked":"Envenom+1","floor":33.0},{"not_picked":[],"picked":"Underhanded Strike","floor":35.0},{"not_picked":[],"picked":"Choke+1","floor":35.0},{"not_picked":["Deadly Poison+1"],"picked":"SKIP","floor":37.0},{"not_picked":["Setup+1"],"picked":"SKIP","floor":37.0},{"not_picked":[],"picked":"Blade Dance+1","floor":38.0},{"not_picked":[],"picked":"Deflect+1","floor":38.0},{"not_picked":["Poisoned Stab+1"],"picked":"SKIP","floor":41.0},{"not_picked":["Deflect"],"picked":"SKIP","floor":41.0},{"not_picked":[],"picked":"Dagger Spray+1","floor":45},{"not_picked":[],"picked":"Sadistic Nature+1","floor":46},{"not_picked":["Outmaneuver"],"picked":"SKIP","floor":47},{"not_picked":["Flechettes+1"],"picked":"SKIP","floor":47}],"player_experience":248625,"relics_obtained":[{"floor":6.0,"key":"Ancient Tea Set"},{"floor":8.0,"key":"Frozen Egg 2"},{"floor":11.0,"key":"Prayer Wheel"},{"floor":26.0,"key":"Snake Skull"},{"floor":30.0,"key":"Pantograph"},{"floor":45,"key":"Girya"}],"event_choices":[{"damage_healed":0.0,"max_hp_gain":0.0,"max_hp_loss":0.0,"gold_gain":0.0,"event_name":"Drug Dealer","player_choice":"Inject Mutagens","floor":19.0,"gold_loss":0.0,"damage_taken":0.0,"relics_obtained":["MutagenicStrength"]},{"damage_healed":0.0,"max_hp_gain":0.0,"max_hp_loss":0.0,"gold_gain":0.0,"event_name":"The Woman in Blue","player_choice":"Bought 0 Potions","floor":21.0,"gold_loss":0.0,"damage_taken":0.0},{"damage_healed":0.0,"max_hp_gain":0.0,"max_hp_loss":0.0,"gold_gain":0.0,"event_name":"FaceTrader","player_choice":"Trade","floor":28.0,"gold_loss":0.0,"damage_taken":0.0,"relics_obtained":["CultistMask"]},{"damage_healed":0,"gold_gain":0,"player_choice":"Fight","damage_taken":0,"max_hp_gain":0,"max_hp_loss":0,"event_name":"Mysterious Sphere","floor":45,"gold_loss":0},{"damage_healed":0,"gold_gain":0,"player_choice":"Memory 2","damage_taken":5,"max_hp_gain":0,"max_hp_loss":0,"event_name":"SensoryStone","floor":46,"gold_loss":0},{"damage_healed":0,"gold_gain":0,"player_choice":"Paid","damage_taken":0,"relics_obtained":["Red Mask"],"max_hp_gain":0,"max_hp_loss":0,"event_name":"Tomb of Lord Red Mask","floor":48,"gold_loss":164}],"is_beta":false,"boss_relics":[{"not_picked":["Orrery","Lizard Tail"],"picked":"Empty Cage"},{"not_picked":["Coffee Dripper","Ring of the Serpent"],"picked":"Busted Crown"}],"items_purged_floors":[22],"is_endless":false,"potions_floor_spawned":[1,5,6,7,8,16,20,33,35,38],"ascension_level":8}