{"path_per_floor":["M","?","?","M","?","E","R","$","T","M","M","?","R","E","R","B",null,"M","?","$","M","?","R","?","$","T","R","M","M","R","T","R"],"character_chosen":"IRONCLAD","items_purchased":["Matryoshka","Paper Frog","Mummified Hand"],"gold_per_floor":[115,290,290,300,300,334,334,93,93,107,119,119,119,151,151,256,256,276,526,18,38,38,38,38,38,38,38,50,70,70,116,116],"floor_reached":33,"campfire_rested":2,"playtime":1375,"current_hp_per_floor":[80,80,80,80,80,80,80,80,80,80,80,80,80,18,42,13,80,63,63,63,43,43,43,43,43,43,43,53,22,38,38,38],"items_purged":[],"gold":116,"score":330,"play_id":"946be777-cdc6-47f3-9262-010e1351b470","is_prod":false,"is_daily":false,"is_ascension_mode":true,"campfire_upgraded":5,"path_taken":["M","?","?","M","?","E","R","$","T","M","?","?","R","E","R","BOSS","M","?","$","M","?","R","?","$","T","R","?","M","R","?","R","BOSS"],"build_version":"2018-02-22-PROD2","purchased_purges":1,"victory":false,"master_deck":["Defend_R+1","Defend_R","Defend_R","Defend_R","Bash+1","Armaments+1","Armaments+1","Dropkick","Seeing Red+1","Juggernaut+1","Whirlwind+1","Limit Break","Flame Barrier+1","Headbutt","Bite","Bite","Bite","Bite","Bite","Shrug It Off","Heavy Blade+1","Pain","Body Slam+1"],"max_hp_per_floor":[80,80,80,80,80,80,80,80,80,80,80,80,80,80,80,80,80,80,80,80,80,56,56,56,56,56,56,56,56,56,56,56],"relics":["Burning Blood","NeowsBlessing","War Paint","Matryoshka","Happy Flower","Smiling Mask","Omamori","Cursed Key","Paper Frog","Mummified Hand","Prayer Wheel","Oddly Smooth Stone","Dream Catcher"],"card_choices":[{"not_picked":["Sentinel","True Grit"],"picked":"Armaments"},{"not_picked":["Flex","Entrench"],"picked":"Armaments"},{"not_picked":["Corruption","Anger"],"picked":"Dropkick"},{"not_picked":["Ghostly Armor","Bloodletting"],"picked":"Seeing Red"},{"not_picked":["Hemokinesis","Havoc"],"picked":"Juggernaut"},{"not_picked":["Body Slam","Sever Soul"],"picked":"Whirlwind"},{"not_picked":["Dark Embrace","Reaper"],"picked":"Limit Break"},{"not_picked":["Wild Strike","Battle Trance"],"picked":"Flame Barrier"},{"not_picked":["Sword Boomerang","Blood for Blood"],"picked":"Headbutt"},{"not_picked":["Headbutt","Anger"],"picked":"Shrug It Off"},{"not_picked":["Shockwave","Cleave"],"picked":"Heavy Blade"},{"not_picked":["Evolve","Clash"],"picked":"Body Slam"}],"player_experience":136847,"potions_floor_usage":[11,16,16,29,33],"damage_taken":[{"damage":0,"enemies":"Small Slimes","floor":1,"turns":1},{"damage":0,"enemies":"2 Louse","floor":4,"turns":1},{"damage":0,"enemies":"Lagavulin","floor":6,"turns":1},{"damage":1,"enemies":"Cultist","floor":10,"turns":3},{"damage":4,"enemies":"Lots of Slimes","floor":11,"turns":3},{"damage":68,"enemies":"Gremlin Nob","floor":14,"turns":6},{"damage":50,"enemies":"The Guardian","floor":16,"turns":15},{"damage":23,"enemies":"Shell Parasite","floor":18,"turns":6},{"damage":26,"enemies":"3 Byrds","floor":21,"turns":6},{"damage":21,"enemies":"Centurion and Healer","floor":28,"turns":8},{"damage":46,"enemies":"Cultist and Chosen","floor":29,"turns":8},{"damage":66,"enemies":"Automaton","floor":33,"turns":6}],"event_choices":[{"event_name":"Liars Game","player_choice":"agreed","floor":2,"damage_taken":0},{"event_name":"Fountain of Cleansing","player_choice":"Removed Curse","floor":3,"damage_taken":0},{"event_name":"Purifier","player_choice":"Skipped","floor":5,"damage_taken":0},{"event_name":"The Cleric","player_choice":"Leave","floor":12,"damage_taken":0},{"event_name":"Golden Shrine","player_choice":"Desecrate","floor":19,"damage_taken":0},{"event_name":"Vampires","player_choice":"Became a vampire","floor":22,"damage_taken":0},{"event_name":"Beggar","player_choice":"Ignored","floor":24,"damage_taken":0}],"boss_relics":[{"not_picked":["Question Card","Lizard Tail"],"picked":"Cursed Key"}],"potions_floor_spawned":[4,11,14,28,29],"seed_played":"-5083411741381882045","killed_by":"Automaton","ascension_level":2,"is_trial":false}