{"path_per_floor":["M","?","?","$","M","R","?","R","T","M","E","M","M","E","R","B",null,"M","?","$","?","M","R","E","?","T","R","E","R"],"character_chosen":"IRONCLAD","items_purchased":["Shuriken","Molten Egg 2"],"gold_per_floor":[214,214,289,28,39,39,39,39,39,52,85,105,121,186,186,283,283,301,301,61,61,71,71,96,11,11,11,37,37],"floor_reached":30,"campfire_rested":3,"playtime":951,"current_hp_per_floor":[74,74,63,63,64,64,64,64,64,63,39,36,42,35,59,34,80,77,77,77,77,60,60,12,12,22,49,25,52],"items_purged":[],"gold":37,"score":301,"play_id":"84a556e7-fa30-45c8-b3a7-217fc3022a48","is_prod":false,"is_daily":false,"is_ascension_mode":true,"campfire_upgraded":3,"path_taken":["M","?","?","$","?","R","?","R","T","M","E","M","?","E","R","BOSS","M","?","$","?","M","R","E","?","T","R","E","R","M"],"build_version":"2018-02-22-PROD2","purchased_purges":0,"victory":false,"master_deck":["Strike_R","Strike_R","Strike_R","Strike_R","Defend_R","Defend_R","Defend_R","Defend_R","Bash+1","Twin Strike+1","Clash+1","Clash","Sword Boomerang+1"],"max_hp_per_floor":[80,80,80,80,80,80,80,80,80,80,80,80,80,80,80,80,80,80,80,80,80,80,80,80,80,90,90,90,90],"relics":["Burning Blood","Shuriken","Bird Faced Urn","Lantern","Tiny Chest","Black Star","Molten Egg 2","Smiling Mask","Gremlin Horn","Ginger","Pear","Sundial","Thread and Needle"],"card_choices":[{"not_picked":["Havoc","Hemokinesis"],"picked":"Twin Strike"},{"not_picked":["Rupture","Rampage"],"picked":"Clash"},{"not_picked":["Havoc","Warcry"],"picked":"Clash"},{"not_picked":["Pommel Strike","Corruption"],"picked":"Sword Boomerang"}],"player_experience":139918,"potions_floor_usage":[16,24,24,28,28],"damage_taken":[{"damage":12,"enemies":"Small Slimes","floor":1,"turns":4},{"damage":5,"enemies":"2 Louse","floor":5,"turns":3},{"damage":7,"enemies":"Jaw Worm","floor":10,"turns":3},{"damage":30,"enemies":"3 Sentries","floor":11,"turns":7},{"damage":9,"enemies":"Red Slaver","floor":12,"turns":3},{"damage":0,"enemies":"Large Slime","floor":13,"turns":2},{"damage":13,"enemies":"Lagavulin","floor":14,"turns":3},{"damage":31,"enemies":"Hexaghost","floor":16,"turns":6},{"damage":9,"enemies":"3 Byrds","floor":18,"turns":5},{"damage":23,"enemies":"Spheric Guardian","floor":22,"turns":4},{"damage":54,"enemies":"Slavers","floor":24,"turns":7},{"damage":39,"enemies":"Book of Stabbing","floor":28,"turns":4},{"damage":62,"enemies":"Cultist and Chosen","floor":30,"turns":5}],"event_choices":[{"event_name":"Living Wall","player_choice":"Forget","floor":2,"damage_taken":0},{"event_name":"World of Goop","player_choice":"Gather Gold","floor":3,"damage_taken":0},{"event_name":"The Cleric","player_choice":"Leave","floor":7,"damage_taken":0},{"event_name":"Beggar","player_choice":"Ignored","floor":19,"damage_taken":0},{"event_name":"Drug Dealer","player_choice":"Ignored","floor":21,"damage_taken":0},{"event_name":"Addict","player_choice":"Obtained Relic","floor":25,"damage_taken":0}],"boss_relics":[{"not_picked":["Tiny House","White Beast Statue"],"picked":"Black Star"}],"potions_floor_spawned":[10,14,16,22,24],"seed_played":"945847571012493316","killed_by":"Cultist and Chosen","ascension_level":2,"is_trial":false}