{"path_per_floor":["M","$","M","?","M","R","E","?","T","M","M","M","E","M","R","B",null,"M","M","?","M","$","R","?"],"character_chosen":"IRONCLAD","items_purchased":["Orichalcum","Flex"],"gold_per_floor":[217,64,75,75,92,92,123,153,223,239,255,272,305,324,324,419,419,431,446,446,464,367,367,317],"floor_reached":25,"campfire_rested":2,"playtime":845,"current_hp_per_floor":[80,80,76,60,58,58,42,30,30,36,40,44,42,48,72,27,80,80,69,69,48,48,72,72],"items_purged":["Strike_R"],"gold":317,"score":237,"play_id":"5c77b297-db33-4f78-976b-8dafdd31c919","is_prod":false,"is_daily":false,"is_ascension_mode":true,"campfire_upgraded":1,"path_taken":["M","$","?","?","M","R","E","?","T","?","M","M","E","M","R","BOSS","M","M","?","M","$","R","?","E"],"build_version":"2018-02-22-PROD2","purchased_purges":1,"victory":false,"master_deck":["Strike_R","Strike_R","Strike_R+1","Strike_R","Defend_R","Defend_R+1","Defend_R+1","Defend_R+1","Bash","Sword Boomerang+1","Clash","Blood for Blood","Twin Strike","Flex+1"],"max_hp_per_floor":[80,80,80,80,80,80,80,80,80,80,80,80,80,80,80,80,80,80,80,80,80,80,80,80],"relics":["Black Blood","Orichalcum","Darkstone Periapt","Tiny Chest","Toxic Egg 2","War Paint","The Courier"],"card_choices":[{"not_picked":["Heavy Blade","Entrench"],"picked":"Sword Boomerang"},{"not_picked":["Clothesline","Power Through"],"picked":"Clash"},{"not_picked":["Demon Form","Entrench"],"picked":"Blood for Blood"},{"not_picked":["Shrug It Off","Heavy Blade"],"picked":"Twin Strike"}],"player_experience":140869,"potions_floor_usage":[12,13,14,14,21],"damage_taken":[{"damage":6,"enemies":"Cultist","floor":1,"turns":3},{"damage":10,"enemies":"2 Louse","floor":3,"turns":3},{"damage":8,"enemies":"Small Slimes","floor":5,"turns":4},{"damage":22,"enemies":"Lagavulin","floor":7,"turns":5},{"damage":0,"enemies":"3 Louse","floor":10,"turns":3},{"damage":2,"enemies":"Large Slime","floor":11,"turns":7},{"damage":2,"enemies":"Red Slaver","floor":12,"turns":2},{"damage":8,"enemies":"Gremlin Nob","floor":13,"turns":3},{"damage":0,"enemies":"Blue Slaver","floor":14,"turns":1},{"damage":51,"enemies":"The Guardian","floor":16,"turns":11},{"damage":9,"enemies":"Chosen","floor":18,"turns":6},{"damage":21,"enemies":"Spheric Guardian","floor":19,"turns":5},{"damage":31,"enemies":"3 Cultists","floor":21,"turns":6},{"damage":80,"enemies":"Gremlin Leader","floor":25,"turns":4}],"event_choices":[{"event_name":"Shining Light","player_choice":"Entered Light","floor":4,"damage_taken":0},{"event_name":"Scrap Ooze","player_choice":"success","floor":8,"damage_taken":12},{"event_name":"The Mausoleum","player_choice":"Yes","floor":20,"damage_taken":0},{"event_name":"The Joust","player_choice":"Bet on Murderer","floor":24,"damage_taken":0}],"boss_relics":[{"not_picked":["Runic Dome","Cursed Key"],"picked":"Black Blood"}],"potions_floor_spawned":[7,10,12,13,16,21],"seed_played":"-1691367244194298745","killed_by":"Gremlin Leader","ascension_level":2,"is_trial":false}