{"path_per_floor":["M","?","?","$","?","E","M","R","T","E","R","E","$","?","R","B",null,"M","?","$","M","$","R","M","E","T","$","?","M","?","M","R"],"character_chosen":"IRONCLAD","items_purchased":["Flex","Anchor"],"gold_per_floor":[112,112,112,112,112,138,152,152,152,177,177,205,130,130,130,233,233,251,251,151,171,120,120,138,172,249,95,95,114,29,43,43],"floor_reached":33,"campfire_rested":3,"playtime":959,"current_hp_per_floor":[80,80,64,64,64,43,49,73,73,64,64,43,43,43,67,53,80,69,69,69,65,65,65,61,44,44,44,28,37,37,36,61],"items_purged":["Body Slam","Strike_R"],"gold":43,"score":307,"play_id":"81e1097c-d87c-43d9-a6f2-08a389fae029","is_prod":false,"is_daily":false,"is_ascension_mode":true,"campfire_upgraded":2,"path_taken":["M","?","?","$","?","E","M","R","T","E","R","E","$","?","R","BOSS","M","?","$","?","$","R","M","E","T","?","?","?","?","M","R","BOSS"],"build_version":"2018-02-22-PROD2","purchased_purges":3,"victory":false,"master_deck":["Strike_R+1","Strike_R","Defend_R+1","Defend_R+1","Defend_R+1","Bash+1","Pommel Strike","Double Tap+1","Cleave+1","Cleave+1","Flex","Thunderclap","Feed","Pommel Strike","Heavy Blade+1"],"max_hp_per_floor":[80,80,80,80,80,80,80,80,80,80,80,80,80,80,80,80,80,80,80,80,80,80,80,80,80,80,80,80,83,83,86,86],"relics":["Burning Blood","Bronze Scales","Sundial","Ice Cream","Bird Faced Urn","War Paint","Blood Vial","Sozu","Centennial Puzzle","Kunai","Anchor","Nilry\u0027s Codex","Frozen Eye"],"card_choices":[{"not_picked":["Body Slam","Searing Blow"],"picked":"Pommel Strike"},{"not_picked":["Warcry","Armaments"],"picked":"Double Tap"},{"not_picked":["Shrug It Off","Body Slam"],"picked":"Cleave"},{"not_picked":["Rampage","Wild Strike"],"picked":"Cleave"},{"not_picked":["Twin Strike","Sword Boomerang"],"picked":"Thunderclap"},{"not_picked":["Warcry","Ghostly Armor"],"picked":"Feed"},{"not_picked":["Power Through","Warcry"],"picked":"Pommel Strike"},{"not_picked":["Combust","Sword Boomerang"],"picked":"Heavy Blade"}],"player_experience":142717,"potions_floor_usage":[16,16,29],"damage_taken":[{"damage":0,"enemies":"Small Slimes","floor":1,"turns":3},{"damage":27,"enemies":"Gremlin Nob","floor":6,"turns":4},{"damage":0,"enemies":"Cultist","floor":7,"turns":3},{"damage":15,"enemies":"Lagavulin","floor":10,"turns":5},{"damage":27,"enemies":"Gremlin Nob","floor":12,"turns":4},{"damage":22,"enemies":"Slime Boss","floor":16,"turns":8},{"damage":17,"enemies":"2 Thieves","floor":18,"turns":4},{"damage":12,"enemies":"Chosen","floor":21,"turns":3},{"damage":12,"enemies":"Snake Plant","floor":24,"turns":3},{"damage":25,"enemies":"Slavers","floor":25,"turns":3},{"damage":2,"enemies":"Centurion and Healer","floor":29,"turns":3},{"damage":12,"enemies":"3 Cultists","floor":31,"turns":3},{"damage":107,"enemies":"Automaton","floor":33,"turns":6}],"event_choices":[{"event_name":"Accursed Blacksmith","player_choice":"Rummage","floor":2,"damage_taken":0},{"event_name":"Shining Light","player_choice":"Entered Light","floor":3,"damage_taken":0},{"event_name":"Living Wall","player_choice":"Change","floor":5,"damage_taken":0},{"event_name":"Purifier","player_choice":"One Purge","floor":14,"damage_taken":0},{"event_name":"Back to Basics","player_choice":"Elegance","floor":19,"damage_taken":0},{"event_name":"Cursed Tome","player_choice":"Obtained Book","floor":28,"damage_taken":0},{"event_name":"Addict","player_choice":"Obtained Relic","floor":30,"damage_taken":0}],"boss_relics":[{"not_picked":["Astrolabe","Snecko Eye"],"picked":"Sozu"}],"potions_floor_spawned":[6,10,16,21,29,31],"seed_played":"-5964516016428006561","killed_by":"Automaton","ascension_level":2,"is_trial":false}