{"gold_per_floor":[112,129,129,129,51,51,80,80,80,108,108,142,154,216,216,314,314,330,330,340,340,340,340,340,354,381,381,401,412,439,439,439,535,535,548,563,589,606,606,636,654,654,654,687,687,718,718,718,718,718],"floor_reached":51,"playtime":43516,"items_purged":[],"score":844,"play_id":"a56ec248-5a47-4910-9048-a89298b6a513","local_time":"20181110132753","is_ascension_mode":true,"campfire_choices":[{"data":"Armaments","floor":6,"key":"SMITH"},{"data":"Corruption","floor":8,"key":"SMITH"},{"floor":11,"key":"REST"},{"data":"Spot Weakness","floor":15,"key":"SMITH"},{"data":"Rampage","floor":23,"key":"SMITH"},{"data":"Dark Embrace","floor":27,"key":"SMITH"},{"floor":32,"key":"REST"},{"data":"Feed","floor":45,"key":"SMITH"},{"floor":49,"key":"REST"}],"neow_cost":"TEN_PERCENT_HP_LOSS","seed_source_timestamp":4001506256764049,"circlet_count":0,"master_deck":["Strike_R","Strike_R","Strike_R","Strike_R","Defend_R","Defend_R","Defend_R","Defend_R","Bash","Shockwave+1","Armaments+1","Rampage+1","Corruption+1","Spot Weakness+1","Exhume","Exhume","Body Slam","Sword Boomerang","Infernal Blade+1","Shame","Dark Embrace+1","Feed+1","Sentinel+1","Clumsy","Reaper","Pain","Seeing Red"],"relics":["Burning Blood","Ginger","Du-Vu Doll","Mummified Hand","Pantograph","Regal Pillow","Tiny Chest","Orrery","Pen Nib","Nilry\u0027s Codex","Strawberry","Centennial Puzzle","Magic Flower","Cursed Key","Bag of Preparation","Dodecahedron","Bottled Flame","Smiling Mask","Juzu Bracelet"],"potions_floor_usage":[30,30,50],"damage_taken":[{"damage":3,"enemies":"Small Slimes","floor":1,"turns":3},{"damage":12,"enemies":"2 Louse","floor":2,"turns":3},{"damage":32,"enemies":"3 Sentries","floor":7,"turns":7},{"damage":32,"enemies":"Gremlin Nob","floor":10,"turns":5},{"damage":0,"enemies":"Lagavulin","floor":12,"turns":7},{"damage":0,"enemies":"Jaw Worm","floor":13,"turns":2},{"damage":12,"enemies":"Gremlin Nob","floor":14,"turns":3},{"damage":27,"enemies":"Hexaghost","floor":16,"turns":9},{"damage":12,"enemies":"Spheric Guardian","floor":18,"turns":5},{"damage":1,"enemies":"Chosen","floor":20,"turns":3},{"damage":20,"enemies":"3 Cultists","floor":25,"turns":4},{"damage":16,"enemies":"Snake Plant","floor":28,"turns":2},{"damage":33,"enemies":"Sentry and Sphere","floor":29,"turns":4},{"damage":4,"enemies":"Gremlin Leader","floor":30,"turns":5},{"damage":54,"enemies":"Champ","floor":33,"turns":7},{"damage":13,"enemies":"3 Darklings","floor":35,"turns":3},{"damage":19,"enemies":"3 Shapes","floor":36,"turns":3},{"damage":11,"enemies":"Sphere and 2 Shapes","floor":38,"turns":3},{"damage":38,"enemies":"Nemesis","floor":40,"turns":5},{"damage":0,"enemies":"4 Shapes","floor":41,"turns":4},{"damage":7,"enemies":"Giant Head","floor":44,"turns":3},{"damage":56,"enemies":"Nemesis","floor":46,"turns":9},{"damage":86,"enemies":"Time Eater","floor":50,"turns":8}],"seed_played":"4218496105113197328","potions_obtained":[{"floor":7,"key":"Weak Potion"},{"floor":10,"key":"SteroidPotion"},{"floor":18,"key":"Ancient Potion"},{"floor":36,"key":"SpeedPotion"},{"floor":38,"key":"Poison Potion"}],"is_trial":false,"path_per_floor":["M","M","?","?","$","R","E","R","T","E","R","E","M","E","R","B",null,"M","?","M","$","?","R","$","M","T","R","M","M","E","T","R","B",null,"M","M","T","M","?","E","M","?","T","E","R","E","?","?","R","B",null],"character_chosen":"IRONCLAD","items_purchased":["Rampage"],"campfire_rested":3,"item_purchase_floors":[5],"current_hp_per_floor":[72,66,66,66,66,66,40,40,40,14,35,41,47,41,41,45,72,66,66,71,71,55,55,55,41,48,48,38,11,13,13,51,34,79,75,70,70,73,73,44,88,88,88,88,88,41,41,41,81,31],"gold":718,"neow_bonus":"ONE_RARE_RELIC","is_prod":false,"is_daily":false,"chose_seed":false,"campfire_upgraded":6,"win_rate":0,"timestamp":1541852873,"path_taken":["M","M","?","?","$","R","E","R","T","E","R","E","M","E","R","BOSS","M","?","M","$","?","R","$","M","T","R","M","M","E","?","R","BOSS","M","M","?","?","?","E","M","?","T","E","R","E","?","?","R","BOSS"],"build_version":"2018-11-08","purchased_purges":0,"victory":true,"max_hp_per_floor":[72,72,72,72,72,72,72,72,72,72,72,72,72,72,72,72,72,72,72,72,72,72,72,72,72,79,79,79,79,79,79,79,79,79,79,82,82,85,85,85,88,88,88,88,88,88,88,84,84,84],"card_choices":[{"not_picked":["Iron Wave","Shrug It Off"],"picked":"Shockwave","floor":1},{"not_picked":["Flex","Battle Trance"],"picked":"Armaments","floor":2},{"not_picked":["Rage","Immolate"],"picked":"Corruption","floor":7},{"not_picked":["Warcry","Clothesline","Perfected Strike"],"picked":"SKIP","floor":10},{"not_picked":["Iron Wave","Anger"],"picked":"Spot Weakness","floor":12},{"not_picked":["Pommel Strike","Second Wind","Burning Pact"],"picked":"SKIP","floor":13},{"not_picked":["Perfected Strike","Pommel Strike","Twin Strike"],"picked":"SKIP","floor":14},{"not_picked":["Fiend Fire","Double Tap"],"picked":"Exhume","floor":16},{"not_picked":["Twin Strike","Whirlwind"],"picked":"Exhume","floor":17},{"not_picked":["Warcry","Blood for Blood"],"picked":"Body Slam","floor":17},{"not_picked":["Second Wind","Iron Wave"],"picked":"Sword Boomerang","floor":17},{"not_picked":["Carnage","Clash"],"picked":"Infernal Blade+1","floor":18},{"not_picked":["Warcry+1","Power Through","Heavy Blade"],"picked":"SKIP","floor":20},{"not_picked":["Metallicize","Flex"],"picked":"Dark Embrace","floor":25},{"not_picked":["Perfected Strike","Searing Blow","Armaments"],"picked":"SKIP","floor":28},{"not_picked":["Flex","Warcry","Cleave+1"],"picked":"SKIP","floor":29},{"not_picked":["Wild Strike","Flex","Body Slam"],"picked":"SKIP","floor":30},{"not_picked":["Bludgeon","Offering"],"picked":"Feed","floor":33},{"not_picked":["Anger","Uppercut+1","Pommel Strike+1"],"picked":"SKIP","floor":35},{"not_picked":["Cleave","Power Through"],"picked":"Sentinel+1","floor":36},{"not_picked":["Infernal Blade","Anger"],"picked":"Reaper","floor":38},{"not_picked":["Sword Boomerang+1","Iron Wave","Thunderclap"],"picked":"SKIP","floor":40},{"not_picked":["Anger","Rampage","Havoc"],"picked":"SKIP","floor":41},{"not_picked":["Havoc","Twin Strike"],"picked":"Seeing Red","floor":44},{"not_picked":["Headbutt","Armaments","Wild Strike+1"],"picked":"SKIP","floor":46}],"player_experience":1631803,"relics_obtained":[{"floor":7,"key":"Du-Vu Doll"},{"floor":9,"key":"Mummified Hand"},{"floor":10,"key":"Pantograph"},{"floor":12,"key":"Regal Pillow"},{"floor":14,"key":"Tiny Chest"},{"floor":22,"key":"Nilry\u0027s Codex"},{"floor":26,"key":"Strawberry"},{"floor":30,"key":"Centennial Puzzle"},{"floor":31,"key":"Magic Flower"},{"floor":37,"key":"Bag of Preparation"},{"floor":40,"key":"Dodecahedron"},{"floor":43,"key":"Bottled Flame"},{"floor":44,"key":"Smiling Mask"},{"floor":46,"key":"Juzu Bracelet"}],"event_choices":[{"damage_healed":0,"gold_gain":0,"player_choice":"Leave","damage_taken":0,"max_hp_gain":0,"max_hp_loss":0,"event_name":"The Cleric","floor":3,"gold_loss":0},{"damage_healed":0,"gold_gain":0,"player_choice":"Grow","damage_taken":0,"max_hp_gain":0,"max_hp_loss":0,"event_name":"Living Wall","floor":4,"gold_loss":0,"cards_upgraded":["Shockwave"]},{"damage_healed":0,"gold_gain":0,"player_choice":"Stole Relic","damage_taken":0,"relics_obtained":["Pen Nib"],"max_hp_gain":0,"max_hp_loss":0,"event_name":"Addict","floor":19,"gold_loss":0,"cards_obtained":["Shame"]},{"damage_healed":0,"gold_gain":0,"player_choice":"Obtained Book","damage_taken":16,"max_hp_gain":0,"max_hp_loss":0,"event_name":"Cursed Tome","floor":22,"gold_loss":0},{"cards_removed":["Strike_R"],"damage_healed":0,"gold_gain":0,"player_choice":"Removed Attack","damage_taken":0,"max_hp_gain":0,"max_hp_loss":0,"event_name":"Falling","floor":39,"gold_loss":0},{"damage_healed":0,"gold_gain":0,"player_choice":"Ignored","damage_taken":0,"max_hp_gain":0,"max_hp_loss":0,"event_name":"Tomb of Lord Red Mask","floor":42,"gold_loss":0},{"damage_healed":0,"gold_gain":0,"player_choice":"Ignored","damage_taken":0,"max_hp_gain":0,"max_hp_loss":0,"event_name":"The Moai Head","floor":47,"gold_loss":0},{"damage_healed":0,"gold_gain":0,"player_choice":"Max HP","damage_taken":0,"max_hp_gain":0,"max_hp_loss":4,"event_name":"Winding Halls","floor":48,"gold_loss":0}],"is_beta":false,"boss_relics":[{"not_picked":["White Beast Statue","Fusion Hammer"],"picked":"Orrery"},{"not_picked":["Tiny House","Lizard Tail"],"picked":"Cursed Key"}],"items_purged_floors":[],"is_endless":false,"potions_floor_spawned":[7,10,18,20,25,36,38,46],"ascension_level":1}