{"gold_per_floor":[218,232,247,261,17,17,52,52,52,79,79,107,123,153,153,153],"floor_reached":16,"playtime":1192,"items_purged":[],"score":234,"play_id":"9abf712b-b4cb-4f58-8bc1-f38d44acd1f1","local_time":"20190211122721","is_ascension_mode":true,"campfire_choices":[{"data":"Deadly Poison","floor":6.0,"key":"SMITH"},{"floor":8.0,"key":"REST"},{"data":"Dagger Spray","floor":15,"key":"SMITH"}],"neow_cost":"NONE","seed_source_timestamp":57830441607600,"circlet_count":0,"master_deck":["AscendersBane","Defend_G","Defend_G","Defend_G","Defend_G","Defend_G","Strike_G","Strike_G","Strike_G","Strike_G","Strike_G","Survivor","Neutralize","Well Laid Plans","Flying Knee","Blur","Footwork","Deadly Poison+1","Dagger Spray+1","Catalyst","Catalyst"],"special_seed":0,"relics":["Ring of the Snake","OrangePellets","Pantograph","Question Card","Smiling Mask","Blue Candle","Art of War"],"potions_floor_usage":[16],"damage_taken":[{"damage":9.0,"enemies":"Jaw Worm","floor":1.0,"turns":8.0},{"damage":0.0,"enemies":"Cultist","floor":2.0,"turns":4.0},{"damage":0.0,"enemies":"Small Slimes","floor":3.0,"turns":4.0},{"damage":0.0,"enemies":"2 Fungi Beasts","floor":4.0,"turns":6.0},{"damage":30.0,"enemies":"3 Sentries","floor":7.0,"turns":10.0},{"damage":11.0,"enemies":"Lagavulin","floor":10.0,"turns":8.0},{"damage":15.0,"enemies":"3 Sentries","floor":12.0,"turns":10.0},{"damage":12.0,"enemies":"Gremlin Gang","floor":13.0,"turns":4.0},{"damage":23,"enemies":"Lagavulin","floor":14,"turns":7},{"damage":36,"enemies":"Slime Boss","floor":16,"turns":9}],"seed_played":"8193521607167771033","potions_obtained":[{"floor":1.0,"key":"FearPotion"},{"floor":2.0,"key":"GhostInAJar"},{"floor":12.0,"key":"LiquidBronze"},{"floor":13.0,"key":"Weak Potion"}],"is_trial":false,"path_per_floor":["?","M"],"character_chosen":"THE_SILENT","items_purchased":["OrangePellets","Deadly Poison"],"campfire_rested":1,"item_purchase_floors":[5,5],"current_hp_per_floor":[50,50,50,50,50,50,20,39,39,28,66,51,39,16,16,5],"gold":153,"neow_bonus":"HUNDRED_GOLD","is_prod":false,"is_daily":false,"chose_seed":false,"campfire_upgraded":2,"win_rate":0,"timestamp":1549855641,"path_taken":["M","M","M","M","$","R","E","R","T","E","?","E","?","E","R","BOSS"],"build_version":"2019-01-23","purchased_purges":0,"victory":false,"max_hp_per_floor":[66,66,66,66,66,66,66,66,66,66,66,66,66,66,66,66],"card_choices":[{"not_picked":["Flechettes","Finisher"],"picked":"Well Laid Plans","floor":1.0},{"not_picked":["Dagger Throw","Dodge and Roll"],"picked":"Flying Knee","floor":2.0},{"not_picked":["Expertise","Underhanded Strike"],"picked":"Blur","floor":3.0},{"not_picked":["Deadly Poison","Bullet Time"],"picked":"Footwork","floor":4.0},{"not_picked":["Choke","Prepared"],"picked":"Dagger Spray","floor":7.0},{"not_picked":["Blade Dance","Calculated Gamble","Distraction"],"picked":"Noxious Fumes","floor":10.0},{"not_picked":["Dagger Throw","Flying Knee","PiercingWail"],"picked":"Catalyst","floor":12.0},{"not_picked":["Deflect","Tactician","Flying Knee","Blade Dance"],"picked":"SKIP","floor":13.0},{"not_picked":["Flying Knee","Grand Finale","Dagger Throw"],"picked":"Catalyst","floor":14}],"player_experience":328186,"relics_obtained":[{"floor":7.0,"key":"Pantograph"},{"floor":9.0,"key":"Question Card"},{"floor":10.0,"key":"Smiling Mask"},{"floor":12.0,"key":"Blue Candle"},{"floor":14,"key":"Art of War"}],"event_choices":[{"cards_removed":["Noxious Fumes"],"damage_healed":38.0,"max_hp_gain":0.0,"max_hp_loss":0.0,"gold_gain":0.0,"event_name":"Bonfire Elementals","player_choice":"Offered Uncommon","floor":11.0,"gold_loss":0.0,"damage_taken":0.0}],"is_beta":false,"boss_relics":[],"items_purged_floors":[],"is_endless":false,"potions_floor_spawned":[1,2,12,13],"killed_by":"Slime Boss","ascension_level":16}