{"gold_per_floor":[118,136,136,136,61,94,44,77,77,77,111,125,144,169,169,297,297,320,320,230,250,268,268,304,304,304,319,362,16,57,7,7,136,136,152,165,165,180,203,203,216,254,254,292,332,332,332],"floor_reached":47,"playtime":2856,"items_purged":["Regret","Strike_R"],"score":724,"play_id":"ac7cbef7-0b4f-4e10-a3a2-87fee50aa242","local_time":"20190210214634","is_ascension_mode":true,"campfire_choices":[{"data":"Metallicize","floor":15,"key":"SMITH"},{"data":"Fire Breathing","floor":23,"key":"SMITH"},{"data":"Metallicize","floor":25,"key":"SMITH"},{"floor":32,"key":"RECALL"},{"data":"Searing Blow+1","floor":40,"key":"SMITH"}],"neow_cost":"NONE","seed_source_timestamp":252803180844365,"circlet_count":0,"master_deck":["Strike_R","Strike_R","Defend_R+1","Defend_R","Defend_R+1","Defend_R+1","Bash","Armaments+1","Body Slam","Infernal Blade+1","Uppercut","Feed","Fire Breathing+1","Armaments+1","Flame Barrier+1","Pommel Strike","Shockwave+1","Metallicize+1","Double Tap+1","Searing Blow+2","Body Slam","Iron Wave","Fire Breathing+1","Metallicize+1","Thunderclap+1","Entrench+1","Berserk","Reaper","Impervious+1","Evolve+1","Shrug It Off+1","Flex+1","Sword Boomerang+1","Heavy Blade+1","Headbutt+1","Blood for Blood+1"],"relics":["Burning Blood","Bag of Preparation","Shuriken","Toxic Egg 2","Prayer Wheel","Golden Idol","Potion Belt","Busted Crown","Blue Candle","Mango","WingedGreaves","Pocketwatch","Membership Card","Red Skull","War Paint","Sozu","Gambling Chip","Darkstone Periapt","Nunchaku","Bird Faced Urn"],"potions_floor_usage":[22,28,30,33,33,41],"damage_taken":[{"damage":4,"enemies":"2 Louse","floor":1,"turns":4},{"damage":7,"enemies":"Jaw Worm","floor":2,"turns":6},{"damage":13,"enemies":"Gremlin Nob","floor":6,"turns":4},{"damage":31,"enemies":"3 Sentries","floor":8,"turns":9},{"damage":10,"enemies":"Lagavulin","floor":11,"turns":5},{"damage":2,"enemies":"Small Slimes","floor":12,"turns":4},{"damage":2,"enemies":"3 Louse","floor":13,"turns":2},{"damage":3,"enemies":"Exordium Wildlife","floor":14,"turns":6},{"damage":27,"enemies":"The Guardian","floor":16,"turns":14},{"damage":0,"enemies":"Spheric Guardian","floor":18,"turns":2},{"damage":3,"enemies":"Chosen","floor":21,"turns":5},{"damage":25,"enemies":"Sentry and Sphere","floor":22,"turns":7},{"damage":13,"enemies":"Gremlin Leader","floor":24,"turns":5},{"damage":11,"enemies":"Chosen and Byrds","floor":27,"turns":5},{"damage":22,"enemies":"Book of Stabbing","floor":28,"turns":6},{"damage":25,"enemies":"Gremlin Leader","floor":30,"turns":5},{"damage":28,"enemies":"Automaton","floor":33,"turns":12},{"damage":22,"enemies":"Orb Walker","floor":35,"turns":4},{"damage":25,"enemies":"3 Darklings","floor":36,"turns":7},{"damage":1,"enemies":"Jaw Worm Horde","floor":38,"turns":5},{"damage":5,"enemies":"Maw","floor":39,"turns":6},{"damage":62,"enemies":"Spire Growth","floor":41,"turns":10},{"damage":41,"enemies":"Giant Head","floor":42,"turns":8},{"damage":13,"enemies":"Nemesis","floor":44,"turns":6},{"damage":22,"enemies":"Giant Head","floor":45,"turns":7},{"damage":83,"enemies":"Reptomancer","floor":47,"turns":2}],"seed_played":"7704017890732818255","potions_obtained":[{"floor":11,"key":"Regen Potion"},{"floor":12,"key":"Explosive Potion"},{"floor":16,"key":"Ancient Potion"},{"floor":18,"key":"Poison Potion"},{"floor":22,"key":"BloodPotion"},{"floor":28,"key":"Block Potion"},{"floor":30,"key":"EssenceOfSteel"}],"is_trial":false,"path_per_floor":["M","M","?","?","$","E","?","E","T","?","E","M","M","M","R","B",null,"M","?","?","M","M","R","E","R","T","M","E","$","E","$","R","B",null,"M","M","?","M","M","R","M","E","T","E","E","?","E"],"character_chosen":"IRONCLAD","items_purchased":["Membership Card","Berserk","Red Skull"],"campfire_rested":0,"item_purchase_floors":[29,29,29],"current_hp_per_floor":[80,79,79,79,79,72,72,47,47,27,23,30,34,41,41,20,87,87,87,87,87,72,72,82,82,82,80,79,79,63,63,63,63,118,114,113,121,124,124,124,85,57,57,62,58,58,0],"gold":332,"neow_bonus":"RANDOM_COMMON_RELIC","is_prod":false,"is_daily":false,"chose_seed":false,"campfire_upgraded":4,"win_rate":0,"timestamp":1549831594,"path_taken":["M","M","?","?","?","E","?","E","T","?","E","M","M","M","R","BOSS","M","?","?","M","M","R","E","R","T","?","E","?","E","$","R","BOSS","M","M","?","M","M","R","?","E","T","E","E","?","E"],"build_version":"2019-01-23","purchased_purges":2,"victory":false,"max_hp_per_floor":[80,80,80,80,80,80,80,80,80,80,80,83,83,87,87,87,87,87,87,87,87,91,91,108,108,108,111,111,111,114,114,114,118,118,121,121,121,124,124,124,128,128,128,128,128,128,128],"card_choices":[{"not_picked":["Wild Strike","Fire Breathing"],"picked":"Armaments","floor":1},{"not_picked":["Sword Boomerang","Iron Wave"],"picked":"Body Slam","floor":2},{"not_picked":["Bludgeon","Clash"],"picked":"Infernal Blade","floor":6},{"not_picked":["Clash","Perfected Strike"],"picked":"Uppercut","floor":8},{"not_picked":["True Grit+1","Entrench+1"],"picked":"Feed","floor":11},{"not_picked":["Pommel Strike","Headbutt"],"picked":"Fire Breathing","floor":12},{"not_picked":["Havoc+1","Pommel Strike"],"picked":"Armaments+1","floor":12},{"not_picked":["Limit Break+1","Pommel Strike"],"picked":"Flame Barrier+1","floor":13},{"not_picked":["Wild Strike","Heavy Blade"],"picked":"Pommel Strike","floor":13},{"not_picked":["Shrug It Off+1","Fire Breathing"],"picked":"Shockwave+1","floor":14},{"not_picked":["Bloodletting+1","Rampage"],"picked":"Metallicize","floor":14},{"not_picked":["Exhume+1","Fiend Fire"],"picked":"Double Tap+1","floor":16},{"not_picked":[],"picked":"Searing Blow+1","floor":18},{"not_picked":[],"picked":"Body Slam","floor":18},{"not_picked":[],"picked":"Iron Wave","floor":21},{"not_picked":["Perfected Strike+1"],"picked":"SKIP","floor":21},{"not_picked":[],"picked":"Fire Breathing+1","floor":22},{"not_picked":["Warcry+1"],"picked":"SKIP","floor":22},{"not_picked":[],"picked":"Metallicize","floor":24},{"not_picked":[],"picked":"Thunderclap+1","floor":27},{"not_picked":["Thunderclap"],"picked":"SKIP","floor":27},{"not_picked":[],"picked":"Entrench+1","floor":28},{"not_picked":[],"picked":"Reaper","floor":30},{"not_picked":[],"picked":"Impervious+1","floor":33},{"not_picked":["Thunderclap"],"picked":"SKIP","floor":35},{"not_picked":["Sword Boomerang"],"picked":"SKIP","floor":35},{"not_picked":[],"picked":"Evolve+1","floor":36},{"not_picked":["True Grit+1"],"picked":"SKIP","floor":36},{"not_picked":[],"picked":"Shrug It Off+1","floor":38},{"not_picked":["Sentinel+1"],"picked":"SKIP","floor":38},{"not_picked":[],"picked":"Flex+1","floor":39},{"not_picked":[],"picked":"Sword Boomerang+1","floor":39},{"not_picked":[],"picked":"Heavy Blade+1","floor":41},{"not_picked":[],"picked":"Headbutt+1","floor":41},{"not_picked":[],"picked":"Blood for Blood+1","floor":42},{"not_picked":["Thunderclap"],"picked":"SKIP","floor":44},{"not_picked":["Perfected Strike+1"],"picked":"SKIP","floor":45}],"player_experience":150903,"relics_obtained":[{"floor":6,"key":"Toxic Egg 2"},{"floor":8,"key":"Prayer Wheel"},{"floor":11,"key":"Potion Belt"},{"floor":24,"key":"Mango"},{"floor":26,"key":"WingedGreaves"},{"floor":28,"key":"Pocketwatch"},{"floor":30,"key":"War Paint"},{"floor":42,"key":"Gambling Chip"},{"floor":43,"key":"Darkstone Periapt"},{"floor":44,"key":"Nunchaku"},{"floor":45,"key":"Bird Faced Urn"}],"event_choices":[{"damage_healed":0,"gold_gain":0,"player_choice":"Grow","damage_taken":0,"max_hp_gain":0,"max_hp_loss":0,"event_name":"Living Wall","floor":3,"gold_loss":0,"cards_upgraded":["Armaments"]},{"damage_healed":0,"gold_gain":0,"player_choice":"Box","damage_taken":0,"relics_obtained":["Shuriken"],"max_hp_gain":0,"max_hp_loss":0,"event_name":"Big Fish","floor":4,"gold_loss":0,"cards_obtained":["Regret"]},{"cards_removed":["Strike_R"],"damage_healed":0,"gold_gain":0,"player_choice":"Card Removal","damage_taken":0,"max_hp_gain":0,"max_hp_loss":0,"event_name":"The Cleric","floor":7,"gold_loss":50},{"damage_healed":0,"gold_gain":0,"player_choice":"Take Damage","damage_taken":20,"relics_obtained":["Golden Idol"],"max_hp_gain":0,"max_hp_loss":0,"event_name":"Golden Idol","floor":10,"gold_loss":0},{"damage_healed":0,"gold_gain":0,"player_choice":"Opened","damage_taken":0,"relics_obtained":["Blue Candle"],"max_hp_gain":0,"max_hp_loss":0,"event_name":"The Mausoleum","floor":19,"gold_loss":0,"cards_obtained":["Writhe"]},{"cards_removed":["Strike_R"],"damage_healed":0,"gold_gain":0,"player_choice":"Upgrade and Remove","damage_taken":0,"max_hp_gain":0,"max_hp_loss":0,"event_name":"Designer","floor":20,"gold_loss":90,"cards_upgraded":["Defend_R"]},{"damage_healed":8,"gold_gain":0,"player_choice":"Full Heal","damage_taken":0,"max_hp_gain":0,"max_hp_loss":0,"event_name":"Wheel of Change","floor":37,"gold_loss":0},{"cards_removed":["Writhe"],"damage_healed":0,"gold_gain":0,"player_choice":"Removed Curses","damage_taken":0,"max_hp_gain":0,"max_hp_loss":0,"event_name":"Fountain of Cleansing","floor":46,"gold_loss":0}],"is_beta":false,"boss_relics":[{"not_picked":["Cursed Key","Calling Bell"],"picked":"Busted Crown"},{"not_picked":["Snecko Eye","Philosopher\u0027s Stone"],"picked":"Sozu"}],"items_purged_floors":[5,31],"is_endless":false,"potions_floor_spawned":[11,12,16,18,22,28,30,38,41,42,44],"killed_by":"Reptomancer","ascension_level":1}