{"gold_per_floor":[116,116,116,5,5,25,25,64,64,64,77,118,118,167,167,263,263,287,308,308,332,332,332,332,366,366,386,386,422,422,438,438,438],"floor_reached":33,"playtime":1100,"items_purged":[],"score":631,"play_id":"064beb86-ff5d-4274-86e7-6a519be556ff","local_time":"20180915155207","is_ascension_mode":true,"campfire_choices":[{"data":"Bash","floor":7,"key":"SMITH"},{"data":"Whirlwind","floor":15,"key":"SMITH"},{"data":"Evolve","floor":23,"key":"SMITH"},{"data":"Immolate","floor":30,"key":"SMITH"},{"floor":32,"key":"REST"}],"neow_cost":"NONE","seed_source_timestamp":131795907672062,"circlet_count":0,"master_deck":["Strike_R","Strike_R","Strike_R","Strike_R","Strike_R","Defend_R","Defend_R","Defend_R","Defend_R","Bash+1","AscendersBane","Armaments+1","Clothesline","Fiend Fire","Iron Wave","Whirlwind+1","Evolve+1","Wild Strike+1","Whirlwind+1","Writhe","Infernal Blade","Decay","Immolate+1","True Grit","Clothesline+1","Shrug It Off"],"relics":["Burning Blood","NeowsBlessing","Golden Idol","Gambling Chip","Pantograph","Orichalcum","Dream Catcher","Cursed Key","Gremlin Horn","Blood Vial","Anchor","Molten Egg 2"],"potions_floor_usage":[16,16,21,29,33],"damage_taken":[{"damage":0,"enemies":"Small Slimes","floor":1,"turns":1},{"damage":0,"enemies":"Cultist","floor":6,"turns":1},{"damage":0,"enemies":"3 Sentries","floor":8,"turns":1},{"damage":0,"enemies":"Jaw Worm","floor":11,"turns":3},{"damage":14,"enemies":"Lagavulin","floor":12,"turns":9},{"damage":52,"enemies":"The Guardian","floor":16,"turns":18},{"damage":13,"enemies":"Shell Parasite","floor":18,"turns":6},{"damage":21,"enemies":"Spheric Guardian","floor":19,"turns":5},{"damage":24,"enemies":"Cultist and Chosen","floor":21,"turns":4},{"damage":23,"enemies":"Slavers","floor":25,"turns":2},{"damage":22,"enemies":"Shelled Parasite and Fungi","floor":27,"turns":6},{"damage":3,"enemies":"Gremlin Leader","floor":29,"turns":5},{"damage":43,"enemies":"Snecko","floor":31,"turns":6},{"damage":88,"enemies":"Collector","floor":33,"turns":11}],"seed_played":"6174001600750506417","potions_obtained":[{"floor":2,"key":"FairyPotion"},{"floor":2,"key":"Swift Potion"},{"floor":19,"key":"FearPotion"},{"floor":27,"key":"Weak Potion"},{"floor":31,"key":"EssenceOfSteel"}],"is_trial":false,"path_per_floor":["M","?","?","$","?","M","R","E","T","$","M","E","?","T","R","B",null,"M","M","?","M","?","R","?","E","T","M","?","E","R","M","R"],"character_chosen":"IRONCLAD","items_purchased":["Clothesline","Fire Potion"],"campfire_rested":1,"item_purchase_floors":[4,4],"current_hp_per_floor":[74,74,74,74,48,54,54,60,60,60,66,58,58,58,58,29,64,57,42,85,67,67,67,67,50,50,36,53,58,58,23,48,0],"gold":438,"neow_bonus":"THREE_ENEMY_KILL","is_prod":false,"is_daily":false,"chose_seed":false,"campfire_upgraded":4,"win_rate":0,"timestamp":1537019527,"path_taken":["M","?","?","$","?","?","R","E","T","$","M","E","?","?","R","BOSS","M","M","?","M","?","R","?","E","T","?","?","E","R","M","R","BOSS"],"build_version":"2018-09-06","purchased_purges":0,"victory":false,"max_hp_per_floor":[75,75,75,75,75,75,75,75,75,75,75,75,75,75,75,75,75,75,75,85,85,85,85,85,85,85,85,85,85,85,85,85,85],"card_choices":[{"not_picked":["Havoc","Flex"],"picked":"Armaments","floor":1},{"not_picked":["Power Through","Armaments"],"picked":"Fiend Fire","floor":6},{"not_picked":["Blood for Blood","Reckless Charge"],"picked":"Iron Wave","floor":8},{"not_picked":["Warcry","Wild Strike","Havoc"],"picked":"SKIP","floor":11},{"not_picked":["Metallicize","Inflame"],"picked":"Whirlwind","floor":12},{"not_picked":["Reaper","Dark Embrace"],"picked":"Exhume","floor":16},{"not_picked":["Power Through","Hemokinesis"],"picked":"Evolve","floor":18},{"not_picked":["Heavy Blade","Thunderclap"],"picked":"Wild Strike+1","floor":19},{"not_picked":["Clothesline","Cleave"],"picked":"Whirlwind+1","floor":21},{"not_picked":["Hemokinesis+1","Cleave"],"picked":"Infernal Blade","floor":25},{"not_picked":["Twin Strike+1","Warcry+1"],"picked":"Immolate","floor":27},{"not_picked":["Clash","Iron Wave"],"picked":"True Grit","floor":29},{"not_picked":["Burning Pact+1","Whirlwind+1"],"picked":"Clothesline+1","floor":31},{"not_picked":["Metallicize","Wild Strike+1"],"picked":"Shrug It Off","floor":32}],"player_experience":1443380,"relics_obtained":[{"floor":8,"key":"Gambling Chip"},{"floor":9,"key":"Pantograph"},{"floor":12,"key":"Orichalcum"},{"floor":14,"key":"Dream Catcher"},{"floor":25,"key":"Blood Vial"},{"floor":26,"key":"Anchor"},{"floor":29,"key":"Molten Egg 2"}],"event_choices":[{"event_name":"The Lab","player_choice":"Got Potions","floor":2,"damage_taken":0},{"event_name":"Living Wall","player_choice":"Grow","floor":3,"damage_taken":0},{"event_name":"Golden Idol","player_choice":"Take Damage","floor":5,"damage_taken":0},{"event_name":"Liars Game","player_choice":"disagreed","floor":13,"damage_taken":0},{"event_name":"Bonfire Elementals","player_choice":"RARE","floor":20,"damage_taken":0},{"event_name":"The Mausoleum","player_choice":"Yes","floor":22,"damage_taken":0},{"event_name":"Vampires","player_choice":"Ignored","floor":24,"damage_taken":0},{"event_name":"The Library","player_choice":"Heal","floor":28,"damage_taken":0}],"is_beta":false,"boss_relics":[{"not_picked":["Pandora\u0027s Box","Empty Cage"],"picked":"Cursed Key"}],"items_purged_floors":[],"is_endless":false,"potions_floor_spawned":[8,11,19,27,31],"killed_by":"Collector","ascension_level":17}