{"gold_per_floor":[116,191,191,191,204,239,239,273,300,300,315,315,315,111,111,212,212,230,230,104,115,115,115,127,127],"floor_reached":25,"playtime":646,"items_purged":["Strike_R","Strike_R"],"score":278,"play_id":"c09411bd-7a46-483e-aafb-cf0909eafe76","local_time":"20190209202457","is_ascension_mode":true,"campfire_choices":[{"data":"Bash","floor":7.0,"key":"SMITH"},{"data":"Dropkick","floor":10.0,"key":"SMITH"},{"floor":13.0,"key":"REST"},{"data":"Rampage","floor":15.0,"key":"SMITH"},{"floor":23,"key":"REST"}],"neow_cost":"NONE","seed_source_timestamp":1132518970478102,"circlet_count":0,"master_deck":["Defend_R","Defend_R","Defend_R","Bash+1","Dropkick+1","Infernal Blade","Headbutt","Rampage+1","Limit Break","Evolve","Metallicize","Warcry+1","Ghostly Armor","Dropkick"],"special_seed":0,"relics":["Burning Blood","NeowsBlessing","Dream Catcher","Lantern","Smiling Mask","Omamori","Empty Cage"],"potions_floor_usage":[16,25],"damage_taken":[{"damage":0.0,"enemies":"2 Louse","floor":1.0,"turns":1.0},{"damage":0.0,"enemies":"Jaw Worm","floor":5.0,"turns":1.0},{"damage":0.0,"enemies":"Lagavulin","floor":6.0,"turns":1.0},{"damage":45.0,"enemies":"3 Sentries","floor":8.0,"turns":10.0},{"damage":0.0,"enemies":"Small Slimes","floor":11.0,"turns":2.0},{"damage":35,"enemies":"Slime Boss","floor":16,"turns":8},{"damage":28,"enemies":"2 Thieves","floor":18,"turns":4},{"damage":20,"enemies":"Shell Parasite","floor":21,"turns":4},{"damage":29,"enemies":"Colosseum Slavers","floor":22,"turns":3},{"damage":33,"enemies":"Snake Plant","floor":24,"turns":3},{"damage":24,"enemies":"Slavers","floor":25,"turns":1}],"seed_played":"-4432485521973552954","potions_obtained":[{"floor":6.0,"key":"Poison Potion"},{"floor":8.0,"key":"Strength Potion"},{"floor":11.0,"key":"Strength Potion"},{"floor":18,"key":"PowerPotion"}],"is_trial":false,"path_per_floor":["M","?","?","?","M","E","R","E","T","R","M","?","R","$","R","B",null,"M","?","$","M","?","R","M","E"],"character_chosen":"IRONCLAD","items_purchased":["Omamori","Metallicize"],"campfire_rested":2,"item_purchase_floors":[14,20],"current_hp_per_floor":[80,69,69,62,68,74,74,35,35,35,41,41,65,65,65,36,80,58,58,58,44,21,45,18,0],"gold":127,"neow_bonus":"THREE_ENEMY_KILL","is_prod":false,"is_daily":false,"chose_seed":false,"campfire_upgraded":3,"win_rate":0,"timestamp":1549740297,"path_taken":["M","?","?","?","M","E","R","E","T","R","M","?","R","$","R","BOSS","M","?","$","M","?","R","M","E"],"build_version":"2019-01-23","purchased_purges":2,"victory":false,"max_hp_per_floor":[80,80,80,80,80,80,80,80,80,80,80,80,80,80,80,80,80,80,80,80,80,80,80,80,80],"card_choices":[{"not_picked":["Flex","Feel No Pain","Searing Blow"],"picked":"SKIP","floor":1.0},{"not_picked":["Clothesline","Heavy Blade"],"picked":"Dropkick","floor":5.0},{"not_picked":["Bloodletting","Burning Pact"],"picked":"Infernal Blade","floor":6.0},{"not_picked":["Entrench","Havoc"],"picked":"Headbutt","floor":8.0},{"not_picked":["True Grit","Heavy Blade"],"picked":"Rampage","floor":11.0},{"not_picked":["Offering","Juggernaut"],"picked":"Limit Break","floor":16},{"not_picked":["Searing Blow+1","Perfected Strike"],"picked":"Evolve","floor":18},{"not_picked":["Armaments","Heavy Blade"],"picked":"Warcry+1","floor":21},{"not_picked":["Warcry","Iron Wave+1"],"picked":"Ghostly Armor","floor":23},{"not_picked":["Combust","Feel No Pain"],"picked":"Dropkick","floor":24}],"player_experience":47266,"relics_obtained":[{"floor":6.0,"key":"Dream Catcher"},{"floor":8.0,"key":"Lantern"},{"floor":9.0,"key":"Smiling Mask"}],"event_choices":[{"damage_healed":0.0,"max_hp_gain":0.0,"max_hp_loss":0.0,"gold_gain":75.0,"event_name":"World of Goop","player_choice":"Gather Gold","floor":2.0,"gold_loss":0.0,"damage_taken":11.0},{"damage_healed":0.0,"max_hp_gain":0.0,"max_hp_loss":0.0,"gold_gain":0.0,"event_name":"Liars Game","player_choice":"Ignored","floor":3.0,"gold_loss":0.0,"damage_taken":0.0},{"cards_removed":["Strike_R"],"damage_healed":0.0,"max_hp_gain":0.0,"max_hp_loss":0.0,"gold_gain":0.0,"event_name":"Golden Wing","player_choice":"Card Removal","floor":4.0,"gold_loss":0.0,"damage_taken":7.0},{"damage_healed":0.0,"max_hp_gain":0.0,"max_hp_loss":0.0,"gold_gain":0.0,"event_name":"Dead Adventurer","player_choice":"Searched \u00270\u0027 times","floor":12.0,"gold_loss":0.0,"damage_taken":0.0},{"cards_removed":["Defend_R"],"damage_healed":0,"gold_gain":0,"player_choice":"Elegance","damage_taken":0,"max_hp_gain":0,"max_hp_loss":0,"event_name":"Back to Basics","floor":19,"gold_loss":0},{"damage_healed":0,"gold_gain":0,"player_choice":"Fight","damage_taken":0,"max_hp_gain":0,"max_hp_loss":0,"event_name":"Colosseum","floor":22,"gold_loss":0},{"damage_healed":0,"gold_gain":0,"player_choice":"Fled From Nobs","damage_taken":0,"max_hp_gain":0,"max_hp_loss":0,"event_name":"Colosseum","floor":22,"gold_loss":0}],"is_beta":false,"boss_relics":[{"not_picked":["Snecko Eye","Coffee Dripper"],"picked":"Empty Cage"}],"items_purged_floors":[14,20],"is_endless":false,"potions_floor_spawned":[6,8,11,18,22],"killed_by":"Slavers","ascension_level":4}