{"gold_per_floor":[116,116,136,151,151,151,170,195,195,227,247,262,272,272,272,370,370,380,380,380,393,407,407,423,423,423,423,423],"floor_reached":28,"playtime":1601,"items_purged":[],"score":244,"play_id":"7022a514-4ad2-42dd-85b5-e8957c85487c","local_time":"20190209225906","is_ascension_mode":true,"campfire_choices":[{"data":"Armaments","floor":6,"key":"SMITH"},{"floor":15,"key":"RECALL"},{"floor":23,"key":"REST"},{"data":"Barricade","floor":25,"key":"SMITH"},{"data":"Armaments","floor":27,"key":"SMITH"}],"neow_cost":"NONE","seed_source_timestamp":172026961285520,"circlet_count":0,"master_deck":["Bash","Bloodletting","Power Through","Carnage","Armaments+1","Whirlwind","Seeing Red","Shrug It Off","Flex","Shockwave","Corruption","Barricade+1","Twin Strike","Iron Wave","Perfected Strike","Armaments+1","Whirlwind","Shockwave","Seeing Red","Dropkick","J.A.X.","Clash","Body Slam","Dual Wield"],"relics":["Burning Blood","WarpedTongs","Centennial Puzzle","Matryoshka","Question Card","Pandora\u0027s Box","Art of War","Darkstone Periapt","Sundial"],"potions_floor_usage":[10,16,22,28,28],"damage_taken":[{"damage":3,"enemies":"2 Louse","floor":1,"turns":3},{"damage":6,"enemies":"Cultist","floor":3,"turns":3},{"damage":3,"enemies":"Small Slimes","floor":4,"turns":3},{"damage":3,"enemies":"2 Fungi Beasts","floor":7,"turns":3},{"damage":24,"enemies":"Gremlin Nob","floor":8,"turns":4},{"damage":4,"enemies":"Lagavulin","floor":10,"turns":5},{"damage":4,"enemies":"Exordium Wildlife","floor":11,"turns":4},{"damage":3,"enemies":"Blue Slaver","floor":12,"turns":2},{"damage":0,"enemies":"2 Fungi Beasts","floor":13,"turns":2},{"damage":13,"enemies":"The Guardian","floor":16,"turns":7},{"damage":18,"enemies":"2 Thieves","floor":18,"turns":2},{"damage":16,"enemies":"Chosen","floor":21,"turns":5},{"damage":16,"enemies":"Snake Plant","floor":22,"turns":5},{"damage":16,"enemies":"Centurion and Healer","floor":24,"turns":4},{"damage":74,"enemies":"Gremlin Leader","floor":28,"turns":6}],"seed_played":"-5205049457178472977","potions_obtained":[{"floor":3,"key":"Explosive Potion"},{"floor":7,"key":"Block Potion"},{"floor":8,"key":"SpeedPotion"},{"floor":10,"key":"GamblersBrew"},{"floor":11,"key":"FairyPotion"},{"floor":16,"key":"Weak Potion"},{"floor":22,"key":"GamblersBrew"}],"is_trial":false,"path_per_floor":["M","?","M","M","?","R","M","E","T","E","M","M","M","?","R","B",null,"M","?","?","M","M","R","M","R","T","R","E"],"character_chosen":"IRONCLAD","items_purchased":[],"campfire_rested":1,"item_purchase_floors":[],"current_hp_per_floor":[80,80,80,80,80,80,80,62,62,64,66,69,75,75,75,68,80,68,68,68,58,48,72,62,62,62,62,0],"gold":423,"neow_bonus":"THREE_CARDS","is_prod":false,"is_daily":false,"chose_seed":false,"campfire_upgraded":3,"win_rate":0,"timestamp":1549749546,"path_taken":["M","?","M","?","?","R","M","E","T","E","M","?","M","?","R","BOSS","M","?","?","M","M","R","M","R","T","R","E"],"build_version":"2019-01-23","purchased_purges":0,"victory":false,"max_hp_per_floor":[80,80,80,80,80,80,80,80,80,80,80,80,80,80,80,80,80,80,80,80,80,80,80,80,80,80,80,80],"card_choices":[{"not_picked":["Sword Boomerang","Thunderclap"],"picked":"Bloodletting","floor":0},{"not_picked":["Thunderclap","Havoc"],"picked":"Power Through","floor":1},{"not_picked":["Thunderclap","Cleave"],"picked":"Carnage","floor":3},{"not_picked":["Bloodletting","Flex"],"picked":"Armaments","floor":4},{"not_picked":["Warcry","Second Wind"],"picked":"Whirlwind","floor":7},{"not_picked":["Cleave","Burning Pact"],"picked":"Seeing Red","floor":8},{"not_picked":["Fiend Fire","Sword Boomerang"],"picked":"Shrug It Off","floor":10},{"not_picked":["Iron Wave","Headbutt","Sword Boomerang"],"picked":"Flex","floor":11},{"not_picked":["Warcry","Pommel Strike","Heavy Blade"],"picked":"Shockwave","floor":12},{"not_picked":["Rupture","Dual Wield","Twin Strike"],"picked":"Corruption","floor":13},{"not_picked":["Bludgeon","Feed","Impervious"],"picked":"Barricade","floor":16},{"not_picked":["Battle Trance","Hemokinesis+1","Pommel Strike","Anger"],"picked":"SKIP","floor":18},{"not_picked":["Battle Trance","Pommel Strike","Burning Pact+1"],"picked":"Clash","floor":21},{"not_picked":["Rampage","Fire Breathing","Rage"],"picked":"Body Slam","floor":22},{"not_picked":["Spot Weakness","Sever Soul","Combust"],"picked":"Dual Wield","floor":24}],"player_experience":117057,"relics_obtained":[{"floor":8,"key":"Centennial Puzzle"},{"floor":9,"key":"Matryoshka"},{"floor":10,"key":"Question Card"},{"floor":26,"key":"Darkstone Periapt"},{"floor":26,"key":"Sundial"}],"event_choices":[{"damage_healed":0,"gold_gain":0,"player_choice":"Rummage","damage_taken":0,"relics_obtained":["WarpedTongs"],"max_hp_gain":0,"max_hp_loss":0,"event_name":"Accursed Blacksmith","floor":2,"gold_loss":0,"cards_obtained":["Pain"]},{"cards_removed":["Pain"],"damage_healed":0,"gold_gain":0,"player_choice":"Purged","damage_taken":0,"max_hp_gain":0,"max_hp_loss":0,"event_name":"Purifier","floor":5,"gold_loss":0},{"cards_removed":["Strike_R"],"damage_healed":0,"gold_gain":0,"player_choice":"Forget","damage_taken":0,"max_hp_gain":0,"max_hp_loss":0,"event_name":"Living Wall","floor":14,"gold_loss":0},{"damage_healed":0,"gold_gain":0,"player_choice":"Opened","damage_taken":0,"relics_obtained":["Art of War"],"max_hp_gain":0,"max_hp_loss":0,"event_name":"The Mausoleum","floor":19,"gold_loss":0},{"damage_healed":0,"gold_gain":0,"player_choice":"Obtain J.A.X.","damage_taken":0,"max_hp_gain":0,"max_hp_loss":0,"event_name":"Drug Dealer","floor":20,"gold_loss":0,"cards_obtained":["J.A.X."]}],"is_beta":false,"boss_relics":[{"not_picked":["Cursed Key","Runic Pyramid"],"picked":"Pandora\u0027s Box"}],"items_purged_floors":[],"is_endless":false,"potions_floor_spawned":[3,7,8,10,11,16,22],"killed_by":"Gremlin Leader","ascension_level":1}