{"gold_per_floor":[118,197,211,223,398,398,423,423,423,456,232,232,261,261,261,362,362,373,298,98,109,120,150,150,168,168,168,268,318,336,336,336,435,435,450,207,207,218,218,251,251,278,278,278,296,110,110,130,130,130,130,130,5,38,38],"floor_reached":55,"playtime":7116,"items_purged":["Doubt","Defend_B","Doubt"],"score":855,"play_id":"468b6eca-b5c0-4c9f-8398-e7dd656b5d2d","local_time":"20190214011200","is_ascension_mode":true,"campfire_choices":[{"data":"Dualcast","floor":6.0,"key":"SMITH"},{"data":"Compile Driver","floor":8.0,"key":"SMITH"},{"data":"Defragment","floor":12.0,"key":"SMITH"},{"floor":15.0,"key":"REST"},{"data":"Leap","floor":24.0,"key":"SMITH"},{"data":"Zap","floor":27.0,"key":"SMITH"},{"data":"Rainbow","floor":32.0,"key":"SMITH"},{"floor":41.0,"key":"REST"},{"floor":44,"key":"REST"},{"floor":49,"key":"RECALL"},{"data":"FTL","floor":52,"key":"SMITH"}],"neow_cost":"NONE","seed_source_timestamp":1386066974634800,"circlet_count":0,"master_deck":["Strike_B","Strike_B+1","Strike_B+1","Strike_B","Defend_B","Defend_B+1","Zap+1","Dualcast+1","Compile Driver+1","Reinforced Body","Coolheaded+1","BootSequence","Defragment+1","Coolheaded+1","Rainbow+1","FTL+1","Conserve Battery","Ball Lightning","Stack+1","Leap+1","Undo+1","Steam Power+1","Seek","Redo+1","Madness","Madness","Capacitor+1","Static Discharge+1","Ball Lightning+1","Go for the Eyes+1","Defragment+1"],"special_seed":0,"relics":["Cracked Core","Tiny Chest","Ginger","Shuriken","Art of War","Strawberry","Boot","Nuclear Battery","Anchor","Gambling Chip","Frozen Egg 2","Dead Branch","Pantograph","Happy Flower","Pear","Black Star","War Paint","Bottled Tornado","Oddly Smooth Stone","Matryoshka","Turnip","Orichalcum","Mummified Hand","Whetstone","Lantern","Bronze Scales"],"potions_floor_usage":[48,50],"damage_taken":[{"damage":6.0,"enemies":"Cultist","floor":1.0,"turns":4.0},{"damage":0.0,"enemies":"2 Louse","floor":3.0,"turns":3.0},{"damage":3.0,"enemies":"Small Slimes","floor":4.0,"turns":4.0},{"damage":20.0,"enemies":"Gremlin Nob","floor":7.0,"turns":5.0},{"damage":10.0,"enemies":"Lagavulin","floor":10.0,"turns":8.0},{"damage":15.0,"enemies":"Gremlin Nob","floor":13.0,"turns":4.0},{"damage":3.0,"enemies":"The Guardian","floor":16.0,"turns":13.0},{"damage":0.0,"enemies":"Chosen","floor":18.0,"turns":4.0},{"damage":0.0,"enemies":"Shell Parasite","floor":21.0,"turns":5.0},{"damage":15.0,"enemies":"Shelled Parasite and Fungi","floor":22.0,"turns":4.0},{"damage":11.0,"enemies":"Book of Stabbing","floor":23.0,"turns":6.0},{"damage":0.0,"enemies":"Chosen and Byrds","floor":25.0,"turns":4.0},{"damage":0.0,"enemies":"Colosseum Slavers","floor":28.0,"turns":4.0},{"damage":19.0,"enemies":"Colosseum Nobs","floor":28.0,"turns":5.0},{"damage":0.0,"enemies":"Snake Plant","floor":30.0,"turns":4.0},{"damage":64.0,"enemies":"Collector","floor":33.0,"turns":13.0},{"damage":0.0,"enemies":"Orb Walker","floor":35.0,"turns":3.0},{"damage":8.0,"enemies":"3 Darklings","floor":38.0,"turns":6.0},{"damage":55.0,"enemies":"Giant Head","floor":40.0,"turns":10.0},{"damage":11.0,"enemies":"Nemesis","floor":42.0,"turns":7.0},{"damage":49,"enemies":"Writhing Mass","floor":45,"turns":4},{"damage":0,"enemies":"Maw","floor":48,"turns":6},{"damage":23,"enemies":"Time Eater","floor":50,"turns":12},{"damage":46,"enemies":"Shield and Spear","floor":54,"turns":7},{"damage":71,"enemies":"The Heart","floor":55,"turns":6}],"seed_played":"149921146999251950","potions_obtained":[{"floor":0.0,"key":"Energy Potion"},{"floor":0.0,"key":"GamblersBrew"},{"floor":0.0,"key":"SteroidPotion"},{"floor":7.0,"key":"Weak Potion"},{"floor":10.0,"key":"GamblersBrew"},{"floor":16.0,"key":"EssenceOfSteel"},{"floor":21.0,"key":"FocusPotion"},{"floor":22.0,"key":"LiquidBronze"},{"floor":25.0,"key":"Block Potion"},{"floor":35.0,"key":"SkillPotion"},{"floor":42,"key":"Poison Potion"},{"floor":45,"key":"Energy Potion"},{"floor":48,"key":"Weak Potion"}],"is_trial":false,"path_per_floor":["M","T","M","M","?","R","E","R","T","E","$","R","E","?","R","B",null,"M","?","$","M","M","E","R","M","T","R","?","T","M","T","R","B",null,"M","$","?","M","T","E","R","E","T","R","M","$","?","M","R","B",null,"R","$","E","B"],"character_chosen":"DEFECT","items_purchased":["Strawberry","Conserve Battery","Anchor","War Paint","Defragment+1","Whetstone"],"campfire_rested":3,"item_purchase_floors":[11,20,20,36,46,46],"current_hp_per_floor":[69,69,69,66,66,66,46,46,46,36,43,43,28,28,52,49,82,82,82,82,82,67,56,56,56,56,56,37,37,37,47,47,8,92,92,92,80,72,72,17,44,33,33,60,11,11,92,92,92,69,92,92,92,46,0],"gold":38,"neow_bonus":"THREE_SMALL_POTIONS","is_prod":false,"is_daily":false,"chose_seed":false,"campfire_upgraded":7,"win_rate":0,"timestamp":1550103120,"path_taken":["M","?","M","M","?","R","E","R","T","E","$","R","E","?","R","BOSS","M","?","$","M","M","E","R","M","T","R","?","?","M","?","R","BOSS","M","$","?","M","?","E","R","E","T","R","M","$","?","M","R","BOSS","R","$","E","BOSS"],"build_version":"2019-01-23","purchased_purges":3,"victory":false,"max_hp_per_floor":[75,75,75,75,75,75,75,75,75,75,82,82,82,82,82,82,82,82,82,82,82,82,82,82,82,82,82,82,82,82,92,92,92,92,92,92,92,92,92,92,92,92,92,92,92,92,92,92,92,92,92,92,92,92,92],"card_choices":[{"not_picked":["Steam Power","Steam"],"picked":"Compile Driver","floor":1.0},{"not_picked":["Gash","Double Energy"],"picked":"Reinforced Body","floor":3.0},{"not_picked":["Gash","Steam"],"picked":"Coolheaded","floor":4.0},{"not_picked":["Reboot","Double Energy"],"picked":"BootSequence","floor":7.0},{"not_picked":["Coolheaded","Hello World"],"picked":"Defragment","floor":10.0},{"not_picked":["Fusion","Rebound"],"picked":"Coolheaded","floor":13.0},{"not_picked":["Core Surge","Hyperbeam"],"picked":"Rainbow","floor":16.0},{"not_picked":["Rebound","Sweeping Beam"],"picked":"FTL","floor":18.0},{"not_picked":["Sweeping Beam","Streamline+1"],"picked":"Ball Lightning","floor":21.0},{"not_picked":["Go for the Eyes","Turbo"],"picked":"Stack+1","floor":22.0},{"not_picked":["Hologram","Steam"],"picked":"Leap","floor":23.0},{"not_picked":["Turbo","Ball Lightning"],"picked":"Undo+1","floor":25.0},{"not_picked":["Blizzard","Darkness"],"picked":"Steam Power+1","floor":28.0},{"not_picked":["Aggregate","Gash","Genetic Algorithm"],"picked":"SKIP","floor":30.0},{"not_picked":["Reboot","Rainbow"],"picked":"Seek","floor":33.0},{"not_picked":["Sweeping Beam","Leap+1"],"picked":"Redo+1","floor":35.0},{"not_picked":["Coolheaded","Compile Driver+1"],"picked":"Capacitor+1","floor":38.0},{"not_picked":["Skim+1","Stack+1"],"picked":"Static Discharge+1","floor":40.0},{"not_picked":["Double Energy","Leap"],"picked":"Ball Lightning+1","floor":42},{"not_picked":["Reboot","Gash+1"],"picked":"Go for the Eyes+1","floor":45},{"not_picked":["Sunder","Ball Lightning+1","Stack+1"],"picked":"SKIP","floor":48},{"not_picked":["Tempest","Hologram","Rainbow"],"picked":"SKIP","floor":54}],"player_experience":165357,"relics_obtained":[{"floor":2.0,"key":"Tiny Chest"},{"floor":7.0,"key":"Ginger"},{"floor":9.0,"key":"Shuriken"},{"floor":10.0,"key":"Art of War"},{"floor":13.0,"key":"Boot"},{"floor":23.0,"key":"Gambling Chip"},{"floor":26.0,"key":"Frozen Egg 2"},{"floor":28.0,"key":"Dead Branch"},{"floor":28.0,"key":"Pantograph"},{"floor":29.0,"key":"Happy Flower"},{"floor":31.0,"key":"Pear"},{"floor":39.0,"key":"Bottled Tornado"},{"floor":40.0,"key":"Oddly Smooth Stone"},{"floor":40.0,"key":"Matryoshka"},{"floor":42,"key":"Turnip"},{"floor":42,"key":"Orichalcum"},{"floor":43,"key":"Mummified Hand"},{"floor":54,"key":"Lantern"},{"floor":54,"key":"Bronze Scales"}],"event_choices":[{"damage_healed":0.0,"max_hp_gain":0.0,"max_hp_loss":0.0,"gold_gain":175.0,"event_name":"Liars Game","player_choice":"AGREE","floor":5.0,"gold_loss":0.0,"damage_taken":0.0,"cards_obtained":["Doubt"]},{"damage_healed":0.0,"max_hp_gain":0.0,"max_hp_loss":0.0,"gold_gain":0.0,"event_name":"Living Wall","player_choice":"Grow","floor":14.0,"gold_loss":0.0,"damage_taken":0.0,"cards_upgraded":["Coolheaded"]},{"cards_removed":["Defend_B"],"damage_healed":0.0,"max_hp_gain":0.0,"max_hp_loss":0.0,"gold_gain":0.0,"event_name":"Beggar","player_choice":"Gave Gold","floor":19.0,"gold_loss":75.0,"damage_taken":0.0},{"damage_healed":0.0,"max_hp_gain":0.0,"max_hp_loss":0.0,"gold_gain":0.0,"event_name":"Colosseum","player_choice":"Fight","floor":28.0,"gold_loss":0.0,"damage_taken":0.0},{"damage_healed":0.0,"max_hp_gain":0.0,"max_hp_loss":0.0,"gold_gain":0.0,"event_name":"Colosseum","player_choice":"Fought Nobs","floor":28.0,"gold_loss":0.0,"damage_taken":0.0},{"damage_healed":0.0,"max_hp_gain":0.0,"max_hp_loss":0.0,"gold_gain":0.0,"event_name":"Winding Halls","player_choice":"Embrace Madness","floor":37.0,"gold_loss":0.0,"damage_taken":12.0,"cards_obtained":["Madness","Madness"]},{"damage_healed":81,"gold_gain":0,"player_choice":"Heal","damage_taken":0,"max_hp_gain":0,"max_hp_loss":0,"event_name":"MindBloom","floor":47,"gold_loss":0,"cards_obtained":["Doubt"]}],"is_beta":false,"boss_relics":[{"not_picked":["Eternal Feather","Pandora\u0027s Box"],"picked":"Nuclear Battery"},{"not_picked":["Orrery","FrozenCore"],"picked":"Black Star"}],"items_purged_floors":[11,36,53],"is_endless":false,"potions_floor_spawned":[7,10,16,21,22,25,35,42,45,48],"killed_by":"The Heart","ascension_level":2}