{"gold_per_floor":[116,127,142,142,159,159,188,188,270,302,319,344,344,356,356,428,428,438,301,311,328,378,378,398,398],"floor_reached":25,"playtime":1278,"items_purged":[],"score":376,"play_id":"32fcb02a-e48e-405c-bcf7-0c5138c73dba","local_time":"20180716201558","is_ascension_mode":true,"campfire_choices":[{"data":"Flame Barrier","floor":6,"key":"SMITH"},{"data":"True Grit","floor":8,"key":"SMITH"},{"data":"Spot Weakness","floor":13,"key":"SMITH"},{"floor":15,"key":"REST"},{"floor":23,"key":"REST"}],"neow_cost":"NONE","seed_source_timestamp":505127824380839,"circlet_count":0,"master_deck":["Strike_R","Strike_R","Strike_R","Strike_R","Strike_R","Defend_R","Defend_R","Defend_R","Defend_R","Bash+1","AscendersBane","Shrug It Off","Flame Barrier+1","True Grit+1","Spot Weakness+1","Clothesline","Shrug It Off","Barricade","Limit Break","Shrug It Off+1"],"relics":["Burning Blood","Calipers","Dodecahedron","Boot","Odd Mushroom","Snecko Eye"],"potions_floor_usage":[7,16,16,18,21,25],"damage_taken":[{"damage":6,"enemies":"Cultist","floor":1,"turns":4},{"damage":0,"enemies":"Small Slimes","floor":2,"turns":3},{"damage":6,"enemies":"Jaw Worm","floor":3,"turns":4},{"damage":1,"enemies":"Large Slime","floor":5,"turns":6},{"damage":26,"enemies":"Lagavulin","floor":7,"turns":13},{"damage":9,"enemies":"3 Sentries","floor":10,"turns":8},{"damage":0,"enemies":"2 Fungi Beasts","floor":11,"turns":4},{"damage":37,"floor":12,"turns":7},{"damage":16,"enemies":"Lots of Slimes","floor":14,"turns":5},{"damage":17,"enemies":"Hexaghost","floor":16,"turns":11},{"damage":16,"enemies":"2 Thieves","floor":18,"turns":5},{"damage":32,"enemies":"Spheric Guardian","floor":20,"turns":6},{"damage":24,"enemies":"Snake Plant","floor":21,"turns":5},{"damage":0,"enemies":"Chosen and Byrds","floor":24,"turns":5},{"damage":37,"enemies":"Slavers","floor":25,"turns":3}],"seed_played":"7216059607816027273","potions_obtained":[{"floor":2,"key":"Swift Potion"},{"floor":7,"key":"PowerPotion"},{"floor":12,"key":"EssenceOfSteel"},{"floor":16,"key":"SkillPotion"},{"floor":18,"key":"Weak Potion"},{"floor":20,"key":"Weak Potion"}],"is_trial":false,"path_per_floor":["M","M","M","?","M","R","E","R","T","E","M","?","R","M","R","B",null,"M","$","M","M","?","R","M"],"character_chosen":"IRONCLAD","items_purchased":["Limit Break"],"campfire_rested":2,"item_purchase_floors":[19],"current_hp_per_floor":[68,74,74,63,68,68,48,48,48,45,51,20,20,10,32,21,62,52,52,26,8,8,30,36,0],"gold":398,"neow_bonus":"UPGRADE_CARD","is_prod":false,"is_daily":false,"chose_seed":false,"campfire_upgraded":3,"win_rate":0,"timestamp":1531764958,"path_taken":["M","M","M","?","M","R","E","R","T","E","?","?","R","M","R","BOSS","M","$","M","?","?","R","M","E"],"build_version":"2018-07-12","purchased_purges":0,"victory":false,"max_hp_per_floor":[75,75,75,75,75,75,75,75,75,75,75,75,75,75,75,75,75,75,75,75,75,75,75,75,75],"card_choices":[{"not_picked":["Warcry","Heavy Blade"],"picked":"Shrug It Off","floor":1},{"not_picked":["Heavy Blade","Twin Strike"],"picked":"Flame Barrier","floor":2},{"not_picked":["Anger","Second Wind"],"picked":"True Grit","floor":3},{"not_picked":["Seeing Red","Clash","Flex"],"picked":"SKIP","floor":5},{"not_picked":["Entrench","True Grit"],"picked":"Spot Weakness","floor":7},{"not_picked":["Havoc","Searing Blow","Rampage"],"picked":"SKIP","floor":10},{"not_picked":["Flex","Ghostly Armor","Corruption"],"picked":"SKIP","floor":11},{"not_picked":["Burning Pact","Dark Embrace"],"picked":"Clothesline","floor":12},{"not_picked":["Corruption","Reckless Charge"],"picked":"Shrug It Off","floor":14},{"not_picked":["Impervious","Exhume"],"picked":"Barricade","floor":16},{"not_picked":["Intimidate","Second Wind","Power Through"],"picked":"SKIP","floor":18},{"not_picked":["Body Slam","Headbutt","Iron Wave"],"picked":"SKIP","floor":20},{"not_picked":["Pummel","Headbutt","Dropkick+1"],"picked":"SKIP","floor":21},{"not_picked":["True Grit","Wild Strike"],"picked":"Shrug It Off+1","floor":24}],"player_experience":1065996,"relics_obtained":[{"floor":7,"key":"Calipers"},{"floor":9,"key":"Dodecahedron"},{"floor":10,"key":"Boot"},{"floor":12,"key":"Odd Mushroom"}],"event_choices":[{"event_name":"Wheel of Change","player_choice":"Damage","floor":4,"damage_taken":0},{"event_name":"Mushrooms","player_choice":"Fought Mushrooms","floor":12,"damage_taken":0},{"event_name":"Nest","player_choice":"Stole From Cult","floor":22,"damage_taken":0}],"boss_relics":[{"not_picked":["Coffee Dripper","Tiny House"],"picked":"Snecko Eye"}],"items_purged_floors":[],"is_endless":false,"potions_floor_spawned":[2,7,12,14,16,18,20],"killed_by":"Slavers","ascension_level":15}