{"gold_per_floor":[114,189,114,125,151,186,186,186,234,245,145,145,165,181,181,284,284,300,314,111,131,131,131,14,24,24,24,35,35,45,45,45,149,149,167,17,35,82,102,102,131,141,141,141,175,25,59,72,72,72],"floor_reached":51,"playtime":2912,"items_purged":["Strike_B","Defend_B","Strike_B","Strike_B"],"score":824,"play_id":"6f60f68b-20db-46a9-bfe6-1872d80dde01","local_time":"20190210224749","is_ascension_mode":true,"campfire_choices":[{"data":"Dualcast","floor":7.0,"key":"SMITH"},{"data":"Hologram","floor":12.0,"key":"SMITH"},{"data":"Go for the Eyes","floor":15.0,"key":"SMITH"},{"data":"Scrape","floor":23.0,"key":"SMITH"},{"data":"Fission","floor":29.0,"key":"SMITH"},{"floor":32.0,"key":"REST"},{"floor":40.0,"key":"REST"},{"data":"Self Repair","floor":44.0,"key":"SMITH"},{"data":"Coolheaded","floor":49,"key":"SMITH"}],"neow_cost":"NONE","seed_source_timestamp":0,"circlet_count":0,"master_deck":["Strike_B","Defend_B","Defend_B","Defend_B","Zap","Dualcast+1","Auto Shields","Hologram+1","Cold Snap","Gash","Core Surge","Go for the Eyes+1","Fission+1","BootSequence+1","Scrape+1","Gash","Gash","Gash","Self Repair+1","Gash+1","All For One","Leap+1","Reinforced Body+1","Steam","Beam Cell+1","Coolheaded+1","Hologram","Scrape+1"],"special_seed":0,"relics":["Cracked Core","NeowsBlessing","Bag of Marbles","StoneCalendar","Dream Catcher","Nuclear Battery","Anchor","Letter Opener","Nilry\u0027s Codex","Black Star","Mango","Molten Egg 2","Cables","Sundial","Omamori","Gremlin Horn","Bag of Preparation","Torii","Pocketwatch"],"potions_floor_usage":[45,50,50],"damage_taken":[{"damage":0.0,"enemies":"Small Slimes","floor":1.0,"turns":1.0},{"damage":0.0,"enemies":"Jaw Worm","floor":4.0,"turns":1.0},{"damage":0.0,"enemies":"Gremlin Nob","floor":6.0,"turns":1.0},{"damage":0.0,"enemies":"Cultist","floor":10.0,"turns":3.0},{"damage":1.0,"enemies":"Looter","floor":13.0,"turns":3.0},{"damage":6.0,"enemies":"Red Slaver","floor":14.0,"turns":2.0},{"damage":22.0,"enemies":"The Guardian","floor":16.0,"turns":10.0},{"damage":12.0,"enemies":"2 Thieves","floor":18.0,"turns":5.0},{"damage":0.0,"enemies":"Spheric Guardian","floor":19.0,"turns":3.0},{"damage":2.0,"enemies":"Cultist and Chosen","floor":21.0,"turns":7.0},{"damage":18.0,"enemies":"Sentry and Sphere","floor":25.0,"turns":6.0},{"damage":7.0,"enemies":"Centurion and Healer","floor":28.0,"turns":5.0},{"damage":0.0,"enemies":"3 Cultists","floor":30.0,"turns":4.0},{"damage":59.0,"enemies":"Automaton","floor":33.0,"turns":8.0},{"damage":0.0,"enemies":"3 Shapes","floor":35.0,"turns":4.0},{"damage":14.0,"enemies":"3 Darklings","floor":37.0,"turns":4.0},{"damage":25.0,"enemies":"2 Orb Walkers","floor":38.0,"turns":5.0},{"damage":22.0,"enemies":"Sphere and 2 Shapes","floor":39.0,"turns":6.0},{"damage":0.0,"enemies":"Giant Head","floor":41.0,"turns":7.0},{"damage":0.0,"enemies":"Spire Growth","floor":42.0,"turns":4.0},{"damage":4,"enemies":"Reptomancer","floor":45,"turns":5},{"damage":6,"enemies":"Giant Head","floor":47,"turns":7},{"damage":0,"enemies":"4 Shapes","floor":48,"turns":2},{"damage":3,"enemies":"Awakened One","floor":50,"turns":6}],"seed_played":"6728893100217730589","potions_obtained":[{"floor":1.0,"key":"Strength Potion"},{"floor":10.0,"key":"Block Potion"},{"floor":14.0,"key":"Swift Potion"},{"floor":21.0,"key":"SteroidPotion"},{"floor":33.0,"key":"FocusPotion"},{"floor":42.0,"key":"AttackPotion"}],"is_trial":false,"path_per_floor":["M","?","$","M","T","E","R","T","T","M","$","R","M","M","R","B",null,"M","M","$","M","?","R","$","M","T","?","M","R","M","?","R","B",null,"M","$","M","?","M","R","E","M","T","R","E","$","E","M","R","B",null],"character_chosen":"DEFECT","items_purchased":["Scrape","Gash","Self Repair","Bag of Preparation"],"campfire_rested":2,"item_purchase_floors":[20,24,24,46],"current_hp_per_floor":[75,64,64,64,64,64,64,64,64,64,64,64,63,57,57,35,75,63,63,63,61,61,61,61,50,50,50,50,50,57,41,63,11,75,75,75,61,50,35,61,68,75,75,75,71,71,75,85,85,89],"gold":72,"neow_bonus":"THREE_ENEMY_KILL","is_prod":false,"is_daily":false,"chose_seed":false,"campfire_upgraded":7,"win_rate":0,"timestamp":1549835269,"path_taken":["M","?","$","M","?","E","R","?","T","M","$","R","M","M","R","BOSS","M","M","$","M","?","R","$","M","T","?","?","R","M","?","R","BOSS","M","$","M","?","M","R","E","M","T","R","E","$","E","M","R","BOSS"],"build_version":"2019-01-23","purchased_purges":4,"victory":true,"max_hp_per_floor":[75,75,75,75,75,75,75,75,75,75,75,75,75,75,75,75,75,75,75,75,75,75,75,75,75,75,75,75,75,75,75,75,75,75,75,75,75,89,89,89,89,89,89,89,89,89,89,89,89,89],"card_choices":[{"not_picked":["Capacitor","Ball Lightning"],"picked":"Auto Shields","floor":1.0},{"not_picked":["Redo","Turbo"],"picked":"Hologram","floor":4.0},{"not_picked":["Sweeping Beam","Chill"],"picked":"Cold Snap","floor":6.0},{"not_picked":["Loop","Hologram"],"picked":"Gash","floor":10.0},{"not_picked":["Blizzard","Compile Driver"],"picked":"Core Surge","floor":13.0},{"not_picked":["Hologram","Coolheaded"],"picked":"Go for the Eyes","floor":14.0},{"not_picked":["Thunder Strike","Multi-Cast"],"picked":"Fission","floor":16.0},{"not_picked":["Ball Lightning+1","Streamline+1","Chill+1"],"picked":"SKIP","floor":18.0},{"not_picked":["Rebound","Stack+1"],"picked":"BootSequence+1","floor":19.0},{"not_picked":["Skim+1","Coolheaded"],"picked":"Gash","floor":21.0},{"not_picked":["Force Field","Go for the Eyes","Thunder Strike"],"picked":"SKIP","floor":25.0},{"not_picked":["Streamline+1","Steam"],"picked":"Gash+1","floor":28.0},{"not_picked":["Cold Snap","Static Discharge","Ball Lightning"],"picked":"SKIP","floor":30.0},{"not_picked":["Reboot","Fission"],"picked":"All For One","floor":33.0},{"not_picked":["Chaos","Sunder+1"],"picked":"Leap+1","floor":35.0},{"not_picked":["Rebound","Stack"],"picked":"Reinforced Body+1","floor":37.0},{"not_picked":["Force Field+1","Cold Snap+1"],"picked":"Steam","floor":39.0},{"not_picked":["Barrage+1","Steam"],"picked":"Beam Cell+1","floor":41.0},{"not_picked":["Stack","Melter+1","Storm+1"],"picked":"SKIP","floor":42.0},{"not_picked":["Cold Snap+1","Defragment+1"],"picked":"Coolheaded","floor":45},{"not_picked":["Undo+1","Go for the Eyes+1"],"picked":"Hologram","floor":47},{"not_picked":["Stack","Leap+1"],"picked":"Scrape+1","floor":48}],"player_experience":52426,"relics_obtained":[{"floor":5.0,"key":"Bag of Marbles"},{"floor":6.0,"key":"StoneCalendar"},{"floor":9.0,"key":"Dream Catcher"},{"floor":26.0,"key":"Anchor"},{"floor":31.0,"key":"Nilry\u0027s Codex"},{"floor":38.0,"key":"Mango"},{"floor":41.0,"key":"Molten Egg 2"},{"floor":41.0,"key":"Cables"},{"floor":43.0,"key":"Sundial"},{"floor":45,"key":"Omamori"},{"floor":45,"key":"Gremlin Horn"},{"floor":47,"key":"Torii"},{"floor":47,"key":"Pocketwatch"}],"event_choices":[{"damage_healed":0.0,"max_hp_gain":0.0,"max_hp_loss":0.0,"gold_gain":75.0,"event_name":"World of Goop","player_choice":"Gather Gold","floor":2.0,"gold_loss":0.0,"damage_taken":11.0},{"damage_healed":0.0,"max_hp_gain":0.0,"max_hp_loss":0.0,"gold_gain":0.0,"event_name":"The Library","player_choice":"Read","floor":22.0,"gold_loss":0.0,"damage_taken":0.0,"cards_obtained":["Gash"]},{"damage_healed":0.0,"max_hp_gain":0.0,"max_hp_loss":0.0,"gold_gain":0.0,"event_name":"WeMeetAgain","player_choice":"Gave Potion","floor":27.0,"gold_loss":0.0,"damage_taken":0.0,"relics_obtained":["Letter Opener"]},{"damage_healed":0.0,"max_hp_gain":0.0,"max_hp_loss":0.0,"gold_gain":0.0,"event_name":"Cursed Tome","player_choice":"Obtained Book","floor":31.0,"gold_loss":0.0,"damage_taken":16.0},{"damage_healed":0.0,"max_hp_gain":0.0,"max_hp_loss":0.0,"gold_gain":0.0,"event_name":"Mysterious Sphere","player_choice":"Fight","floor":38.0,"gold_loss":0.0,"damage_taken":0.0}],"is_beta":false,"boss_relics":[{"not_picked":["FrozenCore","Eternal Feather"],"picked":"Nuclear Battery"},{"not_picked":["Inserter","Calling Bell"],"picked":"Black Star"}],"items_purged_floors":[3,11,20,36],"is_endless":false,"potions_floor_spawned":[1,10,14,21,25,33,39,41,42],"ascension_level":1}