{"gold_per_floor":[110,124,124,149,149,149,149,149,172,191,214,214],"floor_reached":12,"playtime":399,"items_purged":[],"score":81,"play_id":"53fa55e2-462d-4e3c-9098-31d78cec5179","local_time":"20190210180825","is_ascension_mode":true,"campfire_choices":[{"data":"Searing Blow","floor":6,"key":"SMITH"},{"data":"Searing Blow+2","floor":8,"key":"SMITH"}],"neow_cost":"NONE","seed_source_timestamp":242187571469846,"circlet_count":0,"master_deck":["Strike_R","Strike_R","Strike_R","Strike_R","Strike_R","Defend_R","Defend_R","Defend_R","Defend_R","Bash","Searing Blow+3","Shrug It Off","Pommel Strike","Headbutt","Regret","True Grit"],"relics":["Burning Blood","Golden Idol","Pen Nib","Centennial Puzzle"],"potions_floor_usage":[12,12],"damage_taken":[{"damage":4,"enemies":"Jaw Worm","floor":1,"turns":5},{"damage":0,"enemies":"2 Louse","floor":2,"turns":2},{"damage":0,"enemies":"Cultist","floor":4,"turns":4},{"damage":33,"enemies":"Large Slime","floor":10,"turns":5},{"damage":37,"enemies":"Lots of Slimes","floor":11,"turns":5},{"damage":28,"enemies":"Gremlin Nob","floor":12,"turns":3}],"seed_played":"-6744585872563824269","potions_obtained":[{"floor":2,"key":"SpeedPotion"},{"floor":4,"key":"Regen Potion"},{"floor":10,"key":"Poison Potion"}],"is_trial":false,"path_per_floor":["M","M","?","M","?","R","?","R","T","M","M","E"],"character_chosen":"IRONCLAD","items_purchased":[],"campfire_rested":0,"item_purchase_floors":[],"current_hp_per_floor":[80,80,60,66,66,66,66,66,66,39,8,0],"gold":214,"neow_bonus":"THREE_CARDS","is_prod":false,"is_daily":false,"chose_seed":false,"campfire_upgraded":2,"win_rate":0,"timestamp":1549818505,"path_taken":["M","M","?","M","?","R","?","R","T","?","M","E"],"build_version":"2019-01-23","purchased_purges":0,"victory":false,"max_hp_per_floor":[80,80,80,80,80,80,80,80,80,80,80,80],"card_choices":[{"not_picked":["Evolve","Pommel Strike"],"picked":"Searing Blow","floor":0},{"not_picked":["Clothesline","Rampage"],"picked":"Shrug It Off","floor":1},{"not_picked":["Searing Blow","Clothesline"],"picked":"Pommel Strike","floor":2},{"not_picked":["Perfected Strike","Burning Pact"],"picked":"Headbutt","floor":4},{"not_picked":["Offering","Iron Wave"],"picked":"True Grit","floor":10},{"not_picked":["Hemokinesis","Pommel Strike","Anger"],"picked":"SKIP","floor":11}],"player_experience":144789,"relics_obtained":[{"floor":9,"key":"Centennial Puzzle"}],"event_choices":[{"damage_healed":0,"gold_gain":0,"player_choice":"Take Damage","damage_taken":20,"relics_obtained":["Golden Idol"],"max_hp_gain":0,"max_hp_loss":0,"event_name":"Golden Idol","floor":3,"gold_loss":0},{"damage_healed":0,"gold_gain":0,"player_choice":"Box","damage_taken":0,"relics_obtained":["Pen Nib"],"max_hp_gain":0,"max_hp_loss":0,"event_name":"Big Fish","floor":5,"gold_loss":0,"cards_obtained":["Regret"]},{"damage_healed":0,"gold_gain":0,"player_choice":"Grow","damage_taken":0,"max_hp_gain":0,"max_hp_loss":0,"event_name":"Living Wall","floor":7,"gold_loss":0,"cards_upgraded":["Searing Blow"]}],"is_beta":false,"boss_relics":[],"items_purged_floors":[],"is_endless":false,"potions_floor_spawned":[2,4,10],"killed_by":"Gremlin Nob","ascension_level":3}