{"path_per_floor":["M","$","$","?","?","E","M","R","T","$","M","M","M","M","R","B",null,"M","?","M","?","?","E","R","E","T","R","$","R","M","M","R","B",null],"character_chosen":"IRONCLAD","items_purchased":["Singing Bowl","Whirlwind","Shuriken"],"gold_per_floor":[210,210,210,210,210,242,257,257,283,134,145,157,167,183,183,283,283,300,300,315,265,265,300,300,330,330,330,30,30,41,59,59,157,157],"floor_reached":35,"campfire_rested":3,"playtime":1912,"current_hp_per_floor":[80,80,80,80,80,61,66,66,66,66,67,59,61,69,69,22,88,72,56,59,59,59,17,45,25,27,27,27,56,32,36,66,38,100],"items_purged":[],"gold":172,"score":372,"play_id":"0a907b79-0346-4cd9-bdd5-65075f31fc9f","local_time":"20180306224408","is_prod":false,"is_daily":false,"is_ascension_mode":false,"campfire_upgraded":3,"timestamp":1520372648,"path_taken":["M","?","$","?","?","E","M","R","T","$","M","M","?","M","R","BOSS","M","?","?","?","?","E","R","E","T","R","$","R","?","M","R","BOSS","M"],"build_version":"2018-03-01-PROD1","purchased_purges":0,"victory":false,"master_deck":["Bash+1","Headbutt","Iron Wave+1","Offering","Metallicize+1","Reaper","Shrug It Off","Headbutt","Perfected Strike+1","Writhe","Whirlwind","Pommel Strike+1","Double Tap","Body Slam","Body Slam","Battle Trance","Disarm","Cleave","Dropkick","Power Through","True Grit","Body Slam","Armaments+1"],"max_hp_per_floor":[80,80,80,80,80,80,80,80,80,80,80,82,82,84,84,84,88,90,90,92,92,92,94,94,96,98,98,98,98,100,100,100,100,100],"relics":["Burning Blood","Ginger","Bronze Scales","Singing Bowl","Orrery","Enchiridion","Blue Candle","Mercury Hourglass","Prayer Wheel","Mummified Hand","Shuriken","Pandora\u0027s Box"],"card_choices":[{"not_picked":["Havoc","Iron Wave"],"picked":"Headbutt"},{"not_picked":["Battle Trance","Warcry"],"picked":"Iron Wave"},{"not_picked":["Shrug It Off","Sword Boomerang"],"picked":"Offering"},{"not_picked":["Twin Strike","Disarm"],"picked":"Metallicize"},{"not_picked":["Juggernaut","Demon Form"],"picked":"Reaper"},{"not_picked":["Bloodletting","Inflame"],"picked":"Shrug It Off"},{"not_picked":["Warcry","Ghostly Armor"],"picked":"Headbutt"},{"not_picked":["True Grit","Body Slam"],"picked":"Perfected Strike"},{"not_picked":["Sever Soul","Twin Strike"],"picked":"Pommel Strike"},{"not_picked":["Berserk","Exhume"],"picked":"Double Tap"},{"not_picked":["Twin Strike","Sword Boomerang"],"picked":"Armaments"}],"player_experience":228510,"potions_floor_usage":[16,23,23,25,31,33],"damage_taken":[{"damage":6,"enemies":"Cultist","floor":1,"turns":3},{"damage":25,"enemies":"Gremlin Nob","floor":6,"turns":4},{"damage":1,"enemies":"Jaw Worm","floor":7,"turns":3},{"damage":5,"enemies":"2 Louse","floor":11,"turns":2},{"damage":16,"enemies":"Large Slime","floor":12,"turns":5},{"damage":4,"enemies":"Blue Slaver","floor":13,"turns":2},{"damage":0,"enemies":"Looter","floor":14,"turns":3},{"damage":53,"enemies":"Slime Boss","floor":16,"turns":13},{"damage":24,"enemies":"Shell Parasite","floor":18,"turns":5},{"damage":11,"enemies":"Chosen","floor":20,"turns":5},{"damage":62,"enemies":"Gremlin Leader","floor":23,"turns":8},{"damage":34,"enemies":"Book of Stabbing","floor":25,"turns":6},{"damage":40,"enemies":"Slaver and Parasite","floor":30,"turns":5},{"damage":2,"enemies":"Cultist and Chosen","floor":31,"turns":3},{"damage":58,"enemies":"Collector","floor":33,"turns":7},{"damage":20,"enemies":"3 Shapes","floor":35,"turns":3}],"event_choices":[{"event_name":"The Cleric","player_choice":"Leave","floor":4,"damage_taken":0},{"event_name":"Living Wall","player_choice":"Grow","floor":5,"damage_taken":0},{"event_name":"Cursed Tome","player_choice":"Obtained Book","floor":19,"damage_taken":0},{"event_name":"The Joust","player_choice":"Bet on Murderer","floor":21,"damage_taken":0},{"event_name":"The Mausoleum","player_choice":"Yes","floor":22,"damage_taken":0}],"boss_relics":[{"not_picked":["Eternal Feather","Runic Cube"],"picked":"Orrery"},{"not_picked":["Calling Bell","Runic Pyramid"],"picked":"Pandora\u0027s Box"}],"potions_floor_spawned":[7,14,16,18,30,31,35],"seed_played":"-2983444928339574441","killed_by":"3 Shapes","ascension_level":0,"is_trial":false}