{"gold_per_floor":[115,115,115,170,185,218,237,262,330,330],"floor_reached":10,"playtime":452,"items_purged":[],"score":75,"play_id":"08b2c7c7-c482-4be7-9ace-8e80245b0864","local_time":"20190130220617","is_ascension_mode":true,"campfire_choices":[],"neow_cost":"NONE","seed_source_timestamp":192446915967173,"circlet_count":0,"master_deck":["Strike_R","Strike_R","Strike_R","Strike_R","Strike_R","Defend_R","Defend_R","Defend_R","Defend_R","Bash","Metallicize","Regret","Sword Boomerang","Reaper","Armaments","Intimidate"],"relics":["Sozu","Golden Idol","Boot","Bag of Preparation","Unceasing Top","Bottled Lightning"],"potions_floor_usage":[],"damage_taken":[{"damage":0,"enemies":"Small Slimes","floor":1,"turns":3},{"damage":10,"enemies":"2 Louse","floor":5,"turns":4},{"damage":25,"enemies":"Gremlin Nob","floor":6,"turns":4},{"damage":6,"enemies":"Jaw Worm","floor":7,"turns":3},{"damage":4,"enemies":"2 Fungi Beasts","floor":8,"turns":3},{"damage":35,"enemies":"Lagavulin","floor":10,"turns":7}],"seed_played":"8070766155776397707","potions_obtained":[],"is_trial":false,"path_per_floor":["M","?","?","T","M","E","M","M","T","E"],"character_chosen":"IRONCLAD","items_purchased":[],"campfire_rested":0,"item_purchase_floors":[],"current_hp_per_floor":[80,60,60,60,50,25,24,30,30,0],"gold":330,"neow_bonus":"BOSS_RELIC","is_prod":false,"is_daily":false,"chose_seed":false,"campfire_upgraded":0,"win_rate":0,"timestamp":1548882377,"path_taken":["M","?","?","?","M","E","M","M","T","E"],"build_version":"2019-01-23","purchased_purges":0,"victory":false,"max_hp_per_floor":[80,80,80,80,80,80,80,80,80,80],"card_choices":[{"not_picked":["Clash","Perfected Strike"],"picked":"Metallicize","floor":1},{"not_picked":["Combust","Perfected Strike"],"picked":"Sword Boomerang","floor":5},{"not_picked":["Reckless Charge","Uppercut"],"picked":"Reaper","floor":6},{"not_picked":["Heavy Blade","Sword Boomerang"],"picked":"Armaments","floor":7},{"not_picked":["Clothesline","Combust"],"picked":"Intimidate","floor":8}],"player_experience":34260,"relics_obtained":[{"floor":4,"key":"Bag of Preparation"},{"floor":6,"key":"Unceasing Top"},{"floor":9,"key":"Bottled Lightning"}],"event_choices":[{"damage_healed":0,"gold_gain":0,"player_choice":"Take Damage","damage_taken":20,"relics_obtained":["Golden Idol"],"max_hp_gain":0,"max_hp_loss":0,"event_name":"Golden Idol","floor":2,"gold_loss":0},{"damage_healed":0,"gold_gain":0,"player_choice":"Box","damage_taken":0,"relics_obtained":["Boot"],"max_hp_gain":0,"max_hp_loss":0,"event_name":"Big Fish","floor":3,"gold_loss":0,"cards_obtained":["Regret"]}],"is_beta":false,"boss_relics":[],"items_purged_floors":[],"is_endless":false,"potions_floor_spawned":[6,8],"killed_by":"Lagavulin","ascension_level":2}