{"path_per_floor":["M","M","?","$","?","?","R","M","T","M","R","M","R","M","R","B",null,"M","M","M","M","?","R"],"character_chosen":"IRONCLAD","items_purchased":["Metallicize"],"gold_per_floor":[117,132,132,60,135,135,135,153,153,167,167,180,180,195,195,293,293,306,321,332,351,266,266],"floor_reached":24,"campfire_rested":2,"playtime":751,"current_hp_per_floor":[80,75,75,75,64,64,64,64,64,43,43,42,42,35,59,27,80,63,28,25,20,20,44],"items_purged":[],"gold":266,"score":190,"play_id":"70c6a843-0011-4053-bab4-e31556d6a7c2","local_time":"20180314032700","is_prod":false,"is_daily":false,"is_ascension_mode":false,"campfire_upgraded":3,"timestamp":1520994420,"path_taken":["M","M","?","$","?","?","R","?","T","M","R","M","R","M","R","BOSS","M","M","M","?","?","R","E"],"build_version":"2018-03-09","purchased_purges":0,"victory":false,"master_deck":["Strike_R","Strike_R","Strike_R","Strike_R","Strike_R","Defend_R","Defend_R","Defend_R","Defend_R","Bash","Metallicize+1","Cleave","Metallicize+1","Body Slam+1","Limit Break+1","Impervious","Whirlwind+1","Body Slam+1"],"max_hp_per_floor":[80,80,80,80,80,80,80,80,80,80,80,80,80,80,80,80,80,80,80,80,80,80,80],"relics":["Philosopher\u0027s Stone","Orichalcum","Runic Dome","The Courier"],"card_choices":[{"not_picked":["Reckless Charge","Clothesline"],"picked":"Metallicize"},{"not_picked":["Pommel Strike","Warcry"],"picked":"Cleave"},{"not_picked":["Anger","Warcry"],"picked":"Body Slam"},{"not_picked":["True Grit","Armaments"],"picked":"Limit Break"},{"not_picked":["Juggernaut","Bludgeon"],"picked":"Impervious"},{"not_picked":["Entrench","Iron Wave"],"picked":"Whirlwind"},{"not_picked":["Pummel","Warcry"],"picked":"Body Slam"}],"player_experience":293415,"potions_floor_usage":[16],"damage_taken":[{"damage":0,"enemies":"Small Slimes","floor":1,"turns":2},{"damage":5,"enemies":"Jaw Worm","floor":2,"turns":4},{"damage":0,"enemies":"2 Louse","floor":8,"turns":2},{"damage":21,"enemies":"Exordium Wildlife","floor":10,"turns":4},{"damage":1,"enemies":"2 Fungi Beasts","floor":12,"turns":4},{"damage":7,"enemies":"Looter","floor":14,"turns":3},{"damage":32,"enemies":"Slime Boss","floor":16,"turns":11},{"damage":17,"enemies":"Spheric Guardian","floor":18,"turns":4},{"damage":35,"enemies":"3 Byrds","floor":19,"turns":4},{"damage":3,"enemies":"Centurion and Healer","floor":20,"turns":5},{"damage":5,"enemies":"Snecko","floor":21,"turns":5},{"damage":60,"enemies":"Gremlin Leader","floor":24,"turns":7}],"event_choices":[{"event_name":"The Cleric","player_choice":"Leave","floor":3,"damage_taken":0},{"event_name":"World of Goop","player_choice":"Gather Gold","floor":5,"damage_taken":0},{"event_name":"Living Wall","player_choice":"Grow","floor":6,"damage_taken":0},{"event_name":"Addict","player_choice":"Obtained Relic","floor":22,"damage_taken":0}],"boss_relics":[{"not_picked":["Mark of Pain","Pandora\u0027s Box"],"picked":"Runic Dome"}],"potions_floor_spawned":[1,2,10,19],"seed_played":"-8859209330768369058","killed_by":"Gremlin Leader","ascension_level":0,"is_trial":false}