{"gold_per_floor":[20,33,48,48,6,6,6,40,65,65,65,65],"floor_reached":12,"playtime":451,"items_purged":[],"score":144,"play_id":"d77e6ab2-167e-40ad-ac10-8308c101fb05","local_time":"20190212120637","is_ascension_mode":true,"campfire_choices":[{"data":"Strike_G","floor":6,"key":"PURGE"},{"floor":10,"key":"REST"}],"neow_cost":"NO_GOLD","seed_source_timestamp":54487341123000,"circlet_count":0,"master_deck":["AscendersBane","Defend_G","Defend_G","Defend_G","Defend_G","Defend_G","Strike_G","Strike_G","Strike_G","Strike_G","Survivor","Neutralize","Dagger Spray","Finisher","Well Laid Plans"],"relics":["Ring of the Snake","Peace Pipe","Question Card","Bird Faced Urn","Oddly Smooth Stone","Potion Belt"],"potions_floor_usage":[8],"damage_taken":[{"damage":0,"enemies":"Cultist","floor":1,"turns":4},{"damage":2,"enemies":"2 Louse","floor":2,"turns":4},{"damage":7,"enemies":"Jaw Worm","floor":3,"turns":4},{"damage":46,"enemies":"Gremlin Nob","floor":8,"turns":5},{"damage":19,"enemies":"Lagavulin","floor":12,"turns":5}],"seed_played":"-358182946032613669","potions_obtained":[{"floor":2,"key":"SkillPotion"}],"is_trial":false,"path_per_floor":["T","$","?"],"character_chosen":"THE_SILENT","items_purchased":["Well Laid Plans"],"campfire_rested":1,"item_purchase_floors":[5],"current_hp_per_floor":[59,57,50,50,50,50,50,4,4,23,23,6],"gold":65,"neow_bonus":"ONE_RARE_RELIC","is_prod":false,"is_daily":false,"chose_seed":false,"campfire_upgraded":0,"win_rate":0,"timestamp":1549940797,"path_taken":["M","M","M","?","$","R","?","E","T","R","?","E"],"build_version":"2019-01-23","purchased_purges":0,"victory":false,"max_hp_per_floor":[66,66,66,66,66,66,66,66,66,66,66,66],"card_choices":[{"not_picked":["Sucker Punch","PiercingWail"],"picked":"Dagger Spray","floor":1},{"not_picked":["Flying Knee","Masterful Stab"],"picked":"Finisher","floor":2},{"not_picked":["Crippling Poison","Night Terror","Slice"],"picked":"SKIP","floor":3},{"not_picked":["Crippling Poison","Outmaneuver","Acrobatics","Distraction"],"picked":"SKIP","floor":8}],"player_experience":354646,"relics_obtained":[{"floor":4,"key":"Question Card"},{"floor":8,"key":"Bird Faced Urn"},{"floor":9,"key":"Oddly Smooth Stone"},{"floor":11,"key":"Potion Belt"}],"event_choices":[{"damage_healed":0,"gold_gain":0,"player_choice":"Relic","damage_taken":0,"max_hp_gain":0,"max_hp_loss":0,"event_name":"Wheel of Change","floor":11,"gold_loss":0}],"is_beta":false,"boss_relics":[],"items_purged_floors":[],"is_endless":false,"potions_floor_spawned":[2],"killed_by":"Lagavulin","ascension_level":18}