{"gold_per_floor":[115,135,58,70,70,95,108,108,108,108,118,43,43,74,74,74],"floor_reached":16,"playtime":451,"items_purged":["Strike_R"],"score":220,"play_id":"55fb29e9-582b-42b1-a9a9-6fcb10fb212c","local_time":"20181122124500","is_ascension_mode":true,"campfire_choices":[{"floor":10.0,"key":"REST"},{"data":"Uppercut","floor":15.0,"key":"SMITH"}],"neow_cost":"NONE","seed_source_timestamp":0,"circlet_count":0,"master_deck":["AscendersBane","Strike_R","Strike_R","Strike_R","Strike_R","Defend_R+1","Defend_R","Defend_R+1","Defend_R","Bash","Wild Strike","Uppercut+1","Iron Wave","Anger","Iron Wave","Feel No Pain","True Grit"],"special_seed":0,"relics":["Burning Blood","Kunai","Peace Pipe","Magic Flower","Ornamental Fan","War Paint"],"potions_floor_usage":[16,16],"damage_taken":[{"damage":6.0,"enemies":"Cultist","floor":1.0,"turns":3.0},{"damage":9.0,"enemies":"Jaw Worm","floor":2.0,"turns":4.0},{"damage":1.0,"enemies":"2 Louse","floor":4.0,"turns":3.0},{"damage":37.0,"enemies":"Lagavulin","floor":6.0,"turns":8.0},{"damage":17.0,"enemies":"Blue Slaver","floor":7.0,"turns":3.0},{"damage":4.0,"enemies":"Looter","floor":11.0,"turns":3.0},{"damage":26.0,"enemies":"Gremlin Nob","floor":14.0,"turns":5.0},{"damage":28,"enemies":"Hexaghost","floor":16,"turns":11}],"seed_played":"-3388503960711567999","potions_obtained":[{"floor":0.0,"key":"Block Potion"},{"floor":0.0,"key":"EntropicBrew"},{"floor":11.0,"key":"Fruit Juice"},{"floor":14.0,"key":"PowerPotion"}],"is_trial":false,"path_per_floor":["M","M","$","M","?","E","M","T","T","R","M","$","?","E","R","B"],"character_chosen":"IRONCLAD","items_purchased":["Iron Wave","Anger"],"campfire_rested":1,"item_purchase_floors":[3,3],"current_hp_per_floor":[68,65,65,70,52,21,10,10,10,32,37,37,37,28,28,0],"gold":74,"neow_bonus":"THREE_SMALL_POTIONS","is_prod":false,"is_daily":false,"chose_seed":false,"campfire_upgraded":1,"win_rate":0,"timestamp":1542887100,"path_taken":["M","M","$","M","?","E","M","?","T","R","?","?","?","E","R","BOSS"],"build_version":"2018-11-15","purchased_purges":1,"victory":false,"max_hp_per_floor":[75,75,75,75,75,75,75,75,75,75,75,75,75,80,80,80],"card_choices":[{"not_picked":["Warcry","Perfected Strike"],"picked":"Wild Strike","floor":1.0},{"not_picked":["Hemokinesis","Clothesline"],"picked":"Uppercut","floor":2.0},{"not_picked":["Heavy Blade","Twin Strike"],"picked":"Iron Wave","floor":4.0},{"not_picked":["Carnage","Bloodletting"],"picked":"Feel No Pain","floor":6.0},{"not_picked":["Infernal Blade","Sentinel","Anger"],"picked":"SKIP","floor":7.0},{"not_picked":["Cleave","Intimidate"],"picked":"True Grit","floor":11.0},{"not_picked":["Sentinel","Anger","Second Wind"],"picked":"SKIP","floor":14.0}],"player_experience":1734407,"relics_obtained":[{"floor":6.0,"key":"Peace Pipe"},{"floor":8.0,"key":"Magic Flower"},{"floor":9.0,"key":"Ornamental Fan"},{"floor":14.0,"key":"War Paint"}],"event_choices":[{"damage_healed":0.0,"max_hp_gain":0.0,"max_hp_loss":0.0,"gold_gain":0.0,"event_name":"Scrap Ooze","player_choice":"Success","floor":5.0,"gold_loss":0.0,"damage_taken":18.0,"relics_obtained":["Kunai"]},{"damage_healed":0.0,"max_hp_gain":0.0,"max_hp_loss":0.0,"gold_gain":0.0,"event_name":"Shining Light","player_choice":"Ignored","floor":13.0,"gold_loss":0.0,"damage_taken":0.0}],"is_beta":false,"boss_relics":[],"items_purged_floors":[12],"is_endless":false,"potions_floor_spawned":[11,14],"killed_by":"Hexaghost","ascension_level":20}