{"gold_per_floor":[118,132,142,159,8,8,28,28,96,116,147,163,193,193,193,295,295,235,235,235,101,101,101,5,5,5,5,5,5,5,5,5,5,5,5,5,5,5,5,5,5,5,5,5,5,5,5],"floor_reached":47,"playtime":5156,"items_purged":["Strike_R","Strike_R"],"score":672,"play_id":"4a71ab6a-22e8-41d4-9f23-c3c89552f533","local_time":"20190212231214","is_ascension_mode":true,"campfire_choices":[{"data":"Shrug It Off","floor":6,"key":"SMITH"},{"data":"Body Slam","floor":8,"key":"SMITH"},{"data":"Armaments","floor":15,"key":"SMITH"},{"data":"Barricade","floor":23,"key":"SMITH"},{"floor":27,"key":"RECALL"},{"floor":32,"key":"REST"},{"floor":40,"key":"REST"},{"floor":46,"key":"REST"}],"neow_cost":"NONE","seed_source_timestamp":113093370193800,"circlet_count":0,"master_deck":["Strike_R+1","Strike_R+1","Defend_R+1","Defend_R+1","Defend_R+1","Defend_R+1","Bash+1","Cleave+1","Twin Strike+1","Armaments+1","Shrug It Off+1","Feed+1","Body Slam+1","Shrug It Off+1","Barricade+1","Cleave+1","Flame Barrier+1","Demon Form+1","Armaments+1","Thunderclap+1","Flex+1","Inflame+1","Armaments+1","Enlightenment+1","Warcry+1","Headbutt+1","Seeing Red+1","Double Tap+1","Flex+1","True Grit+1","Pommel Strike+1","Swift Strike+1","Spot Weakness+1","Headbutt+1","Sword Boomerang+1","True Grit+1"],"relics":["Burning Blood","Regal Pillow","Toxic Egg 2","Pocketwatch","Centennial Puzzle","Ectoplasm","Pear","Velvet Choker","Mark of the Bloom","Potion Belt","Bottled Flame"],"potions_floor_usage":[11,13,13,31,33,37,37],"damage_taken":[{"damage":1,"enemies":"Cultist","floor":1,"turns":3},{"damage":0,"enemies":"2 Louse","floor":2,"turns":3},{"damage":8,"enemies":"Jaw Worm","floor":3,"turns":4},{"damage":28,"enemies":"Lots of Slimes","floor":4,"turns":5},{"damage":0,"enemies":"2 Fungi Beasts","floor":7,"turns":3},{"damage":2,"enemies":"Looter","floor":10,"turns":4},{"damage":15,"enemies":"Gremlin Nob","floor":11,"turns":4},{"damage":2,"enemies":"Blue Slaver","floor":12,"turns":3},{"damage":9,"enemies":"3 Sentries","floor":13,"turns":5},{"damage":14,"enemies":"Slime Boss","floor":16,"turns":11},{"damage":11,"enemies":"2 Thieves","floor":18,"turns":4},{"damage":12,"enemies":"Shell Parasite","floor":19,"turns":4},{"damage":17,"enemies":"Centurion and Healer","floor":20,"turns":7},{"damage":13,"enemies":"Snecko","floor":22,"turns":4},{"damage":11,"enemies":"Gremlin Leader","floor":25,"turns":5},{"damage":35,"enemies":"Shelled Parasite and Fungi","floor":28,"turns":6},{"damage":28,"enemies":"Centurion and Healer","floor":31,"turns":6},{"damage":12,"enemies":"Champ","floor":33,"turns":12},{"damage":16,"enemies":"Orb Walker","floor":35,"turns":3},{"damage":28,"enemies":"3 Darklings","floor":36,"turns":7},{"damage":45,"enemies":"Spire Growth","floor":37,"turns":5},{"damage":21,"enemies":"4 Shapes","floor":39,"turns":4},{"damage":24,"enemies":"Sphere and 2 Shapes","floor":42,"turns":5},{"damage":63,"enemies":"Maw","floor":44,"turns":6},{"damage":0,"enemies":"Nemesis","floor":45,"turns":7},{"damage":6,"enemies":"Jaw Worm Horde","floor":47,"turns":1}],"seed_played":"724200714457051490","potions_obtained":[{"floor":2,"key":"Swift Potion"},{"floor":7,"key":"Explosive Potion"},{"floor":10,"key":"Ancient Potion"},{"floor":12,"key":"SpeedPotion"},{"floor":16,"key":"Dexterity Potion"},{"floor":19,"key":"Strength Potion"},{"floor":28,"key":"Swift Potion"},{"floor":31,"key":"Explosive Potion"},{"floor":35,"key":"SkillPotion"},{"floor":36,"key":"Regen Potion"},{"floor":45,"key":"Energy Potion"}],"is_trial":false,"path_per_floor":["M","M","M","M","$","R","M","R","T","M","E","M","E","?","R","B",null,"M","M","M","$","M","R","$","E","T","R","M","?","?","M","R","B",null,"M","M","M","?","M","R","?","M","T","M","E","R","M"],"character_chosen":"IRONCLAD","items_purchased":["Feed","Inflame","Enlightenment+1"],"campfire_rested":3,"item_purchase_floors":[5,21,24],"current_hp_per_floor":[80,80,78,56,56,56,65,65,65,72,66,70,70,92,92,88,96,94,88,77,77,70,70,70,75,75,75,46,46,46,28,76,70,113,106,84,54,54,42,92,92,68,68,5,5,5,0],"gold":5,"neow_bonus":"RANDOM_COMMON_RELIC","is_prod":false,"is_daily":false,"chose_seed":false,"campfire_upgraded":4,"win_rate":0,"timestamp":1550031134,"path_taken":["M","M","M","M","$","R","M","R","T","M","E","M","E","?","R","BOSS","M","M","M","$","M","R","$","E","T","R","M","?","?","M","R","BOSS","M","M","?","?","M","R","?","M","T","M","E","R","M"],"build_version":"2019-01-23","purchased_purges":2,"victory":false,"max_hp_per_floor":[80,80,80,80,80,80,83,83,83,86,89,89,92,92,92,96,96,99,99,99,99,99,99,99,109,109,109,109,109,109,113,113,113,113,116,116,116,116,119,119,119,119,119,119,119,119,119],"card_choices":[{"not_picked":["Twin Strike","Havoc"],"picked":"Cleave","floor":1},{"not_picked":["Rupture","Uppercut"],"picked":"Twin Strike","floor":2},{"not_picked":["Uppercut","Flex"],"picked":"Armaments","floor":3},{"not_picked":["Perfected Strike","Hemokinesis"],"picked":"Shrug It Off","floor":4},{"not_picked":["Perfected Strike","Ghostly Armor"],"picked":"Body Slam","floor":7},{"not_picked":["Feel No Pain","Sever Soul"],"picked":"Shrug It Off+1","floor":10},{"not_picked":["Flame Barrier+1","Bludgeon"],"picked":"Barricade","floor":11},{"not_picked":["Perfected Strike","Sword Boomerang"],"picked":"Cleave","floor":12},{"not_picked":["Headbutt","Corruption"],"picked":"Flame Barrier+1","floor":13},{"not_picked":["Brutality","Juggernaut"],"picked":"Demon Form","floor":16},{"not_picked":["Ghostly Armor+1","Dual Wield+1"],"picked":"Armaments+1","floor":18},{"not_picked":["Corruption+1","Twin Strike"],"picked":"Thunderclap","floor":19},{"not_picked":["Evolve+1","Clash"],"picked":"Flex+1","floor":20},{"not_picked":["Perfected Strike","Wild Strike+1"],"picked":"Armaments+1","floor":22},{"not_picked":["Sword Boomerang","Thunderclap"],"picked":"Warcry+1","floor":25},{"not_picked":["Wild Strike","Sentinel+1"],"picked":"Headbutt+1","floor":28},{"not_picked":["Clothesline","Juggernaut"],"picked":"Seeing Red+1","floor":31},{"not_picked":["Dark Embrace","Impervious+1"],"picked":"Double Tap+1","floor":33},{"not_picked":["Warcry+1","Searing Blow"],"picked":"Flex+1","floor":35},{"not_picked":["Rage+1","Thunderclap+1"],"picked":"True Grit+1","floor":36},{"not_picked":["Twin Strike","Clothesline+1"],"picked":"Pommel Strike","floor":37},{"not_picked":["Panacea+1","Enlightenment+1"],"picked":"Swift Strike","floor":38},{"not_picked":["Pommel Strike","Rampage+1"],"picked":"Spot Weakness+1","floor":39},{"not_picked":["Wild Strike+1","Blood for Blood+1"],"picked":"Headbutt+1","floor":42},{"not_picked":["Feed","Uppercut"],"picked":"Sword Boomerang+1","floor":44},{"not_picked":["Sword Boomerang","Corruption+1"],"picked":"True Grit+1","floor":45}],"player_experience":79618,"relics_obtained":[{"floor":9,"key":"Toxic Egg 2"},{"floor":11,"key":"Pocketwatch"},{"floor":13,"key":"Centennial Puzzle"},{"floor":25,"key":"Pear"},{"floor":43,"key":"Potion Belt"},{"floor":45,"key":"Bottled Flame"}],"event_choices":[{"damage_healed":30,"gold_gain":0,"player_choice":"Banana","damage_taken":0,"max_hp_gain":0,"max_hp_loss":0,"event_name":"Big Fish","floor":14,"gold_loss":0},{"damage_healed":0,"gold_gain":0,"player_choice":"Ignored","damage_taken":0,"max_hp_gain":0,"max_hp_loss":0,"event_name":"Ghosts","floor":29,"gold_loss":0},{"cards_removed":["Strike_R"],"damage_healed":0,"gold_gain":0,"player_choice":"Card Removal","damage_taken":0,"max_hp_gain":0,"max_hp_loss":0,"event_name":"Wheel of Change","floor":30,"gold_loss":0},{"damage_healed":0,"gold_gain":0,"player_choice":"Memory 1","damage_taken":0,"max_hp_gain":0,"max_hp_loss":0,"event_name":"SensoryStone","floor":38,"gold_loss":0},{"damage_healed":0,"gold_gain":0,"player_choice":"Upgrade","damage_taken":0,"relics_obtained":["Mark of the Bloom"],"max_hp_gain":0,"max_hp_loss":0,"event_name":"MindBloom","floor":41,"gold_loss":0,"cards_upgraded":["Strike_R","Strike_R","Defend_R","Defend_R","Defend_R","Defend_R","Bash","Cleave","Twin Strike","Feed","Cleave","Demon Form","Thunderclap","Inflame","Pommel Strike","Swift Strike"]}],"is_beta":false,"boss_relics":[{"not_picked":["Calling Bell","Astrolabe"],"picked":"Ectoplasm"},{"not_picked":["Orrery","Black Star"],"picked":"Velvet Choker"}],"items_purged_floors":[5,21],"is_endless":false,"potions_floor_spawned":[2,7,10,12,16,19,28,31,35,36,45],"killed_by":"Jaw Worm Horde","ascension_level":2}