{"path_per_floor":["M","$","?","M","M","E","?","M","T","R","M","R","$","M","R"],"character_chosen":"IRONCLAD","items_purchased":["Armaments","Bag of Preparation","Gremlin Horn"],"gold_per_floor":[214,190,190,205,226,261,261,280,304,304,325,325,32,46,46],"floor_reached":16,"campfire_rested":1,"playtime":649,"current_hp_per_floor":[80,80,80,79,79,35,55,45,45,45,48,48,48,50,74],"items_purged":["Injury"],"gold":46,"score":102,"play_id":"86bd883b-70ca-4fd8-ac8d-39db5104e7b3","local_time":"20180302211304","is_prod":false,"is_daily":false,"is_ascension_mode":false,"campfire_upgraded":2,"timestamp":1520021584,"path_taken":["M","$","?","M","M","E","?","M","T","R","M","R","$","?","R","BOSS"],"build_version":"2018-03-01-PROD1","purchased_purges":1,"victory":false,"master_deck":["Strike_R","Strike_R","Strike_R","Strike_R","Strike_R+1","Defend_R","Defend_R","Defend_R","Defend_R","Bash+1","Clash","Armaments","Inflame","Thunderclap","Flame Barrier","Parasite","True Grit+1","True Grit+1","Iron Wave"],"max_hp_per_floor":[80,80,80,80,80,80,80,80,80,80,80,80,80,80,80],"relics":["Burning Blood","Golden Idol","The Courier","Whetstone","Bag of Preparation","Gremlin Horn"],"card_choices":[{"not_picked":["Clothesline","Sword Boomerang"],"picked":"Clash"},{"not_picked":["Second Wind","Combust"],"picked":"Inflame"},{"not_picked":["Carnage","Seeing Red"],"picked":"Thunderclap"},{"not_picked":["Burning Pact","Clothesline"],"picked":"Flame Barrier"},{"not_picked":["Headbutt","Wild Strike"],"picked":"True Grit"},{"not_picked":["Wild Strike","Iron Wave"],"picked":"True Grit"},{"not_picked":["Sword Boomerang","Corruption"],"picked":"Iron Wave"}],"player_experience":175002,"potions_floor_usage":[16],"damage_taken":[{"damage":0,"enemies":"Small Slimes","floor":1,"turns":3},{"damage":7,"enemies":"2 Louse","floor":4,"turns":2},{"damage":6,"enemies":"Jaw Worm","floor":5,"turns":4},{"damage":50,"enemies":"Lagavulin","floor":6,"turns":8},{"damage":16,"enemies":"Exordium Wildlife","floor":8,"turns":5},{"damage":3,"enemies":"2 Fungi Beasts","floor":11,"turns":4},{"damage":4,"enemies":"Large Slime","floor":14,"turns":6},{"damage":77,"enemies":"Hexaghost","floor":16,"turns":9}],"event_choices":[{"event_name":"Golden Idol","player_choice":"Take Wound","floor":3,"damage_taken":0},{"event_name":"Mushrooms","player_choice":"Healed and dodged fight","floor":7,"damage_taken":0}],"boss_relics":[],"potions_floor_spawned":[8,14],"seed_played":"6071548678756327227","killed_by":"Hexaghost","ascension_level":0,"is_trial":false}