{"gold_per_floor":[114,189,364,375,4,38,65,90,136,136,147,179,7,26,26,125,125,135,154,166,182,182,217,233,233,233,233,250,56,66,98,98,197,197,213,224,224,15,0,0,29,29,99,117,145,145,156,182,182,182],"floor_reached":50,"playtime":2916,"items_purged":["Doubt","Writhe"],"score":722,"play_id":"20322d53-75f1-45e7-a352-684815e4a31d","local_time":"20190213213511","is_ascension_mode":true,"campfire_choices":[{"data":"Armaments","floor":10,"key":"SMITH"},{"data":"Mayhem","floor":15,"key":"SMITH"},{"data":"Barricade","floor":25,"key":"SMITH"},{"data":"Fire Breathing","floor":27,"key":"SMITH"},{"floor":32,"key":"RECALL"},{"data":"Seeing Red","floor":40,"key":"SMITH"},{"data":"Madness","floor":42,"key":"SMITH"},{"floor":49,"key":"REST"}],"neow_cost":"NONE","seed_source_timestamp":50984634809571,"circlet_count":0,"master_deck":["Bash","Clothesline","Fire Breathing+1","Armaments+1","Barricade+1","Pommel Strike","Carnage","Perfected Strike","Mayhem+1","Clash","Limit Break+1","Berserk","Dark Embrace","Warcry","Pummel","Reaper","Pummel","Spot Weakness","Cleave","Shockwave","Wild Strike+1","Pommel Strike","Inflame","Ghostly Armor","Body Slam+1","Iron Wave","Panache","Shrug It Off","Intimidate","Juggernaut","Cleave+1","Flex+1","Madness+1","Madness","Reckless Charge+1","Seeing Red+1","Inflame+1","Metallicize","Metallicize","Entrench"],"relics":["Burning Blood","Shuriken","Bag of Marbles","Odd Mushroom","Incense Burner","Omamori","Nunchaku","Pandora\u0027s Box","PreservedInsect","Thread and Needle","Kunai","Calling Bell","Red Skull","Molten Egg 2","Torii","Red Mask","Pocketwatch","Vajra","Pen Nib"],"potions_floor_usage":[6,8,16,28,30,33,44,48,48,48],"damage_taken":[{"damage":2,"enemies":"Small Slimes","floor":1,"turns":4},{"damage":2,"enemies":"2 Louse","floor":4,"turns":3},{"damage":18,"enemies":"3 Sentries","floor":6,"turns":10},{"damage":25,"enemies":"The Mushroom Lair","floor":7,"turns":5},{"damage":0,"enemies":"Gremlin Nob","floor":8,"turns":2},{"damage":1,"enemies":"Jaw Worm","floor":11,"turns":3},{"damage":18,"enemies":"Lagavulin","floor":12,"turns":7},{"damage":8,"enemies":"Red Slaver","floor":14,"turns":2},{"damage":26,"enemies":"The Guardian","floor":16,"turns":10},{"damage":14,"enemies":"3 Byrds","floor":18,"turns":4},{"damage":7,"enemies":"Chosen","floor":19,"turns":5},{"damage":25,"enemies":"Centurion and Healer","floor":20,"turns":5},{"damage":25,"enemies":"Snecko","floor":21,"turns":4},{"damage":35,"enemies":"Slavers","floor":23,"turns":4},{"damage":21,"enemies":"3 Cultists","floor":24,"turns":6},{"damage":1,"enemies":"Chosen and Byrds","floor":28,"turns":5},{"damage":8,"enemies":"Centurion and Healer","floor":30,"turns":5},{"damage":0,"enemies":"Gremlin Leader","floor":31,"turns":3},{"damage":32,"enemies":"Automaton","floor":33,"turns":7},{"damage":23,"enemies":"3 Shapes","floor":35,"turns":4},{"damage":1,"enemies":"Orb Walker","floor":36,"turns":3},{"damage":39,"enemies":"Giant Head","floor":41,"turns":8},{"damage":31,"enemies":"Sphere and 2 Shapes","floor":44,"turns":6},{"damage":20,"enemies":"Reptomancer","floor":45,"turns":5},{"damage":21,"enemies":"Spire Growth","floor":47,"turns":4},{"damage":17,"enemies":"Nemesis","floor":48,"turns":5},{"damage":47,"enemies":"Awakened One","floor":50,"turns":6}],"seed_played":"-579597503637293323","potions_obtained":[{"floor":1,"key":"EssenceOfSteel"},{"floor":7,"key":"AttackPotion"},{"floor":14,"key":"Regen Potion"},{"floor":16,"key":"Fire Potion"},{"floor":19,"key":"LiquidBronze"},{"floor":24,"key":"BloodPotion"},{"floor":28,"key":"BloodPotion"},{"floor":30,"key":"FairyPotion"},{"floor":36,"key":"EntropicBrew"},{"floor":45,"key":"Block Potion"}],"is_trial":false,"path_per_floor":["M","?","?","M","$","E","?","E","T","R","M","E","$","M","R","B",null,"M","M","M","M","?","E","M","R","T","R","M","$","M","E","R","B",null,"M","M","?","$","?","R","E","R","T","M","E","?","M","E","R","B"],"character_chosen":"IRONCLAD","items_purchased":["Shuriken","Armaments","Mayhem","Panache","Reckless Charge+1","Seeing Red"],"campfire_rested":1,"item_purchase_floors":[5,5,13,29,38,38],"current_hp_per_floor":[88,77,77,81,81,69,50,56,56,56,61,49,49,47,47,42,88,88,88,88,69,69,52,61,61,61,61,66,66,72,78,78,52,88,71,76,65,65,65,65,52,52,52,35,21,21,14,14,40,0],"gold":182,"neow_bonus":"TEN_PERCENT_HP_BONUS","is_prod":false,"is_daily":false,"chose_seed":false,"campfire_upgraded":6,"win_rate":0,"timestamp":1550090111,"path_taken":["M","?","?","M","$","E","?","E","T","R","M","E","?","?","R","BOSS","M","M","M","M","?","E","?","R","T","R","?","$","M","E","R","BOSS","M","?","?","$","?","R","E","R","T","M","E","?","M","E","R","BOSS"],"build_version":"2019-01-23","purchased_purges":2,"victory":false,"max_hp_per_floor":[88,88,88,88,88,88,88,88,88,88,88,88,88,88,88,88,88,88,88,88,88,88,88,88,88,88,88,88,88,88,88,88,88,88,88,88,88,88,88,88,88,88,88,88,88,88,88,88,88,88],"card_choices":[{"not_picked":["Searing Blow","Iron Wave"],"picked":"Clothesline","floor":1},{"not_picked":["Iron Wave","True Grit"],"picked":"Fire Breathing","floor":4},{"not_picked":["Havoc","Dual Wield"],"picked":"Barricade","floor":6},{"not_picked":["Fire Breathing","Clash"],"picked":"Pommel Strike","floor":7},{"not_picked":["Searing Blow","Havoc"],"picked":"Carnage","floor":8},{"not_picked":["Rupture","Carnage"],"picked":"Perfected Strike","floor":11},{"not_picked":["Warcry","True Grit","Brutality"],"picked":"SKIP","floor":12},{"not_picked":["Havoc","True Grit"],"picked":"Clash","floor":14},{"not_picked":["Reaper","Impervious"],"picked":"Limit Break","floor":16},{"not_picked":["Disarm","Clash"],"picked":"Shockwave","floor":18},{"not_picked":["Reckless Charge","Sword Boomerang+1"],"picked":"Wild Strike+1","floor":19},{"not_picked":["True Grit","Clothesline"],"picked":"Pommel Strike","floor":20},{"not_picked":["Iron Wave","Havoc"],"picked":"Inflame","floor":21},{"not_picked":["Dual Wield","Fire Breathing"],"picked":"Ghostly Armor","floor":23},{"not_picked":["Power Through","Headbutt"],"picked":"Body Slam+1","floor":24},{"not_picked":["True Grit+1","Shrug It Off"],"picked":"Iron Wave","floor":28},{"not_picked":["Feel No Pain","Reckless Charge+1"],"picked":"Shrug It Off","floor":30},{"not_picked":["Clothesline+1","Rupture"],"picked":"Intimidate","floor":31},{"not_picked":["Dark Embrace","Impervious"],"picked":"Juggernaut","floor":33},{"not_picked":["Rupture+1","Havoc+1"],"picked":"Cleave+1","floor":35},{"not_picked":["Blood for Blood+1","Rupture"],"picked":"Flex+1","floor":36},{"not_picked":["Fiend Fire+1","True Grit","Perfected Strike+1"],"picked":"SKIP","floor":41},{"not_picked":["Warcry","Twin Strike+1"],"picked":"Inflame+1","floor":44},{"not_picked":["Shockwave","Seeing Red"],"picked":"Metallicize","floor":45},{"not_picked":["Carnage+1","Metallicize","Clash+1"],"picked":"SKIP","floor":47},{"not_picked":["Carnage+1","Clash+1"],"picked":"Metallicize","floor":47},{"not_picked":["Shrug It Off","Thunderclap+1"],"picked":"Entrench","floor":48}],"player_experience":157087,"relics_obtained":[{"floor":6,"key":"Bag of Marbles"},{"floor":7,"key":"Odd Mushroom"},{"floor":8,"key":"Incense Burner"},{"floor":9,"key":"Omamori"},{"floor":12,"key":"Nunchaku"},{"floor":23,"key":"PreservedInsect"},{"floor":26,"key":"Thread and Needle"},{"floor":31,"key":"Kunai"},{"floor":34,"key":"Red Skull"},{"floor":34,"key":"Molten Egg 2"},{"floor":34,"key":"Torii"},{"floor":41,"key":"Pocketwatch"},{"floor":45,"key":"Vajra"},{"floor":48,"key":"Pen Nib"}],"event_choices":[{"damage_healed":0,"gold_gain":75,"player_choice":"Gather Gold","damage_taken":11,"max_hp_gain":0,"max_hp_loss":0,"event_name":"World of Goop","floor":2,"gold_loss":0},{"damage_healed":0,"gold_gain":175,"player_choice":"AGREE","damage_taken":0,"max_hp_gain":0,"max_hp_loss":0,"event_name":"Liars Game","floor":3,"gold_loss":0,"cards_obtained":["Doubt"]},{"damage_healed":0,"gold_gain":0,"player_choice":"Fought Mushrooms","damage_taken":0,"max_hp_gain":0,"max_hp_loss":0,"event_name":"Mushrooms","floor":7,"gold_loss":0},{"damage_healed":0,"gold_gain":0,"player_choice":"Upgraded","damage_taken":0,"max_hp_gain":0,"max_hp_loss":0,"event_name":"Upgrade Shrine","floor":22,"gold_loss":0,"cards_upgraded":["Limit Break"]},{"damage_healed":0,"gold_gain":0,"player_choice":"Embrace Madness","damage_taken":11,"max_hp_gain":0,"max_hp_loss":0,"event_name":"Winding Halls","floor":37,"gold_loss":0,"cards_obtained":["Madness","Madness"]},{"damage_healed":0,"gold_gain":0,"player_choice":"Paid","damage_taken":0,"relics_obtained":["Red Mask"],"max_hp_gain":0,"max_hp_loss":0,"event_name":"Tomb of Lord Red Mask","floor":39,"gold_loss":15},{"cards_removed":["Reckless Charge"],"damage_healed":0,"gold_gain":0,"player_choice":"Removed Attack","damage_taken":0,"max_hp_gain":0,"max_hp_loss":0,"event_name":"Falling","floor":46,"gold_loss":0}],"is_beta":false,"boss_relics":[{"not_picked":["Black Blood","Tiny House"],"picked":"Pandora\u0027s Box"},{"not_picked":["Orrery","Runic Cube"],"picked":"Calling Bell"}],"items_purged_floors":[5,38],"is_endless":false,"potions_floor_spawned":[1,7,14,16,19,24,28,30,36,41,45,47],"killed_by":"Awakened One","ascension_level":1}