{"gold_per_floor":[117,128,73,73,87,114,140,140,140,140,174,9,9,9,9,9],"floor_reached":16,"playtime":490,"items_purged":["Bash"],"score":312,"play_id":"ea8ae0db-16ae-405d-b40c-15d090114bb7","local_time":"20181106104159","is_ascension_mode":true,"campfire_choices":[{"data":"Feel No Pain","floor":8,"key":"SMITH"},{"data":"Uppercut","floor":10,"key":"SMITH"},{"data":"Flame Barrier","floor":13,"key":"SMITH"},{"data":"Defend_R","floor":15,"key":"SMITH"}],"neow_cost":"NONE","seed_source_timestamp":3722765660493827,"circlet_count":0,"master_deck":["AscendersBane","Strike_R","Strike_R","Strike_R","Strike_R","Defend_R+1","Defend_R","Defend_R","Defend_R","Uppercut+1","Feel No Pain+1","Intimidate","Uppercut+1","Sword Boomerang+1","Flame Barrier+1"],"relics":["Burning Blood","NeowsBlessing","Molten Egg 2","Odd Mushroom","Regal Pillow","Orichalcum"],"potions_floor_usage":[7,11,16],"damage_taken":[{"damage":0,"enemies":"Jaw Worm","floor":1,"turns":1},{"damage":0,"enemies":"Cultist","floor":2,"turns":1},{"damage":0,"enemies":"2 Louse","floor":5,"turns":1},{"damage":19,"enemies":"3 Sentries","floor":6,"turns":13},{"damage":15,"enemies":"The Mushroom Lair","floor":7,"turns":4},{"damage":21,"enemies":"Gremlin Nob","floor":11,"turns":4}],"seed_played":"-325398974996179008","potions_obtained":[{"floor":5,"key":"AttackPotion"},{"floor":7,"key":"Energy Potion"}],"is_trial":false,"path_per_floor":["M","M","$","?","M","E","?","R","T","R","E","$","R","$","R","B"],"character_chosen":"IRONCLAD","items_purchased":["Fire Potion","Flame Barrier"],"campfire_rested":0,"item_purchase_floors":[3,12],"current_hp_per_floor":[74,75,75,75,75,62,53,53,53,53,38,38,38,38,38,0],"gold":9,"neow_bonus":"THREE_ENEMY_KILL","is_prod":false,"is_daily":false,"chose_seed":false,"campfire_upgraded":4,"win_rate":0,"timestamp":1541497319,"path_taken":["M","M","$","?","?","E","?","R","T","R","E","$","R","$","R","BOSS"],"build_version":"2018-11-01","purchased_purges":1,"victory":false,"max_hp_per_floor":[75,75,75,75,75,75,75,75,75,75,75,75,75,75,75,75],"card_choices":[{"not_picked":["Clothesline","Havoc"],"picked":"Uppercut","floor":1},{"not_picked":["Headbutt","Seeing Red"],"picked":"Feel No Pain","floor":2},{"not_picked":["Heavy Blade","Havoc"],"picked":"Intimidate","floor":5},{"not_picked":["Reaper","Sever Soul"],"picked":"Uppercut","floor":6},{"not_picked":["Blood for Blood+1","Wild Strike+1"],"picked":"Sword Boomerang+1","floor":11}],"player_experience":1602609,"relics_obtained":[{"floor":6,"key":"Molten Egg 2"},{"floor":7,"key":"Odd Mushroom"},{"floor":9,"key":"Regal Pillow"},{"floor":11,"key":"Orichalcum"}],"event_choices":[{"cards_removed":["Strike_R"],"damage_healed":0,"gold_gain":0,"player_choice":"Purged","damage_taken":0,"max_hp_gain":0,"max_hp_loss":0,"event_name":"Purifier","floor":4,"gold_loss":0},{"damage_healed":0,"gold_gain":0,"player_choice":"Fought Mushrooms","damage_taken":0,"max_hp_gain":0,"max_hp_loss":0,"event_name":"Mushrooms","floor":7,"gold_loss":0}],"is_beta":false,"boss_relics":[],"items_purged_floors":[12],"is_endless":false,"potions_floor_spawned":[5,6,7],"killed_by":"The Guardian","ascension_level":20}