{"gold_per_floor":[116,116,116,116,136,136,169,169,193,193,19,38,62,106,106,229,229,253,253,268,49,70,70,104,104,156,179,218,238,273,286,286,417,417,437,437,461,236,236,236,6,347,415,453,453,467,467,486,486,486],"floor_reached":51,"playtime":3200,"items_purged":["Slimebound:Strike_Slimebound","Slimebound:Strike_Slimebound","Slimebound:Strike_Slimebound"],"score":911,"play_id":"32c40823-adfb-4f0f-a6fd-6f472a53ffbd","local_time":"20190107012423","is_ascension_mode":true,"campfire_choices":[{"data":"Slimebound:LivingWall","floor":6.0,"key":"SMITH"},{"data":"Slimebound:SplitBruiser","floor":8.0,"key":"SMITH"},{"data":"Slimebound:LevelUp","floor":10.0,"key":"SMITH"},{"data":"Slimebound:SplitBruiser","floor":15.0,"key":"SMITH"},{"floor":23.0,"key":"REST"},{"data":"Slimebound:StudyTheSpire","floor":25.0,"key":"SMITH"},{"data":"Slimebound:SplitBruiser","floor":32.0,"key":"SMITH"},{"data":"Slimebound:Strike_Slimebound","floor":40,"key":"PURGE"},{"data":"Slimebound:ProtectTheBoss","floor":45,"key":"SMITH"},{"data":"Slimebound:FirmFortitude","floor":47,"key":"SMITH"},{"data":"Slimebound:FormABlockade","floor":49,"key":"SMITH"}],"neow_cost":"NONE","seed_source_timestamp":361558928678217,"circlet_count":0,"master_deck":["Slimebound:Defend_Slimebound","Slimebound:Defend_Slimebound+1","Slimebound:Defend_Slimebound+1","Slimebound:Defend_Slimebound","Slimebound:Split","Slimebound:CorrosiveSpit","Slimebound:LivingWall+1","Slimebound:LevelUp+1","Slimebound:SplitBruiser+1","Slimebound:FormABlockade+1","Slimebound:DivideAndConquer+1","Slimebound:SplitBruiser+1","Slimebound:SplitLeeching+1","Slimebound:SplitBruiser+1","Slimebound:StudyTheSpire+1","Slimebound:PressTheAttack+1","Slimebound:FirmFortitude+1","Slimebound:FormABlockade+1","Slimebound:FormOfPuddle+1","Slimebound:SplitMire+1","Slimebound:SplitBruiser+1","Slimebound:SlimeSpikes+1","Slimebound:SuperSplit+1","Slimebound:SelfFormingGoo+1","Slimebound:SamplingLick+1","Slimebound:SuperSplit+1","Slimebound:SplitLeeching+1","Slimebound:ProtectTheBoss+1","Slimebound:LivingWall+1","Slimebound:MegaLick+1","Slimebound:ProtectTheBoss+1","Slimebound:SplitBruiser+1","Slimebound:SuperSplit+1"],"special_seed":0,"relics":["Slimebound:AbsorbEndCombat","Boot","Golden Idol","Centennial Puzzle","Oddly Smooth Stone","Dream Catcher","Slimebound:StudyCardRelic","Nloth\u0027s Gift","Membership Card","Blood Vial","Potion Belt","PreservedInsect","Toxic Egg 2","Peace Pipe","Whetstone","Pantograph","Old Coin","Darkstone Periapt","Slimebound:PreparedRelic"],"potions_floor_usage":[50,50,50,50,50],"damage_taken":[{"damage":6.0,"enemies":"Jaw Worm","floor":1.0,"turns":4.0},{"damage":0.0,"enemies":"Small Slimes","floor":5.0,"turns":3.0},{"damage":21.0,"enemies":"Gremlin Nob","floor":7.0,"turns":5.0},{"damage":6.0,"enemies":"2 Louse","floor":12.0,"turns":3.0},{"damage":16.0,"enemies":"Red Slaver","floor":13.0,"turns":4.0},{"damage":26.0,"enemies":"Lagavulin","floor":14.0,"turns":5.0},{"damage":52.0,"enemies":"The Guardian","floor":16.0,"turns":9.0},{"damage":25.0,"enemies":"Spheric Guardian","floor":18.0,"turns":5.0},{"damage":23.0,"enemies":"2 Thieves","floor":20.0,"turns":4.0},{"damage":43.0,"enemies":"Shelled Parasite and Fungi","floor":22.0,"turns":5.0},{"damage":29.0,"enemies":"Book of Stabbing","floor":24.0,"turns":4.0},{"damage":44.0,"enemies":"Slavers","floor":28.0,"turns":5.0},{"damage":20.0,"enemies":"Snecko","floor":29.0,"turns":5.0},{"damage":26.0,"enemies":"Gremlin Leader","floor":30.0,"turns":6.0},{"damage":19.0,"enemies":"Cultist and Chosen","floor":31.0,"turns":5.0},{"damage":64.0,"enemies":"Collector","floor":33.0,"turns":10.0},{"damage":30.0,"enemies":"3 Shapes","floor":35.0,"turns":5.0},{"damage":66,"enemies":"3 Darklings","floor":37,"turns":5},{"damage":32,"enemies":"Nemesis","floor":42,"turns":5},{"damage":48,"enemies":"Giant Head","floor":44,"turns":9},{"damage":24,"enemies":"Spire Growth","floor":46,"turns":4},{"damage":54,"enemies":"Maw","floor":48,"turns":6},{"damage":45,"enemies":"Donu and Deca","floor":50,"turns":9}],"seed_played":"2161018600432012624","potions_obtained":[{"floor":1.0,"key":"PowerPotion"},{"floor":7.0,"key":"PowerPotion"},{"floor":12.0,"key":"AttackPotion"},{"floor":13.0,"key":"EssenceOfSteel"},{"floor":18.0,"key":"GamblersBrew"},{"floor":22.0,"key":"Energy Potion"},{"floor":24.0,"key":"Ancient Potion"},{"floor":28.0,"key":"SteroidPotion"},{"floor":35.0,"key":"Dexterity Potion"},{"floor":48,"key":"EssenceOfSteel"}],"is_trial":false,"path_per_floor":["M","?","?","?","M","R","E","R","T","R","$","M","M","E","R","B",null,"M","?","M","$","M","R","E","R","T","T","E","M","E","M","R","B",null,"M","?","M","$","?","R","$","E","T","E","R","M","R","M","R","B",null],"character_chosen":"SLIMEBOUND","items_purchased":["Slimebound:FormABlockade","Slimebound:DivideAndConquer","Membership Card","Slimebound:FirmFortitude","Slimebound:SuperSplit+1","Whetstone","Slimebound:SplitLeeching+1","Slimebound:ProtectTheBoss","Pantograph","Slimebound:LivingWall+1"],"campfire_rested":1,"item_purchase_floors":[11,11,21,21,38,38,38,41,41,41],"current_hp_per_floor":[60,60,45,45,50,50,45,45,45,45,45,53,49,41,41,44,60,56,56,48,48,28,46,59,59,59,59,60,60,60,60,60,40,60,60,60,53,53,53,53,53,60,60,60,60,60,60,60,60,60],"gold":486,"neow_bonus":"RANDOM_COMMON_RELIC","is_prod":false,"is_daily":false,"chose_seed":false,"campfire_upgraded":9,"win_rate":0,"timestamp":1546820663,"path_taken":["M","?","?","?","M","R","E","R","T","R","$","M","?","E","R","BOSS","M","?","M","?","M","R","E","R","T","?","E","M","E","M","R","BOSS","M","?","M","$","?","R","$","E","T","E","R","M","R","M","R","BOSS"],"build_version":"2019-01-03v4","purchased_purges":3,"victory":true,"max_hp_per_floor":[60,60,60,60,60,60,60,60,60,60,60,60,60,60,60,60,60,60,60,60,60,60,60,60,60,60,60,60,60,60,60,60,60,60,60,60,60,60,60,60,60,60,60,60,60,60,60,60,60,60],"card_choices":[{"not_picked":["Slimebound:LeechLife","Slimebound:SelfFormingGoo"],"picked":"Slimebound:LivingWall","floor":1.0},{"not_picked":["Slimebound:SplitBruiser","Slimebound:SlimeTap"],"picked":"Slimebound:LevelUp","floor":5.0},{"not_picked":["Slimebound:SamplingLick","Slimebound:LeadByExample"],"picked":"Slimebound:SplitBruiser","floor":7.0},{"not_picked":["Slimebound:SlimeTap","Slimebound:SplitLeeching"],"picked":"Slimebound:SplitBruiser","floor":12.0},{"not_picked":["Slimebound:RollThrough","Slimebound:FormABlockade"],"picked":"Slimebound:SplitLeeching","floor":13.0},{"not_picked":["Slimebound:ItLooksTasty","Slimebound:DouseInSlime"],"picked":"Slimebound:SplitBruiser","floor":14.0},{"not_picked":["Slimebound:OozeBath","Slimebound:SlimeBrawl"],"picked":"Slimebound:StudyTheSpire","floor":16.0},{"not_picked":["Slimebound:RainOfGoop","Slimebound:RollThrough+1"],"picked":"Slimebound:PressTheAttack","floor":18.0},{"not_picked":["Slimebound:VenomTackle","Slimebound:Grow","Slimebound:ComboTackle"],"picked":"SKIP","floor":20.0},{"not_picked":["Slimebound:Replication","Slimebound:GoopTackle"],"picked":"Slimebound:FormABlockade+1","floor":22.0},{"not_picked":["Slimebound:GoopTackle","Slimebound:Replication"],"picked":"Slimebound:FormOfPuddle+1","floor":24.0},{"not_picked":["Slimebound:StudyTheSpire","Slimebound:StrayGoop+1"],"picked":"Slimebound:SplitMire","floor":28.0},{"not_picked":["Slimebound:GoopSpray+1","Slimebound:VenomTackle","Slimebound:Overexert+1"],"picked":"SKIP","floor":29.0},{"not_picked":["Slimebound:MegaLick+1","Slimebound:ComboTackle+1"],"picked":"Slimebound:SplitBruiser+1","floor":30.0},{"not_picked":["Slimebound:ProtectTheBoss+1","Slimebound:SamplingLick+1"],"picked":"Slimebound:SlimeSpikes+1","floor":31.0},{"not_picked":["Slimebound:StudyTheSpire","Slimebound:Teamwork"],"picked":"Slimebound:SuperSplit+1","floor":33.0},{"not_picked":["Slimebound:FormABlockade+1","Slimebound:RollThrough+1"],"picked":"Slimebound:SelfFormingGoo+1","floor":35.0},{"not_picked":["Slimebound:Grow+1","Slimebound:ViciousTackle"],"picked":"Slimebound:SamplingLick+1","floor":37},{"not_picked":["Slimebound:PressTheAttack","Slimebound:GoopTackle+1"],"picked":"Slimebound:MegaLick+1","floor":42},{"not_picked":["Slimebound:AcidTongue","Slimebound:FormABlockade+1"],"picked":"Slimebound:ProtectTheBoss+1","floor":44},{"not_picked":["Slimebound:DivideAndConquer","Slimebound:ComboTackle+1"],"picked":"Slimebound:SplitBruiser+1","floor":46},{"not_picked":["Slimebound:LeechEnergy","Slimebound:AcidGelatin+1"],"picked":"Slimebound:SuperSplit+1","floor":48}],"player_experience":22048,"relics_obtained":[{"floor":7.0,"key":"War Paint"},{"floor":9.0,"key":"Oddly Smooth Stone"},{"floor":14.0,"key":"Dream Catcher"},{"floor":24.0,"key":"Blood Vial"},{"floor":26.0,"key":"Potion Belt"},{"floor":27.0,"key":"PreservedInsect"},{"floor":28.0,"key":"Toxic Egg 2"},{"floor":30.0,"key":"Peace Pipe"},{"floor":42,"key":"Old Coin"},{"floor":43,"key":"Darkstone Periapt"},{"floor":44,"key":"Slimebound:PreparedRelic"}],"event_choices":[{"damage_healed":0.0,"max_hp_gain":0.0,"max_hp_loss":0.0,"gold_gain":0.0,"event_name":"Liars Game","player_choice":"Ignored","floor":2.0,"gold_loss":0.0,"damage_taken":0.0},{"damage_healed":0.0,"max_hp_gain":0.0,"max_hp_loss":0.0,"gold_gain":0.0,"event_name":"Golden Idol","player_choice":"Take Damage","floor":3.0,"gold_loss":0.0,"damage_taken":15.0,"relics_obtained":["Golden Idol"]},{"damage_healed":0.0,"max_hp_gain":0.0,"max_hp_loss":0.0,"gold_gain":0.0,"event_name":"WeMeetAgain","player_choice":"Gave Potion","floor":4.0,"gold_loss":0.0,"damage_taken":0.0,"relics_obtained":["Centennial Puzzle"]},{"damage_healed":0.0,"max_hp_gain":0.0,"max_hp_loss":0.0,"gold_gain":0.0,"event_name":"N\u0027loth","player_choice":"Traded Relic","floor":19.0,"relics_lost":["War Paint"],"gold_loss":0.0,"damage_taken":0.0,"relics_obtained":["Nloth\u0027s Gift"]},{"damage_healed":0.0,"max_hp_gain":0.0,"max_hp_loss":0.0,"gold_gain":0.0,"event_name":"Tomb of Lord Red Mask","player_choice":"Ignored","floor":36.0,"gold_loss":0.0,"damage_taken":0.0},{"damage_healed":0,"gold_gain":0,"player_choice":"Upgraded","damage_taken":0,"max_hp_gain":0,"max_hp_loss":0,"event_name":"Upgrade Shrine","floor":39,"gold_loss":0,"cards_upgraded":["Slimebound:SplitLeeching"]}],"is_beta":false,"boss_relics":[{"not_picked":["Empty Cage","Philosopher\u0027s Stone"],"picked":"Slimebound:StudyCardRelic"},{"not_picked":["Runic Pyramid","Runic Dome","Calling Bell"]}],"items_purged_floors":[11,38,41],"is_endless":false,"potions_floor_spawned":[1,7,12,13,18,22,24,28,35,48],"ascension_level":1}