{"gold_per_floor":[110,125,142,160,12,46,46,46,71,105,105,133,133,145,145,218,218,229,245,19,19,37,37,50,61,133,133,133,133,133,133,133,210,210,230,86,134,96,0,0,16,16,16,16,46,66,80,90,90,90],"floor_reached":50,"playtime":3875,"items_purged":[],"score":925,"play_id":"83bec7ba-df45-412a-a4ff-a5741bba42e7","local_time":"20180716153059","is_ascension_mode":true,"campfire_choices":[{"data":"Disarm","floor":8,"key":"SMITH"},{"data":"Armaments","floor":11,"key":"SMITH"},{"floor":15,"key":"REST"},{"data":"Spot Weakness","floor":23,"key":"SMITH"},{"floor":27,"key":"REST"},{"floor":32,"key":"REST"},{"data":"1","floor":40,"key":"LIFT"},{"floor":44,"key":"REST"},{"floor":49,"key":"REST"}],"neow_cost":"NONE","seed_source_timestamp":485432573042567,"circlet_count":0,"master_deck":["Strike_R+1","Strike_R","Strike_R","Strike_R","Strike_R","Defend_R","Defend_R","Defend_R","Defend_R","Bash+1","AscendersBane","Shockwave+1","Sword Boomerang","Battle Trance","Disarm+1","Armaments+1","Headbutt","Iron Wave","Clothesline","Immolate","Spot Weakness+1","Heavy Blade+1","Feel No Pain","Shrug It Off","Armaments+1","Parasite","Inflame","Headbutt","Fiend Fire","True Grit","Flame Barrier","Infernal Blade+1","Madness","Madness","Doubt","Disarm","Flex","Demon Form"],"relics":["Burning Blood","Bronze Scales","Blood Vial","Dream Catcher","Oddly Smooth Stone","Bag of Marbles","Cursed Key","Bag of Preparation","Art of War","Mercury Hourglass","Spirit Poop","White Beast Statue","Whetstone","Girya","Red Mask","Boot","Pen Nib"],"potions_floor_usage":[6,10,12,14,33,37,45,50,50],"damage_taken":[{"damage":5,"enemies":"Small Slimes","floor":1,"turns":3},{"damage":16,"enemies":"Jaw Worm","floor":2,"turns":7},{"damage":5,"enemies":"2 Louse","floor":3,"turns":6},{"damage":9,"enemies":"Looter","floor":4,"turns":4},{"damage":37,"enemies":"Gremlin Nob","floor":6,"turns":4},{"damage":11,"enemies":"Lagavulin","floor":10,"turns":10},{"damage":34,"enemies":"Gremlin Nob","floor":12,"turns":4},{"damage":11,"enemies":"Exordium Thugs","floor":14,"turns":4},{"damage":51,"enemies":"Slime Boss","floor":16,"turns":14},{"damage":10,"enemies":"Shell Parasite","floor":18,"turns":4},{"damage":6,"enemies":"3 Byrds","floor":19,"turns":2},{"damage":14,"enemies":"Snecko","floor":22,"turns":4},{"damage":32,"enemies":"Centurion and Healer","floor":24,"turns":5},{"damage":32,"enemies":"Slaver and Parasite","floor":25,"turns":4},{"damage":32,"enemies":"Collector","floor":33,"turns":7},{"damage":2,"enemies":"Orb Walker","floor":35,"turns":2},{"damage":23,"floor":37,"turns":2},{"damage":16,"enemies":"3 Shapes","floor":41,"turns":4},{"damage":35,"enemies":"Giant Head","floor":45,"turns":7},{"damage":4,"enemies":"Flame Bruiser 2 Orb","floor":46,"turns":4},{"damage":9,"enemies":"4 Shapes","floor":47,"turns":2},{"damage":12,"enemies":"3 Darklings","floor":48,"turns":3},{"damage":81,"enemies":"Donu and Deca","floor":50,"turns":7}],"seed_played":"8590969847882935603","potions_obtained":[{"floor":1,"key":"LiquidBronze"},{"floor":2,"key":"SkillPotion"},{"floor":10,"key":"AttackPotion"},{"floor":12,"key":"Energy Potion"},{"floor":14,"key":"LiquidBronze"},{"floor":19,"key":"SpeedPotion"},{"floor":22,"key":"PowerPotion"},{"floor":35,"key":"AttackPotion"},{"floor":37,"key":"Block Potion"},{"floor":45,"key":"Energy Potion"}],"is_trial":false,"path_per_floor":["M","M","M","M","$","E","?","R","T","E","R","E","?","M","R","B",null,"M","M","$","T","M","R","M","M","T","R","?","?","$","?","R","B",null,"M","$","?","$","?","R","M","?","T","R","E","M","M","M","R"],"character_chosen":"IRONCLAD","items_purchased":["Bronze Scales","Bag of Preparation","Feel No Pain","Whetstone","Flame Barrier"],"campfire_rested":5,"item_purchase_floors":[5,20,20,36,38],"current_hp_per_floor":[76,66,67,64,64,33,33,33,33,30,30,8,35,32,56,13,65,63,65,65,65,59,59,35,11,11,35,51,51,51,51,75,51,74,80,80,65,65,65,65,57,42,42,66,39,43,42,38,62,0],"gold":90,"neow_bonus":"TEN_PERCENT_HP_BONUS","is_prod":false,"is_daily":false,"chose_seed":false,"campfire_upgraded":3,"win_rate":0,"timestamp":1531747859,"path_taken":["M","M","M","M","$","E","?","R","T","E","R","E","?","M","R","BOSS","M","M","$","?","M","R","M","M","T","R","?","?","$","?","R","BOSS","M","$","?","$","?","R","?","?","T","R","E","M","M","M","R","BOSS"],"build_version":"2018-07-12","purchased_purges":0,"victory":false,"max_hp_per_floor":[82,82,82,82,82,82,82,82,82,82,82,82,82,82,82,82,82,82,82,82,82,82,82,82,82,82,82,82,82,82,82,82,82,82,82,82,82,82,82,82,82,82,82,82,82,82,82,82,82,82],"card_choices":[{"not_picked":["Bloodletting","Warcry","Rupture"],"picked":"SKIP","floor":1},{"not_picked":["Cleave","Infernal Blade"],"picked":"Shockwave","floor":2},{"not_picked":["Sword Boomerang","Infernal Blade","Intimidate"],"picked":"SKIP","floor":3},{"not_picked":["Infernal Blade","Intimidate"],"picked":"Sword Boomerang","floor":3},{"not_picked":["Bloodletting","Power Through"],"picked":"Battle Trance","floor":4},{"not_picked":["Perfected Strike","Reckless Charge"],"picked":"Disarm","floor":6},{"not_picked":["Cleave","Reckless Charge"],"picked":"Armaments","floor":10},{"not_picked":["Reckless Charge","Brutality"],"picked":"Headbutt","floor":12},{"not_picked":["Reckless Charge","Havoc"],"picked":"Iron Wave","floor":14},{"not_picked":["Anger","Iron Wave"],"picked":"Clothesline","floor":15},{"not_picked":["Exhume","Reaper"],"picked":"Immolate","floor":16},{"not_picked":["Pummel","Evolve"],"picked":"Spot Weakness","floor":18},{"not_picked":["Iron Wave","Searing Blow"],"picked":"Heavy Blade+1","floor":19},{"not_picked":["Twin Strike","Thunderclap"],"picked":"Shrug It Off","floor":22},{"not_picked":["Headbutt","Havoc"],"picked":"Armaments+1","floor":24},{"not_picked":["Sword Boomerang","Perfected Strike","Iron Wave"],"picked":"SKIP","floor":25},{"not_picked":["Corruption","Bludgeon"],"picked":"Inflame","floor":27},{"not_picked":["Intimidate","Twin Strike"],"picked":"Headbutt","floor":32},{"not_picked":["Barricade","Berserk"],"picked":"Fiend Fire","floor":33},{"not_picked":["Perfected Strike+1","Infernal Blade","Cleave"],"picked":"SKIP","floor":35},{"not_picked":["Thunderclap","Pommel Strike"],"picked":"True Grit","floor":37},{"not_picked":["Battle Trance","Clothesline"],"picked":"Infernal Blade+1","floor":41},{"not_picked":["Sentinel","Heavy Blade"],"picked":"Disarm","floor":44},{"not_picked":["Dark Embrace","Clash"],"picked":"Flex","floor":45},{"not_picked":["Clothesline","Heavy Blade","Anger+1"],"picked":"SKIP","floor":46},{"not_picked":["Pommel Strike","Anger","Searing Blow"],"picked":"SKIP","floor":47},{"not_picked":["Twin Strike","Pommel Strike"],"picked":"Demon Form","floor":48}],"player_experience":1057207,"relics_obtained":[{"floor":6,"key":"Blood Vial"},{"floor":9,"key":"Dream Catcher"},{"floor":10,"key":"Oddly Smooth Stone"},{"floor":12,"key":"Bag of Marbles"},{"floor":21,"key":"Art of War"},{"floor":26,"key":"Mercury Hourglass"},{"floor":37,"key":"Girya"},{"floor":43,"key":"Boot"},{"floor":45,"key":"Pen Nib"}],"event_choices":[{"event_name":"Living Wall","player_choice":"Grow","floor":7,"damage_taken":0},{"event_name":"Big Fish","player_choice":"Banana","floor":13,"damage_taken":0},{"event_name":"The Library","player_choice":"Heal","floor":28,"damage_taken":0},{"event_name":"Ghosts","player_choice":"Ignored","floor":29,"damage_taken":0},{"event_name":"Bonfire Elementals","player_choice":"CURSE","floor":31,"damage_taken":0},{"event_name":"Mysterious Sphere","player_choice":"Fight","floor":37,"damage_taken":0},{"event_name":"Tomb of Lord Red Mask","player_choice":"Paid","floor":39,"damage_taken":0},{"event_name":"Winding Halls","player_choice":"Embrace Madness","floor":42,"damage_taken":0}],"boss_relics":[{"not_picked":["Runic Cube","Snecko Eye"],"picked":"Cursed Key"},{"not_picked":["Fusion Hammer","Tiny House"],"picked":"White Beast Statue"}],"items_purged_floors":[],"is_endless":false,"potions_floor_spawned":[1,2,10,12,14,19,22,35,37,41,45,46,47,48],"killed_by":"Donu and Deca","ascension_level":15}