{"gold_per_floor":[112,123,139,61,79,110,127,127,204,222,222,233,408,438,438,540,590,530,273,273,293,392,71,71,82,82,93,110,110,110,125,125,125],"floor_reached":33,"playtime":3333,"items_purged":["Strike_R","Strike_R"],"score":312,"play_id":"4052a9b9-130a-4c04-9f52-feea16f81376","local_time":"20190212214600","is_ascension_mode":true,"campfire_choices":[{"data":"Whirlwind","floor":8,"key":"SMITH"},{"data":"Armaments","floor":11,"key":"SMITH"},{"data":"Limit Break","floor":15,"key":"SMITH"},{"floor":24,"key":"REST"},{"floor":30,"key":"REST"},{"data":"Shrug It Off","floor":32,"key":"SMITH"}],"neow_cost":"NONE","seed_source_timestamp":109739735008500,"circlet_count":0,"master_deck":["Strike_R","Strike_R","Strike_R","Defend_R","Defend_R","Defend_R","Defend_R","Bash","Whirlwind+1","Armaments+1","Inflame+1","Battle Trance","Shrug It Off","Rage","Shrug It Off","Limit Break+1","Doubt","Clothesline","Juggernaut","Headbutt","Twin Strike","Inflame","True Grit","Pommel Strike","Shrug It Off+1","Limit Break","Heavy Blade+1","Disarm","Cleave","Pommel Strike"],"relics":["Burning Blood","Centennial Puzzle","The Courier","Ornamental Fan","Tiny House","Dream Catcher","Anchor","Red Skull","Incense Burner","Nloth\u0027s Gift"],"potions_floor_usage":[3,14,14,14,16,28,33],"damage_taken":[{"damage":4,"enemies":"Jaw Worm","floor":1,"turns":7},{"damage":8,"enemies":"2 Louse","floor":2,"turns":2},{"damage":4,"enemies":"Cultist","floor":3,"turns":5},{"damage":5,"enemies":"Large Slime","floor":5,"turns":8},{"damage":25,"enemies":"3 Sentries","floor":6,"turns":6},{"damage":0,"enemies":"3 Louse","floor":7,"turns":1},{"damage":0,"enemies":"2 Fungi Beasts","floor":10,"turns":3},{"damage":3,"enemies":"Blue Slaver","floor":12,"turns":5},{"damage":11,"enemies":"Gremlin Nob","floor":14,"turns":4},{"damage":48,"enemies":"Slime Boss","floor":16,"turns":9},{"damage":20,"enemies":"2 Thieves","floor":18,"turns":4},{"damage":38,"enemies":"3 Byrds","floor":21,"turns":6},{"damage":13,"enemies":"Centurion and Healer","floor":25,"turns":8},{"damage":15,"enemies":"Shelled Parasite and Fungi","floor":27,"turns":9},{"damage":16,"enemies":"3 Cultists","floor":28,"turns":5},{"damage":28,"enemies":"Centurion and Healer","floor":31,"turns":9},{"damage":62,"enemies":"Champ","floor":33,"turns":10}],"seed_played":"-7272590151927454581","potions_obtained":[{"floor":1,"key":"AttackPotion"},{"floor":5,"key":"Poison Potion"},{"floor":7,"key":"Strength Potion"},{"floor":10,"key":"Explosive Potion"},{"floor":14,"key":"AttackPotion"},{"floor":17,"key":"GamblersBrew"},{"floor":21,"key":"PowerPotion"},{"floor":25,"key":"GamblersBrew"},{"floor":27,"key":"Dexterity Potion"}],"is_trial":false,"path_per_floor":["M","M","M","$","M","E","M","R","T","M","R","M","?","E","R","B",null,"M","$","?","M","?","$","R","M","T","M","M","?","R","M","R","B"],"character_chosen":"IRONCLAD","items_purchased":["Inflame","Inflame","Dream Catcher","True Grit","Anchor","Red Skull"],"campfire_rested":2,"item_purchase_floors":[4,19,19,19,23,23],"current_hp_per_floor":[80,78,80,80,80,61,67,67,67,73,73,76,76,71,71,29,85,71,71,71,39,39,39,64,57,57,48,38,38,63,41,41,0],"gold":125,"neow_bonus":"RANDOM_COMMON_RELIC","is_prod":false,"is_daily":false,"chose_seed":false,"campfire_upgraded":4,"win_rate":0,"timestamp":1550025960,"path_taken":["M","M","M","$","M","E","M","R","T","M","R","M","?","E","R","BOSS","M","$","?","M","?","$","R","M","T","M","?","?","R","M","R","BOSS"],"build_version":"2019-01-23","purchased_purges":2,"victory":false,"max_hp_per_floor":[80,80,80,80,80,80,80,80,80,80,80,80,80,80,80,80,85,85,85,85,85,85,85,85,85,85,85,85,85,85,85,85,85],"card_choices":[{"not_picked":["Thunderclap","Sword Boomerang"],"picked":"Whirlwind","floor":1},{"not_picked":["Clothesline","Havoc"],"picked":"Armaments","floor":2},{"not_picked":["Havoc","Anger","Perfected Strike"],"picked":"SKIP","floor":3},{"not_picked":["Double Tap","Headbutt"],"picked":"Battle Trance","floor":5},{"not_picked":["Rampage","Reckless Charge"],"picked":"Shrug It Off","floor":6},{"not_picked":["Anger","Havoc"],"picked":"Rage","floor":7},{"not_picked":["Cleave","Anger"],"picked":"Shrug It Off","floor":10},{"not_picked":["Iron Wave","Headbutt"],"picked":"Limit Break","floor":12},{"not_picked":["Entrench","Dropkick"],"picked":"Clothesline","floor":14},{"not_picked":["Fiend Fire","Impervious"],"picked":"Juggernaut","floor":16},{"not_picked":["Wild Strike","Sword Boomerang"],"picked":"Headbutt","floor":17},{"not_picked":["Rupture","Metallicize+1"],"picked":"Twin Strike","floor":18},{"not_picked":["True Grit","Power Through"],"picked":"Shrug It Off","floor":21},{"not_picked":["Sword Boomerang","Heavy Blade"],"picked":"Limit Break","floor":24},{"not_picked":["Corruption","Twin Strike+1"],"picked":"Heavy Blade+1","floor":25},{"not_picked":["Combust","Headbutt"],"picked":"Disarm","floor":27},{"not_picked":["Perfected Strike","Havoc+1","Clash"],"picked":"SKIP","floor":28},{"not_picked":["Impervious","Intimidate"],"picked":"Cleave","floor":30},{"not_picked":["Flex","Entrench"],"picked":"Pommel Strike","floor":31}],"player_experience":76285,"relics_obtained":[{"floor":6,"key":"The Courier"},{"floor":9,"key":"Ornamental Fan"},{"floor":14,"key":"Champion Belt"},{"floor":26,"key":"Incense Burner"}],"event_choices":[{"damage_healed":0,"gold_gain":175,"player_choice":"AGREE","damage_taken":0,"max_hp_gain":0,"max_hp_loss":0,"event_name":"Liars Game","floor":13,"gold_loss":0,"cards_obtained":["Doubt"]},{"damage_healed":0,"gold_gain":0,"player_choice":"Read","damage_taken":0,"max_hp_gain":0,"max_hp_loss":0,"event_name":"The Library","floor":20,"gold_loss":0,"cards_obtained":["Pommel Strike"]},{"damage_healed":0,"gold_gain":99,"player_choice":"Stole From Cult","damage_taken":0,"max_hp_gain":0,"max_hp_loss":0,"event_name":"Nest","floor":22,"gold_loss":0},{"damage_healed":0,"gold_gain":0,"player_choice":"Traded Relic","damage_taken":0,"relics_obtained":["Nloth\u0027s Gift"],"max_hp_gain":0,"max_hp_loss":0,"event_name":"N\u0027loth","floor":29,"relics_lost":["Champion Belt"],"gold_loss":0}],"is_beta":false,"boss_relics":[{"not_picked":["Runic Dome","Coffee Dripper"],"picked":"Tiny House"}],"items_purged_floors":[19,23],"is_endless":false,"potions_floor_spawned":[1,5,7,10,14,21,25,27],"killed_by":"Champ","ascension_level":2}