{"gold_per_floor":[114,84,97,51,69,95,95,124,124,142,142,168,184,194,194,267,267,278,278,289,169,169,169,188,188,234,250,279,293,0,0],"floor_reached":31,"playtime":1111,"items_purged":["Pain"],"score":510,"play_id":"225352f5-fa6b-4022-9336-d9c44d8e97ca","local_time":"20180624152938","daily_mods":["Cursed Run"],"is_ascension_mode":true,"campfire_choices":[{"data":"True Grit","floor":7,"key":"SMITH"},{"floor":11,"key":"REST"},{"data":"Shockwave","floor":15,"key":"SMITH"},{"data":"Uppercut","floor":23,"key":"SMITH"},{"floor":25,"key":"REST"}],"neow_cost":"","seed_source_timestamp":4027002720557478,"circlet_count":0,"master_deck":["Strike_R","Strike_R","Strike_R","Defend_R","Defend_R","Defend_R","Bash","AscendersBane","Thunderclap","True Grit+1","Sentinel","Clumsy","Shockwave+1","Metallicize","Impervious+1","Clothesline","Offering+1","Rampage+1","Fiend Fire+1","Burning Pact+1","Uppercut+1","Offering","Pain","Iron Wave+1","Whirlwind"],"special_seed":674928953,"relics":["Cursed Key","Darkstone Periapt","Du-Vu Doll","Kunai","Smiling Mask","Matryoshka","Bottled Flame","Astrolabe","War Paint","Singing Bowl","Ancient Tea Set"],"potions_floor_usage":[6],"damage_taken":[{"damage":0,"enemies":"2 Louse","floor":1,"turns":3},{"damage":0,"enemies":"Cultist","floor":3,"turns":2},{"damage":2,"enemies":"Jaw Worm","floor":5,"turns":2},{"damage":9,"enemies":"3 Sentries","floor":6,"turns":6},{"damage":34,"enemies":"Gremlin Nob","floor":8,"turns":5},{"damage":9,"enemies":"Red Slaver","floor":10,"turns":3},{"damage":3,"enemies":"3 Sentries","floor":12,"turns":6},{"damage":0,"enemies":"3 Louse","floor":13,"turns":2},{"damage":0,"enemies":"2 Fungi Beasts","floor":14,"turns":4},{"damage":24,"enemies":"The Guardian","floor":16,"turns":14},{"damage":21,"enemies":"2 Thieves","floor":18,"turns":4},{"damage":4,"enemies":"Chosen","floor":20,"turns":2},{"damage":8,"enemies":"Snecko","floor":24,"turns":1},{"damage":25,"enemies":"Snake Plant","floor":27,"turns":4},{"damage":42,"enemies":"Slavers","floor":28,"turns":4},{"damage":10,"enemies":"Centurion and Healer","floor":29,"turns":6},{"damage":0,"enemies":"Chosen and Byrds","floor":31,"turns":1}],"seed_played":"6601181579743968297","potions_obtained":[{"floor":2,"key":"Explosive Potion"},{"floor":2,"key":"FairyPotion"},{"floor":12,"key":"Strength Potion"},{"floor":29,"key":"Ancient Potion"}],"is_trial":true,"path_per_floor":["M","?","M","$","M","E","R","E","T","M","R","E","M","M","R","B",null,"M","?","M","$","?","R","M","R","T","M","E","M","?"],"character_chosen":"IRONCLAD","items_purchased":["True Grit","Uppercut"],"campfire_rested":2,"item_purchase_floors":[4,21],"current_hp_per_floor":[68,68,68,68,66,57,57,23,29,20,44,41,41,41,41,23,71,50,50,46,46,46,46,38,64,70,45,3,7,7,7],"gold":0,"neow_bonus":"","is_prod":false,"is_daily":false,"chose_seed":true,"campfire_upgraded":3,"win_rate":0,"timestamp":1529846978,"path_taken":["M","?","M","$","?","E","R","E","T","M","R","E","M","M","R","BOSS","M","?","?","$","?","R","M","R","T","M","E","?","?","M"],"build_version":"2018-06-21v2","purchased_purges":1,"victory":false,"max_hp_per_floor":[75,75,75,75,75,75,75,75,81,81,81,81,81,81,81,87,87,87,87,87,87,87,87,87,87,93,93,93,95,95,95],"card_choices":[{"not_picked":["Havoc","Burning Pact"],"picked":"Thunderclap","floor":1},{"not_picked":["Burning Pact","Havoc","Body Slam"],"picked":"SKIP","floor":3},{"not_picked":["True Grit","Clash","Seeing Red"],"picked":"SKIP","floor":5},{"not_picked":["Flex","Warcry"],"picked":"Sentinel","floor":6},{"not_picked":["Flex","Intimidate","Corruption"],"picked":"SKIP","floor":8},{"not_picked":["Sword Boomerang","Cleave"],"picked":"Shockwave","floor":10},{"not_picked":["Rampage","Sword Boomerang"],"picked":"Metallicize","floor":12},{"not_picked":["Perfected Strike","Warcry"],"picked":"Impervious","floor":13},{"not_picked":["Thunderclap","Blood for Blood"],"picked":"Clothesline","floor":14},{"not_picked":["Exhume","Impervious"],"picked":"Offering","floor":16},{"not_picked":["Bloodletting+1","Havoc","Anger"],"picked":"SKIP","floor":18},{"not_picked":["Second Wind","Combust","Wild Strike"],"picked":"SKIP","floor":20},{"not_picked":["Second Wind","Combust","Wild Strike"],"picked":"SKIP","floor":20},{"not_picked":["Corruption","Twin Strike","Armaments"],"picked":"SKIP","floor":24},{"not_picked":["Sever Soul","Bloodletting+1"],"picked":"Iron Wave+1","floor":27},{"not_picked":["Second Wind","Sever Soul"],"picked":"Whirlwind","floor":28},{"not_picked":["Rampage","Body Slam","Ghostly Armor"],"picked":"Singing Bowl","floor":29}],"player_experience":911748,"relics_obtained":[{"floor":6,"key":"Kunai"},{"floor":8,"key":"Smiling Mask"},{"floor":9,"key":"Matryoshka"},{"floor":12,"key":"Bottled Flame"},{"floor":26,"key":"War Paint"},{"floor":26,"key":"Singing Bowl"},{"floor":28,"key":"Ancient Tea Set"}],"event_choices":[{"event_name":"The Woman in Blue","player_choice":"Bought 2 Potions","floor":2,"damage_taken":0},{"event_name":"Ghosts","player_choice":"Ignored","floor":19,"damage_taken":0},{"event_name":"Duplicator","player_choice":"One dupe","floor":22,"damage_taken":0},{"event_name":"Masked Bandits","player_choice":"Paid Bandits 293 gold","floor":30,"damage_taken":0}],"boss_relics":[{"not_picked":["Pandora\u0027s Box","Lizard Tail"],"picked":"Astrolabe"}],"items_purged_floors":[21],"is_endless":false,"potions_floor_spawned":[3,5,12,13,14,16,18,29],"killed_by":"Chosen and Byrds","ascension_level":15}