{"gold_per_floor":[111,129,142,142,156,156,166,166,237,237,254,269,303,160,160,160],"floor_reached":16,"playtime":1483,"items_purged":["Strike_R"],"score":114,"play_id":"1064cdb1-5e95-4b78-87c7-0eece1d98211","local_time":"20190212173008","is_ascension_mode":true,"campfire_choices":[{"floor":6,"key":"RECALL"},{"data":"True Grit","floor":8,"key":"SMITH"},{"data":"Iron Wave","floor":10,"key":"SMITH"},{"data":"Body Slam","floor":15,"key":"SMITH"}],"neow_cost":"NONE","seed_source_timestamp":96237955544200,"circlet_count":0,"master_deck":["Strike_R","Strike_R","Strike_R","Strike_R","Defend_R","Defend_R","Defend_R","Defend_R","Bash","Iron Wave+1","Headbutt","True Grit+1","Dual Wield","Twin Strike","Headbutt","Body Slam+1","Exhume","Uppercut"],"relics":["Burning Blood","NeowsBlessing","Thread and Needle"],"potions_floor_usage":[7,13,13],"damage_taken":[{"damage":0,"enemies":"2 Louse","floor":1,"turns":1},{"damage":0,"enemies":"Cultist","floor":2,"turns":1},{"damage":0,"enemies":"Jaw Worm","floor":3,"turns":1},{"damage":4,"enemies":"Looter","floor":5,"turns":4},{"damage":23,"enemies":"Exordium Thugs","floor":7,"turns":7},{"damage":1,"enemies":"Blue Slaver","floor":11,"turns":4},{"damage":0,"enemies":"Large Slime","floor":12,"turns":4},{"damage":30,"enemies":"3 Sentries","floor":13,"turns":10},{"damage":51,"enemies":"Hexaghost","floor":16,"turns":11}],"seed_played":"-9170063715800286491","potions_obtained":[{"floor":4,"key":"Poison Potion"},{"floor":4,"key":"GamblersBrew"},{"floor":4,"key":"SmokeBomb"},{"floor":7,"key":"Block Potion"}],"is_trial":false,"path_per_floor":["M","M","M","?","M","R","M","R","T","R","M","M","E","$","R","B"],"character_chosen":"IRONCLAD","items_purchased":["Uppercut"],"campfire_rested":0,"item_purchase_floors":[14],"current_hp_per_floor":[80,80,80,80,80,80,63,63,63,63,68,74,50,50,50,0],"gold":160,"neow_bonus":"THREE_ENEMY_KILL","is_prod":false,"is_daily":false,"chose_seed":false,"campfire_upgraded":3,"win_rate":0,"timestamp":1550010608,"path_taken":["M","M","M","?","M","R","M","R","T","R","M","?","E","$","R","BOSS"],"build_version":"2019-01-23","purchased_purges":1,"victory":false,"max_hp_per_floor":[80,80,80,80,80,80,80,80,80,80,80,80,80,80,80,80],"card_choices":[{"not_picked":["Clash","Havoc"],"picked":"Iron Wave","floor":1},{"not_picked":["Sword Boomerang","Fire Breathing"],"picked":"Headbutt","floor":2},{"not_picked":["Fire Breathing","Clash"],"picked":"True Grit","floor":3},{"not_picked":["Sentinel","Fire Breathing"],"picked":"Dual Wield","floor":5},{"not_picked":["Wild Strike","Clash"],"picked":"Twin Strike","floor":7},{"not_picked":["Sever Soul","Flex"],"picked":"Headbutt","floor":11},{"not_picked":["True Grit","Flex"],"picked":"Body Slam","floor":12},{"not_picked":["Carnage","Warcry"],"picked":"Exhume","floor":13}],"player_experience":63200,"relics_obtained":[{"floor":13,"key":"Thread and Needle"}],"event_choices":[{"damage_healed":0,"gold_gain":0,"player_choice":"Got Potions","damage_taken":0,"max_hp_gain":0,"max_hp_loss":0,"event_name":"Lab","floor":4,"gold_loss":0}],"is_beta":false,"boss_relics":[],"items_purged_floors":[14],"is_endless":false,"potions_floor_spawned":[5,7,12],"killed_by":"Hexaghost","ascension_level":2}