{"path_per_floor":["M","?","M","$","?","E","R","E","T","E","M","?","M","M","R","B",null,"M","M","$","M","M","E","R","E","T","R","?","M","M","M","R","B",null,"M","M","M","M","?","R","E","M","T","M","R","?","M","?","R","B"],"character_chosen":"IRONCLAD","items_purchased":["Seeing Red","Ancient Tea Set","Gremlin Horn","Bag of Preparation"],"gold_per_floor":[118,118,131,61,61,94,94,137,137,180,198,298,321,344,344,467,467,487,512,31,50,69,109,109,145,145,145,244,290,306,319,319,447,447,471,495,513,528,528,528,572,586,637,653,653,986,1006,1006,1006,1006],"floor_reached":51,"campfire_rested":0,"playtime":1726,"item_purchase_floors":[4,20,20,20],"current_hp_per_floor":[76,56,82,82,82,83,83,83,83,81,86,86,86,86,86,48,86,86,89,89,78,91,97,97,97,97,97,97,97,99,107,107,92,107,111,111,118,122,122,122,131,135,135,135,135,135,135,135,135,139],"items_purged":[],"gold":1006,"score":1068,"play_id":"a4cf1661-5075-4712-a83f-96ffbffc5442","local_time":"20180620160803","daily_mods":["Shiny","Lethality","Vintage"],"is_prod":false,"is_daily":false,"chose_seed":true,"is_ascension_mode":false,"campfire_upgraded":2,"win_rate":0,"timestamp":1529503683,"campfire_choices":[{"data":"Immolate","floor":7,"key":"SMITH"},{"data":"Demon Form","floor":15,"key":"SMITH"},{"floor":24,"key":"DIG"},{"floor":27,"key":"DIG"},{"floor":32,"key":"DIG"},{"floor":40,"key":"DIG"},{"floor":45,"key":"DIG"},{"floor":49,"key":"DIG"}],"path_taken":["M","?","M","$","?","E","R","E","T","E","?","?","M","M","R","BOSS","M","M","$","M","M","E","R","E","T","R","?","M","M","M","R","BOSS","M","M","M","M","?","R","E","M","T","M","R","?","M","?","R","BOSS"],"build_version":"2018-06-14v2","seed_source_timestamp":3683091223887054,"purchased_purges":0,"victory":true,"master_deck":["Double Tap","Demon Form+1","Bludgeon","Feed+1","Limit Break","Barricade","Fiend Fire","Dark Embrace","Berserk","Impervious","Brutality","Reaper","Exhume+1","Offering+1","Immolate+1","Seeing Red","Shrug It Off","Exhume+1","Headbutt+1","Feed","True Grit","Limit Break"],"max_hp_per_floor":[80,80,83,83,83,83,83,83,83,83,86,86,86,86,86,86,86,86,89,89,89,92,97,97,97,97,97,97,97,100,107,107,107,107,111,111,118,122,122,122,131,135,135,135,135,135,135,135,135,139],"special_seed":29952015251857,"relics":["Black Blood","Thread and Needle","Lantern","The Courier","Happy Flower","Self Forming Clay","Smiling Mask","Orichalcum","Prayer Wheel","Centennial Puzzle","Singing Bowl","Juzu Bracelet","Question Card","Ancient Tea Set","Gremlin Horn","Bag of Preparation","Meat on the Bone","Shovel","Ornamental Fan","War Paint","Whetstone","Ginger","Anchor","Tiny Chest","Blood Vial","Paper Frog","Dodecahedron","Bottled Flame","Fusion Hammer","Kunai","Omamori","Bronze Scales","Art of War","Oddly Smooth Stone","Strawberry","Gambling Chip","Dream Catcher","Regal Pillow","Bird Faced Urn","Frozen Egg 2","Mercury Hourglass"],"card_choices":[{"not_picked":["Armaments","Ghostly Armor"],"picked":"Shrug It Off","floor":6},{"not_picked":["Havoc","Clash"],"picked":"Exhume","floor":8},{"not_picked":["Body Slam","Infernal Blade"],"picked":"Headbutt","floor":10},{"not_picked":["Juggernaut","Bludgeon"],"picked":"Feed","floor":16},{"not_picked":["Iron Wave","Twin Strike","Perfected Strike+1","Clothesline"],"picked":"Singing Bowl","floor":23},{"not_picked":["Armaments","Uppercut","Metallicize+1"],"picked":"True Grit","floor":25},{"not_picked":["Demon Form","Double Tap","Barricade"],"picked":"Limit Break","floor":33},{"not_picked":["Shrug It Off+1","Metallicize+1","Twin Strike","Bludgeon"],"picked":"Singing Bowl","floor":41}],"player_experience":890922,"potions_floor_usage":[16,16,30],"damage_taken":[{"damage":14,"enemies":"Jaw Worm","floor":1,"turns":2},{"damage":11,"enemies":"Cultist","floor":3,"turns":4},{"damage":4,"enemies":"Lagavulin","floor":6,"turns":3},{"damage":4,"enemies":"Gremlin Nob","floor":8,"turns":2},{"damage":8,"enemies":"Lagavulin","floor":10,"turns":2},{"damage":0,"enemies":"Small Slimes","floor":11,"turns":2},{"damage":0,"enemies":"Looter","floor":13,"turns":1},{"damage":4,"enemies":"Gremlin Gang","floor":14,"turns":1},{"damage":44,"enemies":"Hexaghost","floor":16,"turns":3},{"damage":6,"enemies":"2 Thieves","floor":18,"turns":3},{"damage":4,"enemies":"Chosen","floor":19,"turns":2},{"damage":21,"enemies":"Snake Plant","floor":21,"turns":2},{"damage":0,"enemies":"Centurion and Healer","floor":22,"turns":1},{"damage":32,"enemies":"Slavers","floor":23,"turns":3},{"damage":4,"enemies":"Book of Stabbing","floor":25,"turns":1},{"damage":4,"enemies":"Snecko","floor":29,"turns":2},{"damage":11,"enemies":"Slaver and Parasite","floor":30,"turns":2},{"damage":4,"enemies":"Centurion and Healer","floor":31,"turns":2},{"damage":25,"enemies":"Collector","floor":33,"turns":5},{"damage":4,"enemies":"Orb Walker","floor":35,"turns":1},{"damage":6,"enemies":"3 Darklings","floor":36,"turns":3},{"damage":4,"enemies":"4 Shapes","floor":37,"turns":1},{"damage":4,"enemies":"Sphere and 2 Shapes","floor":38,"turns":1},{"damage":5,"enemies":"Giant Head","floor":41,"turns":4},{"damage":4,"enemies":"Maw","floor":42,"turns":3},{"damage":0,"enemies":"4 Shapes","floor":44,"turns":1},{"damage":4,"enemies":"Sphere and 2 Shapes","floor":47,"turns":1},{"damage":8,"enemies":"Donu and Deca","floor":50,"turns":4}],"relics_obtained":[{"floor":1,"key":"Thread and Needle"},{"floor":3,"key":"Lantern"},{"floor":6,"key":"The Courier"},{"floor":8,"key":"Happy Flower"},{"floor":9,"key":"Self Forming Clay"},{"floor":10,"key":"Smiling Mask"},{"floor":11,"key":"Orichalcum"},{"floor":13,"key":"Prayer Wheel"},{"floor":14,"key":"Centennial Puzzle"},{"floor":16,"key":"Singing Bowl"},{"floor":18,"key":"Juzu Bracelet"},{"floor":19,"key":"Question Card"},{"floor":21,"key":"Meat on the Bone"},{"floor":22,"key":"Shovel"},{"floor":23,"key":"Ornamental Fan"},{"floor":24,"key":"War Paint"},{"floor":25,"key":"Whetstone"},{"floor":26,"key":"Ginger"},{"floor":27,"key":"Anchor"},{"floor":29,"key":"Tiny Chest"},{"floor":30,"key":"Blood Vial"},{"floor":31,"key":"Paper Frog"},{"floor":32,"key":"Dodecahedron"},{"floor":33,"key":"Bottled Flame"},{"floor":35,"key":"Kunai"},{"floor":36,"key":"Omamori"},{"floor":37,"key":"Bronze Scales"},{"floor":38,"key":"Art of War"},{"floor":40,"key":"Oddly Smooth Stone"},{"floor":41,"key":"Strawberry"},{"floor":42,"key":"Gambling Chip"},{"floor":43,"key":"Dream Catcher"},{"floor":44,"key":"Regal Pillow"},{"floor":45,"key":"Bird Faced Urn"},{"floor":47,"key":"Frozen Egg 2"},{"floor":49,"key":"Mercury Hourglass"}],"event_choices":[{"event_name":"Golden Idol","player_choice":"Take Damage","floor":2,"damage_taken":0},{"event_name":"Purifier","player_choice":"One Purge","floor":5,"damage_taken":0},{"event_name":"Golden Shrine","player_choice":"Pray","floor":12,"damage_taken":0},{"event_name":"Nest","player_choice":"Stole From Cult","floor":28,"damage_taken":0},{"event_name":"Upgrade Shrine","player_choice":"Upgraded","floor":39,"damage_taken":0},{"event_name":"The Moai Head","player_choice":"Gave Idol","floor":46,"damage_taken":0},{"event_name":"The Woman in Blue","player_choice":"Bought 0 Potions","floor":48,"damage_taken":0}],"boss_relics":[{"not_picked":["Black Star","Eternal Feather"],"picked":"Black Blood"},{"not_picked":["Runic Cube","Sozu"],"picked":"Fusion Hammer"}],"items_purged_floors":[],"is_endless":false,"potions_floor_spawned":[1,3,13,14,21,22,23,25,29,31,36,38,42,44,47],"seed_played":"-6069631348280475722","ascension_level":0,"potions_obtained":[{"floor":1,"key":"Block Potion"},{"floor":3,"key":"Ancient Potion"},{"floor":13,"key":"FearPotion"},{"floor":21,"key":"Ancient Potion"},{"floor":22,"key":"FairyPotion"},{"floor":29,"key":"AttackPotion"},{"floor":31,"key":"EntropicBrew"},{"floor":36,"key":"FearPotion"}],"is_trial":true}