{"path_per_floor":["M","$","M","M","?","R","M","R","T","M","?","M","?","?","R","B",null,"M","M","M","M","M","R","M","R","T"],"character_chosen":"IRONCLAD","items_purchased":["Flex","Blood Vial"],"gold_per_floor":[211,21,33,51,226,226,240,240,265,280,250,267,267,267,267,367,367,384,400,415,434,453,453,467,467,767],"floor_reached":27,"campfire_rested":2,"playtime":1227,"current_hp_per_floor":[80,80,79,79,79,79,79,79,79,77,77,80,73,73,73,41,80,49,33,25,20,10,34,15,39,39],"items_purged":[],"gold":767,"score":209,"play_id":"e63a5a8d-0ec8-432c-8133-79b718091167","is_prod":false,"is_daily":false,"is_ascension_mode":false,"campfire_upgraded":3,"path_taken":["M","$","M","M","?","R","M","R","T","M","?","M","?","?","R","BOSS","M","?","M","?","M","R","?","R","T","M"],"build_version":"2018-02-22-PROD2","purchased_purges":0,"victory":false,"master_deck":["Strike_R+1","Strike_R","Strike_R","Strike_R","Strike_R","Defend_R","Defend_R","Defend_R","Defend_R","Bash","Twin Strike+1","Flex","Heavy Blade","Searing Blow+3","Inflame","Thunderclap","Disarm","Offering","Twin Strike","True Grit+1","Pommel Strike+1","Dual Wield+1","Feel No Pain","Double Tap","Pain"],"max_hp_per_floor":[80,80,80,80,80,80,80,80,80,80,80,80,80,80,80,80,80,80,80,80,80,80,80,80,80,80],"relics":["Burning Blood","Blood Vial","Whetstone","Cursed Key","Old Coin"],"card_choices":[{"not_picked":["Heavy Blade","Shrug It Off"],"picked":"Twin Strike"},{"not_picked":["True Grit","Feel No Pain"],"picked":"Heavy Blade"},{"not_picked":["Pommel Strike","Wild Strike"],"picked":"Searing Blow"},{"not_picked":["Shrug It Off","Immolate"],"picked":"Inflame"},{"not_picked":["Battle Trance","Sword Boomerang"],"picked":"Thunderclap"},{"not_picked":["Sword Boomerang","Twin Strike"],"picked":"Disarm"},{"not_picked":["Dark Embrace","Berserk"],"picked":"Offering"},{"not_picked":["Sword Boomerang","Battle Trance"],"picked":"Twin Strike"},{"not_picked":["Fire Breathing","Headbutt"],"picked":"True Grit"},{"not_picked":["Bloodletting","Thunderclap"],"picked":"Pommel Strike"},{"not_picked":["Iron Wave","Clothesline"],"picked":"Dual Wield"},{"not_picked":["True Grit","Havoc"],"picked":"Feel No Pain"},{"not_picked":["Metallicize","Havoc"],"picked":"Double Tap"}],"player_experience":156116,"potions_floor_usage":[7,12,12,16,20,22],"damage_taken":[{"damage":6,"enemies":"Cultist","floor":1,"turns":3},{"damage":7,"enemies":"Small Slimes","floor":3,"turns":4},{"damage":7,"enemies":"2 Louse","floor":4,"turns":2},{"damage":7,"enemies":"Blue Slaver","floor":7,"turns":3},{"damage":9,"enemies":"Exordium Wildlife","floor":10,"turns":3},{"damage":0,"enemies":"Large Slime","floor":12,"turns":2},{"damage":40,"enemies":"The Guardian","floor":16,"turns":11},{"damage":37,"enemies":"3 Byrds","floor":18,"turns":4},{"damage":24,"enemies":"2 Thieves","floor":19,"turns":3},{"damage":16,"enemies":"Snake Plant","floor":20,"turns":3},{"damage":13,"enemies":"Snecko","floor":21,"turns":3},{"damage":18,"enemies":"Centurion and Healer","floor":22,"turns":4},{"damage":27,"enemies":"Snake Plant","floor":24,"turns":4},{"damage":44,"enemies":"Sentry and Sphere","floor":27,"turns":5}],"event_choices":[{"event_name":"Liars Game","player_choice":"agreed","floor":5,"damage_taken":0},{"event_name":"The Woman in Blue","player_choice":"Bought 2 Potions","floor":11,"damage_taken":0},{"event_name":"Golden Wing","player_choice":"Card Removal","floor":13,"damage_taken":0},{"event_name":"Shining Light","player_choice":"Ignored","floor":14,"damage_taken":0}],"boss_relics":[{"not_picked":["Black Blood","Philosopher\u0027s Stone"],"picked":"Cursed Key"}],"potions_floor_spawned":[3,4,19,21],"seed_played":"-2308479954755932473","killed_by":"Sentry and Sphere","ascension_level":0,"is_trial":false}