{"path_per_floor":["M","?","M","M","$","E","R","E","T","?","M","?","M","M","R","B",null,"M","?","?","?","?","R","M","$","T","R","T","E","R","M","R","B",null,"M","?","?","M","?","$","E","R","T","M","$","R","$","M","R","B"],"character_chosen":"IRONCLAD","items_purchased":["Flex","Ghostly Armor","Flame Barrier","Self Forming Clay","Block Potion"],"gold_per_floor":[211,386,398,410,312,343,343,378,434,434,454,454,471,482,482,581,581,581,496,496,496,496,496,451,32,32,32,32,32,32,32,32,32,32,32,32,32,32,32,32,32,32,32,32,32,32,32,32,32,32],"floor_reached":51,"campfire_rested":1,"playtime":2381,"current_hp_per_floor":[80,80,73,78,78,61,61,39,39,59,53,37,43,43,67,45,80,75,75,80,80,80,80,70,70,70,70,70,67,67,73,73,45,80,80,70,70,75,75,75,66,76,76,80,80,80,80,80,80,29],"items_purged":["Doubt"],"gold":32,"score":912,"play_id":"5fe8d8e0-5d9a-4a2d-b00b-dc6797b841df","local_time":"20180310172855","is_prod":false,"is_daily":false,"is_ascension_mode":true,"campfire_upgraded":8,"timestamp":1520699335,"path_taken":["M","?","M","M","$","E","R","E","T","?","?","?","?","M","R","BOSS","M","?","?","?","?","R","M","?","T","R","?","E","R","M","R","BOSS","M","?","?","?","?","$","E","R","T","M","$","R","?","M","R","BOSS"],"build_version":"2018-03-09","purchased_purges":1,"victory":true,"master_deck":["Strike_R+1","Strike_R","Strike_R","Strike_R","Strike_R","Defend_R+1","Defend_R","Defend_R","Defend_R","Perfected Strike+1","Flame Barrier+1","Flex","Pommel Strike+1","Headbutt","Seeing Red","Barricade+1","Ghostly Armor+1","Flame Barrier+1","Body Slam+1","Shrug It Off+1","Impervious+1","Flame Barrier+1","Madness","Madness","Flame Barrier+1","Shrug It Off+1","Headbutt"],"max_hp_per_floor":[80,80,80,80,80,80,80,80,80,80,80,80,80,80,80,80,80,80,80,80,80,80,80,80,80,80,80,80,80,80,80,80,80,80,80,80,80,80,80,80,80,80,80,80,80,80,80,80,80,80],"relics":["Burning Blood","Happy Flower","Omamori","Tiny Chest","Ectoplasm","Pen Nib","Self Forming Clay","Mercury Hourglass","War Paint","Lantern","Eternal Feather","Regal Pillow","Art of War"],"card_choices":[{"not_picked":["Rage","Feel No Pain"],"picked":"Perfected Strike"},{"not_picked":["Infernal Blade","Dropkick"],"picked":"Flame Barrier"},{"not_picked":["Dual Wield","Cleave"],"picked":"Pommel Strike"},{"not_picked":["Rage","Flame Barrier"],"picked":"Headbutt"},{"not_picked":["Limit Break","Anger"],"picked":"Seeing Red"},{"not_picked":["Clothesline","Shrug It Off"],"picked":"Perfected Strike"},{"not_picked":["Impervious","Exhume"],"picked":"Barricade"},{"not_picked":["Warcry","Metallicize"],"picked":"Body Slam"},{"not_picked":["Blood for Blood","Cleave"],"picked":"Shrug It Off"},{"not_picked":["Juggernaut","Fiend Fire"],"picked":"Impervious"},{"not_picked":["Evolve","Clothesline"],"picked":"Flame Barrier"},{"not_picked":["Uppercut","Pummel"],"picked":"Flame Barrier"},{"not_picked":["Rage","Pommel Strike"],"picked":"Shrug It Off"},{"not_picked":["Carnage","True Grit"],"picked":"Headbutt"}],"player_experience":262640,"potions_floor_usage":[8,13,18,29,33,50,50],"damage_taken":[{"damage":3,"enemies":"2 Louse","floor":1,"turns":2},{"damage":13,"enemies":"Jaw Worm","floor":3,"turns":4},{"damage":1,"enemies":"Cultist","floor":4,"turns":3},{"damage":23,"enemies":"3 Sentries","floor":6,"turns":12},{"damage":28,"enemies":"Lagavulin","floor":8,"turns":5},{"damage":12,"enemies":"Looter","floor":11,"turns":3},{"damage":0,"enemies":"3 Louse","floor":13,"turns":2},{"damage":6,"enemies":"Lots of Slimes","floor":14,"turns":4},{"damage":28,"enemies":"Slime Boss","floor":16,"turns":6},{"damage":11,"enemies":"Shell Parasite","floor":18,"turns":4},{"damage":16,"enemies":"2 Thieves","floor":24,"turns":4},{"damage":9,"enemies":"Slavers","floor":29,"turns":5},{"damage":0,"enemies":"3 Cultists","floor":31,"turns":4},{"damage":34,"enemies":"Collector","floor":33,"turns":12},{"damage":0,"enemies":"3 Darklings","floor":35,"turns":6},{"damage":1,"enemies":"3 Shapes","floor":38,"turns":6},{"damage":15,"enemies":"Nemesis","floor":41,"turns":7},{"damage":1,"enemies":"Sphere and 2 Shapes","floor":44,"turns":5},{"damage":4,"enemies":"Maw","floor":48,"turns":9},{"damage":57,"enemies":"Awakened One","floor":50,"turns":23}],"event_choices":[{"event_name":"Liars Game","player_choice":"agreed","floor":2,"damage_taken":0},{"event_name":"Mushrooms","player_choice":"Healed and dodged fight","floor":10,"damage_taken":0},{"event_name":"Shining Light","player_choice":"Entered Light","floor":12,"damage_taken":0},{"event_name":"Addict","player_choice":"Obtained Relic","floor":19,"damage_taken":0},{"event_name":"Bonfire Elementals","player_choice":"COMMON","floor":20,"damage_taken":0},{"event_name":"Beggar","player_choice":"Ignored","floor":21,"damage_taken":0},{"event_name":"Vampires","player_choice":"Ignored","floor":22,"damage_taken":0},{"event_name":"Winding Halls","player_choice":"Embrace Madness","floor":36,"damage_taken":0},{"event_name":"Mysterious Sphere","player_choice":"Ignore","floor":39,"damage_taken":0}],"boss_relics":[{"not_picked":["White Beast Statue","Question Card"],"picked":"Ectoplasm"},{"not_picked":["Astrolabe","Black Star"],"picked":"Eternal Feather"}],"potions_floor_spawned":[1,4,8,13,14,16,31,38,41,44],"seed_played":"390284754229212203","ascension_level":4,"is_trial":false}