{"path_per_floor":["M","M","M","M","$","E","M","M","T","R","E","R","M","M","R","B",null,"M","T","$","?","M","E","R","E","T","$","E","M","$","M","R","B",null,"M","?","?","$","M","R","M","M","T","E","R","$","R","M","R","B"],"character_chosen":"IRONCLAD","items_purchased":["Vajra","Bludgeon","Perfected Strike","Pen Nib","Perfected Strike+1"],"gold_per_floor":[115,133,147,159,7,32,51,64,64,64,92,92,106,124,124,201,201,214,214,60,60,74,104,104,139,191,89,120,131,31,50,50,125,125,138,138,191,34,50,50,68,80,80,107,107,65,65,77,77,77],"floor_reached":51,"campfire_rested":2,"playtime":1610,"item_purchase_floors":[5,20,27,38,46],"current_hp_per_floor":[62,62,62,62,62,42,42,41,51,51,47,47,47,47,47,34,72,65,65,65,65,63,48,48,48,54,54,37,37,37,37,62,61,97,97,97,97,97,90,90,79,71,77,56,56,56,88,88,88,34],"items_purged":["Parasite","Parasite"],"gold":77,"score":1386,"play_id":"a6c92283-b76d-4638-9734-647a6bdabe87","local_time":"20180615115752","is_prod":false,"is_daily":false,"chose_seed":true,"is_ascension_mode":true,"campfire_upgraded":5,"win_rate":0,"timestamp":1529056672,"campfire_choices":[{"data":"Uppercut","floor":10,"key":"SMITH"},{"data":"Heavy Blade","floor":12,"key":"SMITH"},{"data":"Inflame","floor":15,"key":"SMITH"},{"data":"Demon Form","floor":24,"key":"SMITH"},{"floor":32,"key":"REST"},{"data":"Normality","floor":40,"key":"PURGE"},{"data":"Pain","floor":45,"key":"PURGE"},{"floor":47,"key":"REST"},{"data":"Heavy Blade","floor":49,"key":"SMITH"}],"path_taken":["M","M","M","M","$","E","M","M","T","R","E","R","M","M","R","BOSS","M","?","?","?","M","E","R","E","T","$","E","M","$","M","R","BOSS","M","?","?","$","M","R","M","M","T","E","R","$","R","M","R","BOSS"],"build_version":"2018-06-14v2","seed_source_timestamp":3236159009784083,"purchased_purges":2,"victory":true,"master_deck":["Strike_R","Strike_R","Strike_R","Strike_R","Strike_R","Defend_R","Defend_R","Defend_R","Defend_R","Bash","AscendersBane","Uppercut+1","True Grit","Carnage+1","Clothesline+1","Heavy Blade+1","Inflame+1","Heavy Blade+1","Demon Form+1","Bludgeon","Perfected Strike","Perfected Strike","Immolate","Clumsy","Decay","Uppercut+1","Shockwave","Carnage+1","Flame Barrier","Perfected Strike+1","Heavy Blade+1"],"max_hp_per_floor":[75,75,75,75,75,75,75,75,85,85,85,85,85,85,85,85,85,85,85,85,85,85,85,85,85,91,88,88,88,85,85,85,85,103,103,103,103,103,103,103,103,103,109,109,109,109,109,109,109,109],"special_seed":2389732462638236275,"relics":["Snecko Eye","Vajra","Thread and Needle","Pear","Whetstone","Cursed Key","Darkstone Periapt","Pantograph","Paper Frog","Anchor","Kunai","Calling Bell","Happy Flower","Molten Egg 2","Ginger","Peace Pipe","Pen Nib","Ice Cream","The Courier"],"card_choices":[{"not_picked":["Heavy Blade","True Grit"],"picked":"Uppercut","floor":1},{"not_picked":["Warcry","Anger"],"picked":"True Grit","floor":2},{"not_picked":["Anger","Havoc","Iron Wave"],"picked":"SKIP","floor":3},{"not_picked":["True Grit","Dropkick"],"picked":"Carnage","floor":4},{"not_picked":["Wild Strike","Havoc"],"picked":"Clothesline","floor":6},{"not_picked":["Seeing Red","Burning Pact"],"picked":"Heavy Blade","floor":7},{"not_picked":["Wild Strike","Twin Strike","True Grit"],"picked":"SKIP","floor":8},{"not_picked":["Headbutt","Juggernaut"],"picked":"Inflame","floor":11},{"not_picked":["Burning Pact","Iron Wave","Bloodletting"],"picked":"SKIP","floor":13},{"not_picked":["Headbutt","Rupture"],"picked":"Heavy Blade","floor":14},{"not_picked":["Fiend Fire","Berserk"],"picked":"Demon Form","floor":16},{"not_picked":["Warcry","Cleave","Headbutt"],"picked":"SKIP","floor":18},{"not_picked":["Havoc","Feel No Pain","Flex"],"picked":"SKIP","floor":22},{"not_picked":["Infernal Blade","Shrug It Off","Wild Strike"],"picked":"SKIP","floor":23},{"not_picked":["Exhume","Sword Boomerang+1","Twin Strike+1"],"picked":"SKIP","floor":25},{"not_picked":["Shrug It Off+1","Flex","Iron Wave"],"picked":"SKIP","floor":28},{"not_picked":["Dropkick","Clash","Thunderclap"],"picked":"SKIP","floor":29},{"not_picked":["Shrug It Off","Dark Embrace"],"picked":"Perfected Strike","floor":31},{"not_picked":["Offering","Berserk"],"picked":"Immolate","floor":33},{"not_picked":["Pommel Strike+1","Warcry"],"picked":"Uppercut+1","floor":35},{"not_picked":["Havoc+1","Sword Boomerang+1"],"picked":"Shockwave","floor":37},{"not_picked":["Inflame","Clothesline+1"],"picked":"Carnage+1","floor":39},{"not_picked":["Corruption","Metallicize","Havoc"],"picked":"SKIP","floor":41},{"not_picked":["Havoc","Pummel+1","Clothesline+1"],"picked":"SKIP","floor":42},{"not_picked":["Battle Trance","Entrench+1"],"picked":"Flame Barrier","floor":44},{"not_picked":["Perfected Strike+1","Flex"],"picked":"Heavy Blade+1","floor":48}],"player_experience":858560,"potions_floor_usage":[16,23,23,25,39,41,50],"damage_taken":[{"damage":6,"enemies":"Cultist","floor":1,"turns":3},{"damage":0,"enemies":"2 Louse","floor":2,"turns":2},{"damage":0,"enemies":"Small Slimes","floor":3,"turns":2},{"damage":0,"enemies":"Blue Slaver","floor":4,"turns":3},{"damage":20,"enemies":"Lagavulin","floor":6,"turns":5},{"damage":0,"enemies":"Large Slime","floor":7,"turns":4},{"damage":1,"enemies":"Exordium Wildlife","floor":8,"turns":2},{"damage":4,"enemies":"3 Sentries","floor":11,"turns":5},{"damage":0,"enemies":"Looter","floor":13,"turns":2},{"damage":0,"enemies":"Large Slime","floor":14,"turns":4},{"damage":13,"enemies":"Hexaghost","floor":16,"turns":4},{"damage":7,"enemies":"Shell Parasite","floor":18,"turns":2},{"damage":2,"enemies":"Chosen","floor":22,"turns":3},{"damage":15,"enemies":"Book of Stabbing","floor":23,"turns":3},{"damage":0,"enemies":"Gremlin Leader","floor":25,"turns":2},{"damage":17,"enemies":"Slavers","floor":28,"turns":3},{"damage":0,"enemies":"Snecko","floor":29,"turns":2},{"damage":0,"enemies":"Cultist and Chosen","floor":31,"turns":4},{"damage":24,"enemies":"Automaton","floor":33,"turns":5},{"damage":0,"enemies":"Orb Walker","floor":35,"turns":2},{"damage":0,"floor":37,"turns":3},{"damage":7,"enemies":"3 Darklings","floor":39,"turns":3},{"damage":11,"enemies":"4 Shapes","floor":41,"turns":3},{"damage":8,"enemies":"Sphere and 2 Shapes","floor":42,"turns":3},{"damage":21,"enemies":"Nemesis","floor":44,"turns":5},{"damage":0,"enemies":"3 Darklings","floor":48,"turns":3},{"damage":75,"enemies":"Donu and Deca","floor":50,"turns":7}],"relics_obtained":[{"floor":6,"key":"Thread and Needle"},{"floor":9,"key":"Pear"},{"floor":11,"key":"Whetstone"},{"floor":19,"key":"Darkstone Periapt"},{"floor":23,"key":"Pantograph"},{"floor":25,"key":"Paper Frog"},{"floor":26,"key":"Anchor"},{"floor":28,"key":"Kunai"},{"floor":34,"key":"Happy Flower"},{"floor":34,"key":"Molten Egg 2"},{"floor":34,"key":"Ginger"},{"floor":37,"key":"Peace Pipe"},{"floor":43,"key":"Ice Cream"},{"floor":44,"key":"The Courier"}],"event_choices":[{"event_name":"Drug Dealer","player_choice":"Ignored","floor":21,"damage_taken":0},{"event_name":"Tomb of Lord Red Mask","player_choice":"Ignored","floor":36,"damage_taken":0},{"event_name":"Mysterious Sphere","player_choice":"Fight","floor":37,"damage_taken":0}],"boss_relics":[{"not_picked":["Tiny House","Runic Pyramid"],"picked":"Cursed Key"},{"not_picked":["Empty Cage","Mark of Pain"],"picked":"Calling Bell"}],"items_purged_floors":[27,30],"is_endless":false,"potions_floor_spawned":[1,2,7,14,23,33,37,39,41,44,48],"seed_played":"8610857031464376687","ascension_level":15,"potions_obtained":[{"floor":1,"key":"SkillPotion"},{"floor":2,"key":"EntropicBrew"},{"floor":7,"key":"Strength Potion"},{"floor":23,"key":"Energy Potion"},{"floor":33,"key":"BloodPotion"},{"floor":39,"key":"FearPotion"},{"floor":41,"key":"Strength Potion"}],"is_trial":true}