{"path_per_floor":["M","$","?","M","M","M","?","M","T","?","E","$","R","$","R"],"character_chosen":"IRONCLAD","items_purchased":["Spot Weakness","Feel No Pain"],"gold_per_floor":[109,34,34,47,58,70,245,262,314,314,375,207,207,127,127,127],"floor_reached":16,"campfire_rested":0,"playtime":445,"item_purchase_floors":[12,14],"current_hp_per_floor":[75,75,63,55,58,61,61,64,64,64,54,54,54,54,54,0],"items_purged":["Regret","Doubt"],"gold":127,"score":100,"play_id":"75b9395b-2710-4882-b0c0-52f6aaad808e","local_time":"20180520143805","is_prod":false,"is_daily":false,"chose_seed":false,"is_ascension_mode":false,"campfire_upgraded":2,"timestamp":1526819885,"campfire_choices":[{"data":"Spot Weakness","floor":13,"key":"SMITH"},{"data":"Bash","floor":15,"key":"SMITH"}],"path_taken":["M","$","?","M","M","M","?","?","T","?","E","$","R","?","R","BOSS"],"build_version":"2018-05-18","seed_source_timestamp":1000592582738832,"purchased_purges":2,"victory":false,"master_deck":["Strike_R","Strike_R","Strike_R","Strike_R","Defend_R","Defend_R","Defend_R","Bash+1","Sword Boomerang","Hemokinesis","Wild Strike","Twin Strike","Power Through","Burning Pact","Metallicize","Injury","Spot Weakness+1","Feel No Pain"],"max_hp_per_floor":[80,80,80,80,80,80,80,80,80,80,80,80,80,80,80,80],"relics":["Burning Blood","Gremlin Horn","Anchor","Golden Idol","Tiny Chest"],"card_choices":[{"not_picked":["Clash","Bloodletting"],"picked":"Wild Strike","floor":1},{"not_picked":["Wild Strike","Clash"],"picked":"Twin Strike","floor":4},{"not_picked":["Body Slam","Cleave"],"picked":"Power Through","floor":5},{"not_picked":["Bloodletting","Sever Soul"],"picked":"Burning Pact","floor":6},{"not_picked":["Disarm","Second Wind"],"picked":"Metallicize","floor":8},{"not_picked":["Twin Strike","Clash","Thunderclap"],"picked":"SKIP","floor":11}],"player_experience":749724,"potions_floor_usage":[11],"damage_taken":[{"damage":11,"enemies":"2 Louse","floor":1,"turns":2},{"damage":14,"enemies":"Jaw Worm","floor":4,"turns":2},{"damage":3,"enemies":"Cultist","floor":5,"turns":2},{"damage":3,"enemies":"Blue Slaver","floor":6,"turns":2},{"damage":3,"enemies":"Looter","floor":8,"turns":3},{"damage":16,"enemies":"Lagavulin","floor":11,"turns":10},{"damage":54,"enemies":"Hexaghost","floor":16,"turns":9}],"relics_obtained":[{"floor":9,"key":"Anchor"},{"floor":11,"key":"Tiny Chest"}],"event_choices":[{"event_name":"Scrap Ooze","player_choice":"success","floor":3,"damage_taken":12},{"event_name":"Liars Game","player_choice":"agreed","floor":7,"damage_taken":0},{"event_name":"Golden Idol","player_choice":"Take Wound","floor":10,"damage_taken":0}],"boss_relics":[],"items_purged_floors":[2,12],"potions_floor_spawned":[4],"seed_played":"-4886962856761659660","killed_by":"Hexaghost","ascension_level":0,"potions_obtained":[{"floor":4,"key":"EssenceOfSteel"}],"is_trial":false}