{"gold_per_floor":[119,132,145,163,41,41,69,83,83,113,128,143,143,143,143,239,239,256,276,288,301,301,301,319,334,334,334,351,351,0,17,17,117,117,127,145,145,145,145,145,173,173],"floor_reached":42,"playtime":2539,"items_purged":["Injury","Strike_R"],"score":599,"play_id":"1945ac4a-fbb8-423e-aa21-6474a72539f5","local_time":"20190115015657","is_ascension_mode":true,"campfire_choices":[{"data":"Perfected Strike","floor":6.0,"key":"SMITH"},{"data":"Perfected Strike","floor":13.0,"key":"SMITH"},{"data":"Armaments","floor":15.0,"key":"SMITH"},{"data":"Thunderclap","floor":23.0,"key":"SMITH"},{"floor":27.0,"key":"REST"},{"data":"Shrug It Off","floor":32.0,"key":"SMITH"},{"floor":40.0,"key":"REST"}],"neow_cost":"CURSE","seed_source_timestamp":19056843188966,"circlet_count":0,"master_deck":["Strike_R","Strike_R","Strike_R","Strike_R","Defend_R","Defend_R","Defend_R","Defend_R","Bash","Perfected Strike+1","Spot Weakness","Armaments+1","Perfected Strike+1","True Grit","Shrug It Off+1","Shrug It Off","Feed","Intimidate","Thunderclap+1","Warcry+1","Writhe","Decay","Demon Form","Pummel+1","Sword Boomerang+1"],"special_seed":0,"relics":["Burning Blood","Incense Burner","PreservedInsect","Mercury Hourglass","FossilizedHelix","Cursed Key","NlothsMask","Nunchaku","Bottled Lightning","Mark of Pain","Ornamental Fan"],"potions_floor_usage":[42],"damage_taken":[{"damage":3.0,"enemies":"Jaw Worm","floor":1.0,"turns":6.0},{"damage":1.0,"enemies":"Cultist","floor":2.0,"turns":3.0},{"damage":2.0,"enemies":"2 Louse","floor":3.0,"turns":3.0},{"damage":4.0,"enemies":"Large Slime","floor":4.0,"turns":6.0},{"damage":9.0,"enemies":"Lagavulin","floor":7.0,"turns":7.0},{"damage":7.0,"enemies":"3 Louse","floor":8.0,"turns":3.0},{"damage":4.0,"enemies":"3 Sentries","floor":10.0,"turns":4.0},{"damage":0.0,"enemies":"Lots of Slimes","floor":11.0,"turns":4.0},{"damage":0.0,"enemies":"2 Fungi Beasts","floor":12.0,"turns":3.0},{"damage":16.0,"enemies":"The Guardian","floor":16.0,"turns":12.0},{"damage":1.0,"enemies":"3 Byrds","floor":18.0,"turns":5.0},{"damage":0.0,"enemies":"Spheric Guardian","floor":19.0,"turns":3.0},{"damage":17.0,"enemies":"Chosen and Byrds","floor":20.0,"turns":5.0},{"damage":0.0,"enemies":"Snake Plant","floor":21.0,"turns":4.0},{"damage":27.0,"enemies":"Snecko","floor":24.0,"turns":6.0},{"damage":27.0,"enemies":"Shelled Parasite and Fungi","floor":25.0,"turns":6.0},{"damage":0.0,"enemies":"3 Cultists","floor":28.0,"turns":5.0},{"damage":0.0,"enemies":"Centurion and Healer","floor":31.0,"turns":5.0},{"damage":88.0,"enemies":"Champ","floor":33.0,"turns":11.0},{"damage":22.0,"enemies":"3 Shapes","floor":35.0,"turns":4.0},{"damage":27.0,"enemies":"3 Darklings","floor":36.0,"turns":8.0},{"damage":46.0,"enemies":"Reptomancer","floor":41.0,"turns":5.0},{"damage":22,"enemies":"Maw","floor":42,"turns":6}],"seed_played":"8892405673316998711","potions_obtained":[{"floor":2.0,"key":"EssenceOfSteel"},{"floor":3.0,"key":"Block Potion"},{"floor":7.0,"key":"GamblersBrew"},{"floor":8.0,"key":"Block Potion"},{"floor":11.0,"key":"LiquidBronze"},{"floor":20.0,"key":"Ancient Potion"},{"floor":25.0,"key":"Swift Potion"},{"floor":28.0,"key":"BloodPotion"},{"floor":33.0,"key":"Poison Potion"},{"floor":35.0,"key":"AttackPotion"},{"floor":41.0,"key":"Explosive Potion"}],"is_trial":false,"path_per_floor":["M","M","M","M","$","R","E","M","T","E","M","M","R","?","R","B",null,"M","M","M","M","?","R","M","M","T","R","M","T","$","M","R","B",null,"M","M","?","?","?","R","E","M"],"character_chosen":"IRONCLAD","items_purchased":["True Grit","Bottled Lightning"],"campfire_rested":2,"item_purchase_floors":[5,30],"current_hp_per_floor":[75,80,80,80,80,80,77,76,76,78,80,80,80,80,80,70,78,80,80,72,78,78,78,57,39,39,64,73,73,73,83,83,10,72,56,35,35,35,35,61,21,0],"gold":173,"neow_bonus":"ONE_RARE_RELIC","is_prod":false,"is_daily":false,"chose_seed":false,"campfire_upgraded":5,"win_rate":0,"timestamp":1547535417,"path_taken":["M","M","M","M","$","R","E","M","T","E","M","M","R","?","R","BOSS","M","M","M","M","?","R","M","?","T","R","M","?","$","M","R","BOSS","M","M","?","?","?","R","E","M"],"build_version":"2019-01-10","purchased_purges":2,"victory":false,"max_hp_per_floor":[80,80,80,80,80,80,80,80,80,80,80,80,80,80,80,80,80,80,80,83,83,83,83,83,86,86,86,89,89,89,93,93,93,93,93,93,93,93,88,88,88,88],"card_choices":[{"not_picked":["Pummel","Sword Boomerang"],"picked":"Perfected Strike","floor":1.0},{"not_picked":["Battle Trance","Havoc"],"picked":"Spot Weakness","floor":2.0},{"not_picked":["Searing Blow","Sword Boomerang"],"picked":"Armaments","floor":3.0},{"not_picked":["Flame Barrier","Cleave"],"picked":"Perfected Strike","floor":4.0},{"not_picked":["Infernal Blade","Cleave"],"picked":"Shrug It Off","floor":7.0},{"not_picked":["Sentinel","Inflame","Anger"],"picked":"SKIP","floor":8.0},{"not_picked":["Havoc","Rampage","Spot Weakness"],"picked":"SKIP","floor":10.0},{"not_picked":["Combust","Anger"],"picked":"Shrug It Off","floor":11.0},{"not_picked":["Dark Embrace","Hemokinesis","Bloodletting"],"picked":"SKIP","floor":12.0},{"not_picked":["Fiend Fire","Berserk"],"picked":"Feed","floor":16.0},{"not_picked":["Dual Wield+1","Clothesline"],"picked":"Intimidate","floor":18.0},{"not_picked":["Clothesline","Anger","Shockwave"],"picked":"SKIP","floor":19.0},{"not_picked":["Rampage","Rage+1"],"picked":"Thunderclap","floor":20.0},{"not_picked":["Pommel Strike","Body Slam+1"],"picked":"Warcry+1","floor":21.0},{"not_picked":["Anger","Iron Wave"],"picked":"Flex","floor":24.0},{"not_picked":["Headbutt","True Grit","Corruption+1"],"picked":"SKIP","floor":25.0},{"not_picked":["Uppercut+1","Entrench+1","Demon Form"],"picked":"SKIP","floor":28.0},{"not_picked":["Clothesline","Second Wind","Burning Pact"],"picked":"SKIP","floor":31.0},{"not_picked":["Feed","Barricade"],"picked":"Demon Form","floor":33.0},{"not_picked":["Clothesline","Headbutt"],"picked":"Pummel+1","floor":35.0},{"not_picked":["Rampage+1","Headbutt"],"picked":"Sword Boomerang+1","floor":36.0},{"not_picked":["Blood for Blood+1","Dual Wield+1","Corruption+1"],"picked":"SKIP","floor":41.0}],"player_experience":375022,"relics_obtained":[{"floor":7.0,"key":"PreservedInsect"},{"floor":9.0,"key":"Mercury Hourglass"},{"floor":10.0,"key":"FossilizedHelix"},{"floor":29.0,"key":"Nunchaku"},{"floor":41.0,"key":"Ornamental Fan"}],"event_choices":[{"damage_healed":0.0,"max_hp_gain":0.0,"max_hp_loss":0.0,"gold_gain":0.0,"event_name":"WeMeetAgain","player_choice":"Ignored","floor":14.0,"gold_loss":0.0,"damage_taken":0.0},{"damage_healed":0.0,"max_hp_gain":0.0,"max_hp_loss":0.0,"gold_gain":0.0,"event_name":"FaceTrader","player_choice":"Trade","floor":22.0,"gold_loss":0.0,"damage_taken":0.0,"relics_obtained":["NlothsMask"]},{"damage_healed":0.0,"max_hp_gain":0.0,"max_hp_loss":0.0,"gold_gain":0.0,"event_name":"Mysterious Sphere","player_choice":"Ignored","floor":37.0,"gold_loss":0.0,"damage_taken":0.0},{"cards_removed":["Flex"],"damage_healed":0.0,"max_hp_gain":0.0,"max_hp_loss":0.0,"gold_gain":0.0,"event_name":"Falling","player_choice":"Removed Skill","floor":38.0,"gold_loss":0.0,"damage_taken":0.0},{"damage_healed":0.0,"max_hp_gain":0.0,"max_hp_loss":5.0,"gold_gain":0.0,"event_name":"Winding Halls","player_choice":"Max HP","floor":39.0,"gold_loss":0.0,"damage_taken":0.0}],"is_beta":false,"boss_relics":[{"not_picked":["Eternal Feather","Orrery"],"picked":"Cursed Key"},{"not_picked":["Coffee Dripper","Tiny House"],"picked":"Mark of Pain"}],"items_purged_floors":[5,30],"is_endless":false,"potions_floor_spawned":[2,3,7,8,11,12,20,25,28,33,35,41],"killed_by":"Maw","ascension_level":7}