{"gold_per_floor":[114,187,259,334,353,387,387,414,414,448,65,80,114,124,124,229,229,244,254,254,281,298,298,333,333,333,28,39,50,63,63,63,165,165,182,234,244,244,244,273,273,286,286,286,298,56,156,156,156,156,156,156,23,58,58],"floor_reached":55,"playtime":3973,"items_purged":["Strike_R","Clash","Evolve"],"score":854,"play_id":"dbfaa629-7e69-436e-a1bc-64eada7634b5","local_time":"20190210013653","is_ascension_mode":true,"campfire_choices":[{"data":"Bash","floor":7,"key":"SMITH"},{"data":"Armaments","floor":15,"key":"SMITH"},{"data":"Double Tap","floor":23,"key":"SMITH"},{"data":"Barricade","floor":32,"key":"SMITH"},{"floor":41,"key":"RECALL"},{"data":"Impervious","floor":44,"key":"SMITH"},{"data":"Apotheosis","floor":49,"key":"SMITH"},{"data":"Metallicize","floor":52,"key":"SMITH"}],"neow_cost":"NONE","seed_source_timestamp":179103144101801,"circlet_count":0,"master_deck":["Strike_R+1","Strike_R","Strike_R","Defend_R","Defend_R","Defend_R","Bash+1","Blood for Blood+1","Metallicize","Dropkick","Double Tap+1","Armaments+1","Power Through","Iron Wave","Dropkick","Barricade+1","Body Slam","Iron Wave+1","True Grit+1","Pommel Strike","Bandage Up","Power Through","Impervious+1","Pummel","Berserk","Feel No Pain+1","Seeing Red","Blind","Apotheosis+1","Good Instincts","Inflame","Body Slam+1","Metallicize+1","Seeing Red","Spot Weakness","Carnage","Iron Wave","Finesse"],"relics":["Burning Blood","Centennial Puzzle","Darkstone Periapt","Paper Frog","Whetstone","Champion Belt","Matryoshka","Bottled Lightning","Sundial","Strawberry","Coffee Dripper","Red Mask","Bronze Scales","Pear","Letter Opener","Gremlin Horn","Vajra","Runic Pyramid","Oddly Smooth Stone","Smiling Mask","Orichalcum","Mango","Red Skull"],"potions_floor_usage":[18,28,30,33,55,55,55],"damage_taken":[{"damage":6,"enemies":"Cultist","floor":1,"turns":3},{"damage":8,"enemies":"Jaw Worm","floor":5,"turns":4},{"damage":27,"enemies":"Gremlin Nob","floor":6,"turns":5},{"damage":29,"enemies":"3 Sentries","floor":8,"turns":11},{"damage":7,"enemies":"Gremlin Nob","floor":10,"turns":3},{"damage":0,"enemies":"2 Louse","floor":12,"turns":3},{"damage":12,"enemies":"Lagavulin","floor":13,"turns":7},{"damage":0,"enemies":"Exordium Wildlife","floor":14,"turns":5},{"damage":10,"enemies":"Hexaghost","floor":16,"turns":10},{"damage":2,"enemies":"Spheric Guardian","floor":18,"turns":6},{"damage":6,"enemies":"Chosen","floor":19,"turns":2},{"damage":28,"enemies":"Masked Bandits","floor":21,"turns":6},{"damage":4,"enemies":"Centurion and Healer","floor":22,"turns":7},{"damage":45,"enemies":"Book of Stabbing","floor":24,"turns":7},{"damage":6,"enemies":"Shelled Parasite and Fungi","floor":28,"turns":7},{"damage":10,"enemies":"Snake Plant","floor":29,"turns":5},{"damage":0,"enemies":"Centurion and Healer","floor":30,"turns":6},{"damage":16,"enemies":"Champ","floor":33,"turns":13},{"damage":3,"enemies":"Orb Walker","floor":35,"turns":4},{"damage":16,"enemies":"3 Darklings","floor":37,"turns":7},{"damage":3,"enemies":"Reptomancer","floor":40,"turns":5},{"damage":32,"enemies":"Maw","floor":42,"turns":8},{"damage":5,"enemies":"4 Shapes","floor":45,"turns":5},{"damage":0,"enemies":"Mind Bloom Boss Battle","floor":47,"turns":6},{"damage":28,"enemies":"Donu and Deca","floor":50,"turns":8},{"damage":42,"enemies":"Shield and Spear","floor":54,"turns":6},{"damage":113,"enemies":"The Heart","floor":55,"turns":8}],"seed_played":"8728107440366868924","potions_obtained":[{"floor":6,"key":"Dexterity Potion"},{"floor":8,"key":"Energy Potion"},{"floor":13,"key":"BloodPotion"},{"floor":19,"key":"Block Potion"},{"floor":28,"key":"Block Potion"},{"floor":33,"key":"GamblersBrew"},{"floor":40,"key":"Dexterity Potion"}],"is_trial":false,"path_per_floor":["M","T","T","?","M","E","R","E","T","E","$","M","E","M","R","B",null,"M","M","?","?","M","R","E","?","T","$","M","M","M","?","R","B",null,"M","T","M","?","?","E","R","M","T","R","M","$","?","?","R","B",null,"R","$","E","B"],"character_chosen":"IRONCLAD","items_purchased":["Armaments","Sundial","Bandage Up","Power Through","Vajra","Metallicize","Seeing Red","Spot Weakness","Finesse"],"campfire_rested":0,"item_purchase_floors":[11,11,27,27,27,46,46,46,53],"current_hp_per_floor":[80,80,80,69,67,46,46,23,23,22,22,28,29,35,35,31,87,87,87,70,48,50,50,11,27,27,27,31,31,41,41,41,35,108,108,108,98,98,88,97,97,77,77,77,82,82,102,102,102,84,122,122,122,92,0],"gold":58,"neow_bonus":"RANDOM_COMMON_RELIC","is_prod":false,"is_daily":false,"chose_seed":false,"campfire_upgraded":7,"win_rate":0,"timestamp":1549759013,"path_taken":["M","?","?","?","M","E","R","E","T","E","$","M","E","M","R","BOSS","M","M","?","?","M","R","E","?","T","$","M","M","?","?","R","BOSS","M","?","?","?","?","E","R","M","T","R","M","$","?","?","R","BOSS","R","$","E","BOSS"],"build_version":"2019-01-23","purchased_purges":3,"victory":false,"max_hp_per_floor":[80,80,80,80,80,80,80,80,80,80,80,80,87,87,87,87,87,87,87,92,92,92,92,92,108,108,108,108,108,108,108,108,108,108,108,108,108,108,108,108,108,108,108,108,108,108,122,122,122,122,122,122,122,122,122],"card_choices":[{"not_picked":["True Grit","Thunderclap"],"picked":"Blood for Blood","floor":1},{"not_picked":["Twin Strike","Iron Wave"],"picked":"Metallicize","floor":5},{"not_picked":["Intimidate","Rupture"],"picked":"Dropkick","floor":6},{"not_picked":["Fiend Fire","Power Through"],"picked":"Double Tap","floor":8},{"not_picked":["Headbutt","Heavy Blade"],"picked":"Clash","floor":10},{"not_picked":["Sentinel","Warcry"],"picked":"Power Through","floor":12},{"not_picked":["Perfected Strike","Hemokinesis"],"picked":"Iron Wave","floor":13},{"not_picked":["Headbutt","Heavy Blade"],"picked":"Dropkick","floor":14},{"not_picked":["Berserk","Reaper"],"picked":"Barricade","floor":16},{"not_picked":["Thunderclap","Havoc"],"picked":"Body Slam","floor":18},{"not_picked":["Thunderclap","Disarm"],"picked":"Iron Wave+1","floor":19},{"not_picked":["Headbutt","Heavy Blade+1"],"picked":"Evolve","floor":21},{"not_picked":["Uppercut","Shrug It Off"],"picked":"True Grit+1","floor":22},{"not_picked":["Perfected Strike+1","Body Slam"],"picked":"Pommel Strike","floor":24},{"not_picked":["Headbutt","Clash"],"picked":"Impervious","floor":28},{"not_picked":["Warcry","Twin Strike"],"picked":"Pummel","floor":29},{"not_picked":["Pommel Strike","True Grit+1","Warcry+1"],"picked":"SKIP","floor":30},{"not_picked":["Bludgeon","Fiend Fire"],"picked":"Berserk","floor":33},{"not_picked":["Rage","Sword Boomerang"],"picked":"Feel No Pain+1","floor":35},{"not_picked":["Havoc+1","Wild Strike+1"],"picked":"Seeing Red","floor":37},{"not_picked":["The Bomb","Impatience"],"picked":"Blind","floor":39},{"not_picked":["Madness","Secret Technique"],"picked":"Apotheosis","floor":39},{"not_picked":["Impatience","Discovery"],"picked":"Good Instincts","floor":39},{"not_picked":["Evolve+1","Feel No Pain+1","Clash+1"],"picked":"SKIP","floor":40},{"not_picked":["Rage","Wild Strike+1"],"picked":"Inflame","floor":42},{"not_picked":["Pommel Strike+1","Blood for Blood+1"],"picked":"Body Slam+1","floor":45},{"not_picked":["Sword Boomerang+1","Seeing Red+1"],"picked":"Carnage","floor":47},{"not_picked":["Second Wind","Corruption+1","Reaper"],"picked":"SKIP","floor":54}],"player_experience":123916,"relics_obtained":[{"floor":2,"key":"Darkstone Periapt"},{"floor":3,"key":"Paper Frog"},{"floor":6,"key":"Whetstone"},{"floor":8,"key":"Champion Belt"},{"floor":9,"key":"Matryoshka"},{"floor":10,"key":"Bottled Lightning"},{"floor":13,"key":"Strawberry"},{"floor":21,"key":"Red Mask"},{"floor":24,"key":"Bronze Scales"},{"floor":26,"key":"Letter Opener"},{"floor":26,"key":"Gremlin Horn"},{"floor":36,"key":"Oddly Smooth Stone"},{"floor":36,"key":"Smiling Mask"},{"floor":40,"key":"Orichalcum"},{"floor":47,"key":"Mango"},{"floor":54,"key":"Red Skull"}],"event_choices":[{"damage_healed":0,"gold_gain":75,"player_choice":"Gather Gold","damage_taken":11,"max_hp_gain":0,"max_hp_loss":0,"event_name":"World of Goop","floor":4,"gold_loss":0},{"damage_healed":0,"gold_gain":0,"player_choice":"Shed Blood","damage_taken":22,"max_hp_gain":5,"max_hp_loss":0,"event_name":"Forgotten Altar","floor":20,"gold_loss":0},{"damage_healed":0,"gold_gain":0,"player_choice":"Fought Bandits","damage_taken":0,"max_hp_gain":0,"max_hp_loss":0,"event_name":"Masked Bandits","floor":21,"gold_loss":0},{"damage_healed":0,"gold_gain":0,"player_choice":"Opened","damage_taken":0,"relics_obtained":["Pear"],"max_hp_gain":0,"max_hp_loss":0,"event_name":"The Mausoleum","floor":25,"gold_loss":0,"cards_obtained":["Writhe"]},{"cards_removed":["Writhe"],"damage_healed":0,"gold_gain":0,"player_choice":"Purged","damage_taken":0,"max_hp_gain":0,"max_hp_loss":0,"event_name":"Purifier","floor":31,"gold_loss":0},{"cards_removed":["Defend_R"],"damage_healed":0,"gold_gain":0,"player_choice":"Removed Skill","damage_taken":0,"max_hp_gain":0,"max_hp_loss":0,"event_name":"Falling","floor":38,"gold_loss":0},{"damage_healed":0,"gold_gain":0,"player_choice":"Memory 3","damage_taken":10,"max_hp_gain":0,"max_hp_loss":0,"event_name":"SensoryStone","floor":39,"gold_loss":0},{"damage_healed":0,"gold_gain":0,"player_choice":"Fight","damage_taken":0,"max_hp_gain":0,"max_hp_loss":0,"event_name":"MindBloom","floor":47,"gold_loss":0},{"cards_removed":["Strike_R"],"damage_healed":0,"gold_gain":0,"player_choice":"Took Card","damage_taken":0,"max_hp_gain":0,"max_hp_loss":0,"event_name":"NoteForYourself","floor":48,"gold_loss":0,"cards_obtained":["Iron Wave"]}],"is_beta":false,"boss_relics":[{"not_picked":["Tiny House","Pandora\u0027s Box"],"picked":"Coffee Dripper"},{"not_picked":["Lizard Tail","Velvet Choker"],"picked":"Runic Pyramid"}],"items_purged_floors":[11,46,53],"is_endless":false,"potions_floor_spawned":[6,8,13,19,21,28,33,40,45,47,54],"killed_by":"The Heart","ascension_level":1}