{"path_per_floor":["M","?","$","M","?","R","$","R","T","R","?","M","?","M","R","B",null,"M","M","?","$","M","E","?","R","T","R","M","R","?","M","R","B",null,"M","M","$","?","M","R","?","R","T","$","M","T","?","M","R"],"character_chosen":"IRONCLAD","items_purchased":["Matryoshka","Blood Vial"],"gold_per_floor":[113,113,38,56,56,56,56,56,56,56,56,74,174,194,194,297,297,317,327,327,227,242,267,267,267,267,267,277,277,277,297,297,395,395,409,424,34,134,153,153,153,153,153,28,42,120,120,140,140],"floor_reached":50,"campfire_rested":6,"playtime":1233,"current_hp_per_floor":[78,78,78,72,72,72,72,72,72,72,72,75,75,63,80,77,80,72,74,59,59,51,30,58,58,58,83,69,85,85,67,85,32,85,71,73,73,73,56,81,85,85,99,99,42,42,42,24,53],"items_purged":["Defend_R","Defend_R","Writhe"],"gold":140,"score":423,"play_id":"c50a38e8-1604-45fd-9c29-2d1901302a7e","local_time":"20180303162102","is_prod":false,"is_daily":false,"is_ascension_mode":false,"campfire_upgraded":5,"timestamp":1520090462,"path_taken":["M","?","$","M","?","R","$","R","T","R","?","?","?","M","R","BOSS","M","M","?","$","M","E","?","R","T","R","M","R","?","?","R","BOSS","M","M","$","?","M","R","?","R","T","$","M","?","?","?","R","BOSS"],"build_version":"2018-03-01-PROD1","purchased_purges":3,"victory":false,"master_deck":["Strike_R+1","Strike_R","Strike_R","Strike_R","Bash+1","Immolate","Rampage+1","Bludgeon+1","Clash+1","Offering+1","Headbutt+1","Clash+1"],"max_hp_per_floor":[80,80,80,80,80,80,80,80,80,80,80,80,80,80,80,80,80,80,80,85,85,85,85,85,85,85,85,85,85,85,85,85,85,85,85,85,85,85,85,85,85,85,99,99,99,99,99,99,99],"relics":["Burning Blood","Kunai","Runic Dome","Molten Egg 2","Dream Catcher","Snecko Eye","Matryoshka","Blood Vial","Paper Frog","Mango","Bag of Preparation","Gremlin Horn"],"card_choices":[{"not_picked":["Wild Strike","Pommel Strike"],"picked":"Rampage"},{"not_picked":["Warcry","Iron Wave"],"picked":"Clash"},{"not_picked":["Berserk","Bludgeon"],"picked":"Offering"},{"not_picked":["Combust","Reckless Charge"],"picked":"Headbutt"},{"not_picked":["Anger","Rampage"],"picked":"Clash"}],"player_experience":184170,"potions_floor_usage":[22,23],"damage_taken":[{"damage":8,"enemies":"Jaw Worm","floor":1,"turns":4},{"damage":12,"enemies":"2 Louse","floor":4,"turns":2},{"damage":3,"enemies":"Small Slimes","floor":12,"turns":3},{"damage":18,"enemies":"Exordium Wildlife","floor":14,"turns":5},{"damage":9,"enemies":"Slime Boss","floor":16,"turns":7},{"damage":14,"enemies":"2 Thieves","floor":18,"turns":3},{"damage":4,"enemies":"Spheric Guardian","floor":19,"turns":2},{"damage":14,"enemies":"Cultist and Chosen","floor":22,"turns":3},{"damage":27,"enemies":"Slavers","floor":23,"turns":3},{"damage":20,"enemies":"Snake Plant","floor":28,"turns":2},{"damage":24,"enemies":"Centurion and Healer","floor":31,"turns":2},{"damage":59,"enemies":"Collector","floor":33,"turns":4},{"damage":20,"enemies":"3 Darklings","floor":35,"turns":3},{"damage":4,"enemies":"Orb Walker","floor":36,"turns":1},{"damage":25,"enemies":"Maw","floor":39,"turns":5},{"damage":63,"enemies":"4 Shapes","floor":45,"turns":4},{"damage":26,"enemies":"Sphere and 2 Shapes","floor":48,"turns":2},{"damage":68,"enemies":"Awakened One","floor":50,"turns":3}],"event_choices":[{"event_name":"Living Wall","player_choice":"Change","floor":2,"damage_taken":0},{"event_name":"Accursed Blacksmith","player_choice":"Forge","floor":5,"damage_taken":0},{"event_name":"Shining Light","player_choice":"Ignored","floor":11,"damage_taken":0},{"event_name":"Wheel of Change","player_choice":"Gold","floor":13,"damage_taken":0},{"event_name":"Forgotten Altar","player_choice":"Shed Blood","floor":20,"damage_taken":0},{"event_name":"The Library","player_choice":"Heal","floor":24,"damage_taken":0},{"event_name":"Back to Basics","player_choice":"Elegance","floor":30,"damage_taken":0},{"event_name":"Golden Shrine","player_choice":"Pray","floor":38,"damage_taken":0},{"event_name":"Winding Halls","player_choice":"Writhe","floor":41,"damage_taken":0}],"boss_relics":[{"not_picked":["Velvet Choker","Tiny House"],"picked":"Runic Dome"},{"not_picked":["Runic Cube","Astrolabe"],"picked":"Snecko Eye"}],"potions_floor_spawned":[18,22,33,35,36],"seed_played":"-3265031865182611337","killed_by":"Awakened One","ascension_level":0,"is_trial":false}