{"gold_per_floor":[115,131,131,148,28,28,48,80,103,103,115,44,9,36,36,139,139,156,81,41,51,67,67,93,93,142,20,35,49,49,66,66,163,163,179,279,0,15,27,27,27,54,136,136,136,163,163,182,182,182],"floor_reached":51,"playtime":2894,"items_purged":["Strike_R"],"score":796,"play_id":"4aede3b4-cf98-487b-b9c6-966974a884b6","local_time":"20190214021319","is_ascension_mode":true,"campfire_choices":[{"data":"Battle Trance","floor":6,"key":"SMITH"},{"floor":10,"key":"REST"},{"data":"Body Slam","floor":15,"key":"SMITH"},{"data":"Limit Break","floor":23,"key":"SMITH"},{"floor":25,"key":"REST"},{"data":"Inflame","floor":32,"key":"SMITH"},{"data":"Double Tap","floor":40,"key":"SMITH"},{"floor":44,"key":"REST"},{"data":"Heavy Blade","floor":47,"key":"SMITH"},{"floor":49,"key":"REST"}],"neow_cost":"PERCENT_DAMAGE","seed_source_timestamp":27676124177274,"circlet_count":0,"master_deck":["Defend_R+1","Defend_R+1","Bash","Searing Blow","Shrug It Off","Battle Trance+1","Body Slam+1","Iron Wave","Demon Form+1","Heavy Blade+1","Inflame+1","Battle Trance+1","Limit Break+1","Armaments+1","Barricade+1","Anger+1","Iron Wave","Heavy Blade","Reaper","Shrug It Off","Whirlwind","Shrug It Off","Anger+1","Uppercut","Double Tap+1","Body Slam+1","Seeing Red+1","Shrug It Off","Reaper","Heavy Blade+1","Writhe"],"relics":["Burning Blood","Bronze Scales","Strawberry","War Paint","Astrolabe","Pen Nib","Boot","Mark of Pain","Peace Pipe","Red Mask","Blood Vial","Gremlin Horn","Bag of Preparation"],"potions_floor_usage":[4,11,24,31,31,50,50,50],"damage_taken":[{"damage":3,"enemies":"Cultist","floor":1,"turns":4},{"damage":3,"enemies":"Small Slimes","floor":2,"turns":3},{"damage":1,"enemies":"2 Louse","floor":4,"turns":3},{"damage":8,"enemies":"2 Fungi Beasts","floor":7,"turns":5},{"damage":62,"enemies":"Lagavulin","floor":8,"turns":11},{"damage":13,"enemies":"Large Slime","floor":11,"turns":8},{"damage":38,"enemies":"Gremlin Nob","floor":14,"turns":5},{"damage":36,"enemies":"Slime Boss","floor":16,"turns":7},{"damage":10,"enemies":"Chosen","floor":18,"turns":4},{"damage":15,"enemies":"2 Thieves","floor":21,"turns":4},{"damage":14,"enemies":"3 Cultists","floor":22,"turns":5},{"damage":52,"enemies":"Slavers","floor":24,"turns":6},{"damage":30,"enemies":"Shelled Parasite and Fungi","floor":28,"turns":5},{"damage":19,"enemies":"Cultist and Chosen","floor":29,"turns":5},{"damage":11,"enemies":"3 Cultists","floor":31,"turns":5},{"damage":59,"enemies":"Automaton","floor":33,"turns":7},{"damage":7,"enemies":"3 Shapes","floor":35,"turns":5},{"damage":0,"enemies":"Mind Bloom Boss Battle","floor":36,"turns":5},{"damage":40,"enemies":"3 Darklings","floor":38,"turns":5},{"damage":2,"enemies":"Transient","floor":39,"turns":5},{"damage":41,"enemies":"Nemesis","floor":42,"turns":7},{"damage":47,"enemies":"Giant Head","floor":46,"turns":7},{"damage":25,"enemies":"Jaw Worm Horde","floor":48,"turns":3},{"damage":99,"enemies":"Awakened One","floor":50,"turns":9}],"seed_played":"3584948898537897325","potions_obtained":[{"floor":1,"key":"BloodPotion"},{"floor":2,"key":"FearPotion"},{"floor":8,"key":"Regen Potion"},{"floor":14,"key":"Regen Potion"},{"floor":24,"key":"LiquidBronze"},{"floor":28,"key":"SkillPotion"},{"floor":29,"key":"AttackPotion"},{"floor":38,"key":"Dexterity Potion"},{"floor":39,"key":"Swift Potion"},{"floor":46,"key":"PowerPotion"}],"is_trial":false,"path_per_floor":["M","M","?","M","$","R","M","E","T","R","M","$","?","E","R","B",null,"M","?","?","M","M","R","E","R","T","$","M","M","$","M","R","B",null,"M","?","?","M","M","R","$","E","T","R","?","E","R","M","R","B",null],"character_chosen":"IRONCLAD","items_purchased":["Body Slam","Inflame","Whirlwind","Shrug It Off"],"campfire_rested":4,"item_purchase_floors":[5,12,27,27],"current_hp_per_floor":[59,62,62,75,75,75,73,17,24,50,58,58,79,47,47,17,87,83,83,83,74,66,66,44,70,70,70,46,65,65,72,72,45,87,86,87,87,53,57,57,57,27,27,53,75,53,53,50,76,20],"gold":182,"neow_bonus":"TRANSFORM_TWO_CARDS","is_prod":false,"is_daily":false,"chose_seed":false,"campfire_upgraded":6,"win_rate":0,"timestamp":1550131999,"path_taken":["M","?","?","?","$","R","M","E","T","R","M","?","?","E","R","BOSS","M","?","?","M","M","R","E","R","T","$","M","?","$","M","R","BOSS","M","?","?","M","M","R","$","E","T","R","?","E","R","?","R","BOSS"],"build_version":"2019-01-23","purchased_purges":1,"victory":true,"max_hp_per_floor":[80,80,80,80,80,80,80,80,87,87,87,87,87,87,87,87,87,87,87,87,87,87,87,87,87,87,87,87,87,87,87,87,87,87,87,87,87,87,87,87,87,87,87,87,87,87,87,87,87,87],"card_choices":[{"not_picked":["Hemokinesis","Intimidate","Bloodletting"],"picked":"SKIP","floor":1},{"not_picked":["Battle Trance","Cleave"],"picked":"Shrug It Off","floor":2},{"not_picked":["Spot Weakness","Clothesline"],"picked":"Battle Trance","floor":4},{"not_picked":["Havoc","Thunderclap"],"picked":"Iron Wave","floor":7},{"not_picked":["Burning Pact","Body Slam"],"picked":"Demon Form","floor":8},{"not_picked":["Rage","Perfected Strike"],"picked":"Heavy Blade","floor":11},{"not_picked":["Havoc","Perfected Strike"],"picked":"Battle Trance","floor":14},{"not_picked":["Bludgeon","Immolate"],"picked":"Limit Break","floor":16},{"not_picked":["Headbutt","Perfected Strike"],"picked":"Iron Wave","floor":18},{"not_picked":["Cleave","Body Slam"],"picked":"Heavy Blade","floor":21},{"not_picked":["Cleave","Clash+1"],"picked":"Reaper","floor":22},{"not_picked":["Reckless Charge","Inflame"],"picked":"Shrug It Off","floor":24},{"not_picked":["Shockwave","Sword Boomerang"],"picked":"Anger+1","floor":28},{"not_picked":["Carnage","Power Through","Thunderclap"],"picked":"SKIP","floor":29},{"not_picked":["Wild Strike","Clothesline"],"picked":"Uppercut","floor":31},{"not_picked":["Berserk","Barricade"],"picked":"Double Tap","floor":33},{"not_picked":["Flex+1","Reckless Charge+1"],"picked":"Body Slam+1","floor":35},{"not_picked":["Blood for Blood","Clothesline"],"picked":"Seeing Red+1","floor":36},{"not_picked":["Clash+1","True Grit"],"picked":"Shrug It Off","floor":38},{"not_picked":["Havoc+1","Reckless Charge+1"],"picked":"Reaper","floor":39},{"not_picked":["Twin Strike","Body Slam+1"],"picked":"Heavy Blade+1","floor":42},{"not_picked":["Sentinel+1","Pommel Strike+1","Disarm+1"],"picked":"SKIP","floor":46},{"not_picked":["Pommel Strike+1","Flex","Armaments"],"picked":"SKIP","floor":48}],"player_experience":96422,"relics_obtained":[{"floor":8,"key":"Bronze Scales"},{"floor":9,"key":"Strawberry"},{"floor":14,"key":"War Paint"},{"floor":24,"key":"Pen Nib"},{"floor":26,"key":"Boot"},{"floor":36,"key":"Peace Pipe"},{"floor":42,"key":"Blood Vial"},{"floor":43,"key":"Gremlin Horn"},{"floor":46,"key":"Bag of Preparation"}],"event_choices":[{"cards_removed":["Strike_R"],"damage_healed":0,"gold_gain":0,"player_choice":"Offered Basic","damage_taken":0,"max_hp_gain":0,"max_hp_loss":0,"event_name":"Bonfire Elementals","floor":3,"gold_loss":0},{"damage_healed":21,"gold_gain":0,"player_choice":"Healed","damage_taken":0,"max_hp_gain":0,"max_hp_loss":0,"event_name":"The Cleric","floor":13,"gold_loss":35},{"cards_removed":["Defend_R"],"damage_healed":0,"gold_gain":0,"player_choice":"Gave Gold","damage_taken":0,"max_hp_gain":0,"max_hp_loss":0,"event_name":"Beggar","floor":19,"gold_loss":75},{"damage_healed":0,"gold_gain":0,"player_choice":"Upgraded Two","damage_taken":0,"max_hp_gain":0,"max_hp_loss":0,"event_name":"Designer","floor":20,"gold_loss":40,"cards_upgraded":["Demon Form","Battle Trance"]},{"damage_healed":0,"gold_gain":0,"player_choice":"Fight","damage_taken":0,"max_hp_gain":0,"max_hp_loss":0,"event_name":"MindBloom","floor":36,"gold_loss":0},{"damage_healed":0,"gold_gain":0,"player_choice":"Paid","damage_taken":0,"relics_obtained":["Red Mask"],"max_hp_gain":0,"max_hp_loss":0,"event_name":"Tomb of Lord Red Mask","floor":37,"gold_loss":279},{"damage_healed":22,"gold_gain":0,"player_choice":"Writhe","damage_taken":0,"max_hp_gain":0,"max_hp_loss":0,"event_name":"Winding Halls","floor":45,"gold_loss":0,"cards_obtained":["Writhe"]}],"is_beta":false,"boss_relics":[{"not_picked":["Tiny House","Eternal Feather"],"picked":"Astrolabe"},{"not_picked":["Velvet Choker","Black Blood"],"picked":"Mark of Pain"}],"items_purged_floors":[5],"is_endless":false,"potions_floor_spawned":[1,2,8,14,24,28,29,38,39,46],"ascension_level":1}