{"gold_per_floor":[216,216,71,86,104,134,134,169,221,249,249,266,278,291,291,364,364,375,392,411,95,95],"floor_reached":22,"playtime":800,"items_purged":["Strike_R"],"score":364,"play_id":"858f6599-bcd5-4902-a0f8-efbadc69d8a6","local_time":"20180808170912","is_ascension_mode":true,"campfire_choices":[{"floor":7,"key":"REST"},{"data":"Spot Weakness","floor":15,"key":"SMITH"}],"neow_cost":"NONE","seed_source_timestamp":543070630745034,"circlet_count":0,"master_deck":["Strike_R","Strike_R+1","Defend_R","Defend_R","Defend_R","Defend_R","Bash+1","AscendersBane","Iron Wave","Spot Weakness+1","Evolve","Headbutt","Cleave","Offering","Immolate","Heavy Blade+1","True Grit"],"relics":["Burning Blood","Shuriken","Art of War","Blood Vial","Paper Frog","Busted Crown","Whetstone"],"potions_floor_usage":[10,16,16,18,22],"damage_taken":[{"damage":2,"enemies":"2 Louse","floor":1,"turns":4},{"damage":6,"enemies":"Cultist","floor":4,"turns":3},{"damage":14,"enemies":"Jaw Worm","floor":5,"turns":5},{"damage":25,"enemies":"Lagavulin","floor":6,"turns":7},{"damage":16,"enemies":"3 Sentries","floor":8,"turns":7},{"damage":25,"enemies":"Gremlin Nob","floor":10,"turns":5},{"damage":7,"enemies":"Large Slime","floor":12,"turns":6},{"damage":15,"enemies":"Gremlin Gang","floor":13,"turns":5},{"damage":6,"enemies":"2 Fungi Beasts","floor":14,"turns":3},{"damage":21,"enemies":"Slime Boss","floor":16,"turns":7},{"damage":17,"enemies":"3 Byrds","floor":18,"turns":3},{"damage":18,"enemies":"2 Thieves","floor":19,"turns":3},{"damage":33,"enemies":"Snake Plant","floor":20,"turns":3},{"damage":29,"enemies":"Chosen and Byrds","floor":22,"turns":4}],"seed_played":"5446427183003548918","potions_obtained":[{"floor":8,"key":"Block Potion"},{"floor":10,"key":"Energy Potion"},{"floor":13,"key":"Block Potion"},{"floor":16,"key":"AttackPotion"},{"floor":19,"key":"Dexterity Potion"}],"is_trial":false,"path_per_floor":["M","?","$","M","M","E","R","E","T","E","?","M","M","M","R","B",null,"M","M","M","$"],"character_chosen":"IRONCLAD","items_purchased":["Spot Weakness","Evolve","True Grit","Whetstone","SkillPotion"],"campfire_rested":1,"item_purchase_floors":[3,3,21,21,21],"current_hp_per_floor":[72,72,72,72,64,45,67,57,57,40,33,34,27,29,29,16,60,51,41,16,16,0],"gold":95,"neow_bonus":"HUNDRED_GOLD","is_prod":false,"is_daily":false,"chose_seed":false,"campfire_upgraded":1,"win_rate":0,"timestamp":1533740952,"path_taken":["M","?","$","?","M","E","R","E","T","E","?","M","M","M","R","BOSS","M","?","M","$","M"],"build_version":"2018-08-02","purchased_purges":1,"victory":false,"max_hp_per_floor":[75,75,75,75,75,75,75,75,75,75,75,75,75,75,75,75,75,75,75,75,75,75],"card_choices":[{"not_picked":["Havoc","Combust","Sword Boomerang"],"picked":"SKIP","floor":1},{"not_picked":["Thunderclap","Flex","Havoc"],"picked":"SKIP","floor":4},{"not_picked":["Body Slam","Anger"],"picked":"Headbutt","floor":5},{"not_picked":["Fiend Fire","Havoc","Sever Soul"],"picked":"SKIP","floor":6},{"not_picked":["Entrench","Thunderclap","Clash"],"picked":"SKIP","floor":8},{"not_picked":["Entrench","Sever Soul","Clash"],"picked":"SKIP","floor":10},{"not_picked":["Evolve","Flex","Thunderclap"],"picked":"SKIP","floor":12},{"not_picked":["Anger","Body Slam"],"picked":"Cleave","floor":13},{"not_picked":["Burning Pact","Warcry"],"picked":"Offering","floor":14},{"not_picked":["Berserk","Barricade"],"picked":"Immolate","floor":16},{"not_picked":[],"picked":"Heavy Blade+1","floor":18},{"not_picked":["Entrench"],"picked":"SKIP","floor":19},{"not_picked":["Pommel Strike+1"],"picked":"SKIP","floor":20}],"player_experience":1285645,"relics_obtained":[{"floor":6,"key":"Shuriken"},{"floor":8,"key":"Art of War"},{"floor":9,"key":"Blood Vial"},{"floor":10,"key":"Paper Frog"}],"event_choices":[{"event_name":"Transmorgrifier","player_choice":"Transform","floor":2,"damage_taken":0},{"event_name":"Golden Wing","player_choice":"Card Removal","floor":11,"damage_taken":0}],"is_beta":false,"boss_relics":[{"not_picked":["Pandora\u0027s Box","Eternal Feather"],"picked":"Busted Crown"}],"items_purged_floors":[21],"is_endless":false,"potions_floor_spawned":[8,10,13,16,19],"killed_by":"Chosen and Byrds","ascension_level":15}