{"gold_per_floor":[119,119,84,259,273,273,290,290,313,313,342,342,342,372,372,475,475,489,489,158,169,169,169,199,212,212,212,412,84,34,49,49,148,148,165,178,178,191,70,70,70],"floor_reached":41,"playtime":4462,"items_purged":["Strike_R","Strike_R","Strike_R","Pain"],"score":559,"play_id":"7ba02ff6-7f2b-48e9-93e4-a9fb2e9ae079","local_time":"20190212200415","is_ascension_mode":true,"campfire_choices":[{"data":"Pommel Strike","floor":6,"key":"SMITH"},{"data":"Armaments","floor":8,"key":"SMITH"},{"floor":10,"key":"REST"},{"floor":12,"key":"REST"},{"floor":15,"key":"REST"},{"data":"Shrug It Off","floor":23,"key":"SMITH"},{"floor":27,"key":"REST"},{"floor":32,"key":"REST"},{"data":"Spot Weakness","floor":40,"key":"SMITH"}],"neow_cost":"NONE","seed_source_timestamp":102509518244800,"circlet_count":0,"master_deck":["Defend_R","Defend_R+1","Defend_R","Defend_R","Bash","Entrench+1","Doubt","Pommel Strike+1","Armaments+1","Cleave","Heavy Blade","Iron Wave","Limit Break","Disarm","Limit Break","Infernal Blade+1","Cleave+1","Shrug It Off+1","Shrug It Off","Pommel Strike","Shrug It Off+1","Whirlwind","Twin Strike","Spot Weakness+1","Seeing Red+1","Body Slam","Armaments+1","Barricade","Armaments+1","Pommel Strike+1","Pommel Strike+1","Armaments+1","Madness","Madness","Spot Weakness+1","Double Tap","Flame Barrier"],"relics":["Burning Blood","Juzu Bracelet","Dream Catcher","War Paint","Prayer Wheel","PreservedInsect","Cursed Key","Sling","Smiling Mask","Pear","Strange Spoon","Mark of Pain"],"potions_floor_usage":[11,14,14,16,18,24,31,33,35,41],"damage_taken":[{"damage":24,"enemies":"Jaw Worm","floor":1,"turns":5},{"damage":17,"enemies":"Cultist","floor":5,"turns":6},{"damage":8,"enemies":"2 Louse","floor":7,"turns":2},{"damage":53,"enemies":"Gremlin Nob","floor":11,"turns":6},{"damage":12,"enemies":"3 Sentries","floor":14,"turns":11},{"damage":66,"enemies":"The Guardian","floor":16,"turns":18},{"damage":34,"enemies":"Shell Parasite","floor":18,"turns":9},{"damage":9,"enemies":"Chosen","floor":21,"turns":5},{"damage":4,"enemies":"Book of Stabbing","floor":24,"turns":6},{"damage":50,"enemies":"Snecko","floor":25,"turns":10},{"damage":20,"enemies":"Cultist and Chosen","floor":31,"turns":8},{"damage":52,"enemies":"Champ","floor":33,"turns":14},{"damage":19,"enemies":"3 Shapes","floor":35,"turns":3},{"damage":0,"enemies":"Orb Walker","floor":36,"turns":4},{"damage":14,"enemies":"Maw","floor":38,"turns":9},{"damage":74,"enemies":"Transient","floor":41,"turns":5}],"seed_played":"793667878413329232","potions_obtained":[{"floor":1,"key":"EssenceOfSteel"},{"floor":2,"key":"SteroidPotion"},{"floor":2,"key":"SpeedPotion"},{"floor":14,"key":"LiquidBronze"},{"floor":16,"key":"BloodPotion"},{"floor":21,"key":"GamblersBrew"},{"floor":25,"key":"Explosive Potion"},{"floor":31,"key":"Block Potion"},{"floor":38,"key":"AttackPotion"}],"is_trial":false,"path_per_floor":["M","?","?","?","M","R","M","R","T","R","E","R","?","E","R","B",null,"M","?","$","M","?","R","E","M","T","R","?","$","$","M","R","B",null,"M","M","?","M","$","R","M"],"character_chosen":"IRONCLAD","items_purchased":["Sling","Block Potion","Spot Weakness","Strange Spoon","Flame Barrier"],"campfire_rested":5,"item_purchase_floors":[20,20,29,29,39],"current_hp_per_floor":[62,62,80,80,69,69,67,67,67,80,33,57,57,51,75,15,80,60,60,60,57,57,57,59,15,25,52,52,52,52,38,65,19,90,77,83,72,64,64,64,0],"gold":70,"neow_bonus":"RANDOM_COMMON_RELIC","is_prod":false,"is_daily":false,"chose_seed":false,"campfire_upgraded":4,"win_rate":0,"timestamp":1550019855,"path_taken":["M","?","?","?","M","R","M","R","T","R","E","R","?","E","R","BOSS","M","?","$","M","?","R","E","M","T","R","?","?","$","M","R","BOSS","M","M","?","M","$","R","M"],"build_version":"2019-01-23","purchased_purges":4,"victory":false,"max_hp_per_floor":[80,80,80,80,80,80,80,80,80,80,80,80,80,80,80,80,80,80,80,80,80,80,80,80,80,90,90,90,90,90,90,90,90,90,90,90,90,90,90,90,90],"card_choices":[{"not_picked":["Rupture","Bloodletting"],"picked":"Entrench","floor":1},{"not_picked":["Thunderclap","Searing Blow"],"picked":"Pommel Strike","floor":5},{"not_picked":["Anger","Warcry"],"picked":"Armaments","floor":7},{"not_picked":["Twin Strike","Sword Boomerang"],"picked":"Cleave","floor":10},{"not_picked":["Headbutt","Cleave"],"picked":"Heavy Blade","floor":11},{"not_picked":["Hemokinesis","Perfected Strike"],"picked":"Iron Wave","floor":12},{"not_picked":["Armaments","Dual Wield"],"picked":"Limit Break","floor":14},{"not_picked":["Havoc","Clothesline"],"picked":"Disarm","floor":15},{"not_picked":["Offering","Reaper"],"picked":"Limit Break","floor":16},{"not_picked":["Sword Boomerang","Perfected Strike"],"picked":"Infernal Blade+1","floor":18},{"not_picked":["Infernal Blade","Wild Strike"],"picked":"Cleave+1","floor":18},{"not_picked":["Twin Strike","Flame Barrier+1"],"picked":"Shrug It Off","floor":21},{"not_picked":["Sentinel","Reckless Charge"],"picked":"Shrug It Off","floor":21},{"not_picked":["Hemokinesis","Anger"],"picked":"Pommel Strike","floor":24},{"not_picked":["Thunderclap+1","Body Slam"],"picked":"Shrug It Off+1","floor":25},{"not_picked":["Sword Boomerang","Headbutt"],"picked":"Whirlwind","floor":25},{"not_picked":["Flex+1","Hemokinesis"],"picked":"Twin Strike","floor":27},{"not_picked":["Warcry","Perfected Strike"],"picked":"Seeing Red+1","floor":31},{"not_picked":["Havoc","Limit Break"],"picked":"Body Slam","floor":31},{"not_picked":["Sever Soul","Clash+1"],"picked":"Armaments+1","floor":32},{"not_picked":["Impervious","Berserk"],"picked":"Barricade","floor":33},{"not_picked":["Warcry","Intimidate"],"picked":"Armaments+1","floor":35},{"not_picked":["Reckless Charge","Ghostly Armor+1"],"picked":"Pommel Strike+1","floor":35},{"not_picked":["Sword Boomerang","Searing Blow+1"],"picked":"Pommel Strike+1","floor":36},{"not_picked":["Sever Soul+1","Heavy Blade"],"picked":"Armaments+1","floor":36},{"not_picked":["Evolve","Heavy Blade"],"picked":"Spot Weakness+1","floor":38},{"not_picked":["Havoc","Rampage+1"],"picked":"Double Tap","floor":38}],"player_experience":69440,"relics_obtained":[{"floor":9,"key":"Dream Catcher"},{"floor":11,"key":"War Paint"},{"floor":13,"key":"Prayer Wheel"},{"floor":14,"key":"PreservedInsect"},{"floor":24,"key":"Smiling Mask"},{"floor":26,"key":"Pear"}],"event_choices":[{"damage_healed":0,"gold_gain":0,"player_choice":"Got Potions","damage_taken":0,"max_hp_gain":0,"max_hp_loss":0,"event_name":"Lab","floor":2,"gold_loss":0},{"damage_healed":20,"gold_gain":0,"player_choice":"Healed","damage_taken":0,"max_hp_gain":0,"max_hp_loss":0,"event_name":"The Cleric","floor":3,"gold_loss":35},{"damage_healed":0,"gold_gain":175,"player_choice":"AGREE","damage_taken":0,"max_hp_gain":0,"max_hp_loss":0,"event_name":"Liars Game","floor":4,"gold_loss":0,"cards_obtained":["Doubt"]},{"damage_healed":0,"gold_gain":0,"player_choice":"Relic","damage_taken":0,"max_hp_gain":0,"max_hp_loss":0,"event_name":"Wheel of Change","floor":13,"gold_loss":0},{"cards_removed":["Strike_R"],"damage_healed":0,"gold_gain":0,"player_choice":"Purged","damage_taken":0,"max_hp_gain":0,"max_hp_loss":0,"event_name":"Purifier","floor":19,"gold_loss":0},{"cards_removed":["Strike_R"],"damage_healed":0,"gold_gain":0,"player_choice":"Elegance","damage_taken":0,"max_hp_gain":0,"max_hp_loss":0,"event_name":"Back to Basics","floor":22,"gold_loss":0},{"damage_healed":0,"gold_gain":200,"player_choice":"Gold","damage_taken":0,"max_hp_gain":0,"max_hp_loss":0,"event_name":"Wheel of Change","floor":28,"gold_loss":0},{"damage_healed":0,"gold_gain":0,"player_choice":"Embrace Madness","damage_taken":11,"max_hp_gain":0,"max_hp_loss":0,"event_name":"Winding Halls","floor":37,"gold_loss":0,"cards_obtained":["Madness","Madness"]}],"is_beta":false,"boss_relics":[{"not_picked":["Fusion Hammer","Runic Cube"],"picked":"Cursed Key"},{"not_picked":["Eternal Feather","Runic Dome"],"picked":"Mark of Pain"}],"items_purged_floors":[20,29,30,39],"is_endless":false,"potions_floor_spawned":[1,14,16,21,25,31,38],"killed_by":"Transient","ascension_level":2}