{"gold_per_floor":[110,110,110,110,6,40,63,63,63,113,132,132,55,79,79,170,170,189,25,25,25,50,50,50,74,74,74,87,103,142,156,156,245,245,268,268,292,292,317,317,351,351,424,462,477,477,159,179,179,179],"floor_reached":51,"playtime":2457,"items_purged":["Normality"],"score":1465,"play_id":"84ff4294-7944-4419-b072-1e90c63943fb","local_time":"20181029183148","is_ascension_mode":true,"campfire_choices":[{"data":"Disarm","floor":12,"key":"SMITH"},{"data":"True Grit","floor":15,"key":"SMITH"},{"data":"Rampage","floor":23,"key":"SMITH"},{"data":"Flame Barrier","floor":27,"key":"SMITH"},{"data":"Immolate","floor":32,"key":"SMITH"},{"data":"Demon Form","floor":40,"key":"SMITH"},{"data":"Feel No Pain","floor":42,"key":"SMITH"},{"data":"Fiend Fire","floor":49,"key":"SMITH"}],"neow_cost":"NONE","seed_source_timestamp":3057788851906765,"circlet_count":0,"master_deck":["Strike_R","Strike_R","Strike_R","Defend_R","Defend_R","Defend_R","Defend_R","Bash","AscendersBane","Headbutt","Rampage+1","True Grit+1","Disarm+1","Fiend Fire+1","Impervious","Flame Barrier+1","Headbutt","Injury","Armaments+1","Immolate+1","Havoc+1","Demon Form+1","Shrug It Off+1","Infernal Blade+1","True Grit+1","Feel No Pain+1","Entrench+1","Flex+1","Disarm+1","Exhume+1","Injury","Disarm+1","Doubt","Master of Strategy+1","Uppercut+1"],"relics":["Burning Blood","NeowsBlessing","Golden Idol","Question Card","Meat on the Bone","Cursed Key","Bag of Marbles","MutagenicStrength","Enchiridion","Toxic Egg 2","Pantograph","Orrery","Bottled Tornado","Strawberry","Ornamental Fan","Juzu Bracelet"],"potions_floor_usage":[16,30,30,33,33,50,50],"damage_taken":[{"damage":0,"enemies":"Cultist","floor":1,"turns":1},{"damage":0,"enemies":"Lagavulin","floor":6,"turns":1},{"damage":0,"enemies":"Jaw Worm","floor":7,"turns":1},{"damage":15,"enemies":"Small Slimes","floor":11,"turns":3},{"damage":17,"enemies":"Blue Slaver","floor":14,"turns":4},{"damage":49,"enemies":"Hexaghost","floor":16,"turns":10},{"damage":12,"enemies":"Shell Parasite","floor":18,"turns":8},{"damage":0,"enemies":"Spheric Guardian","floor":22,"turns":4},{"damage":38,"enemies":"Shelled Parasite and Fungi","floor":25,"turns":8},{"damage":0,"enemies":"Snake Plant","floor":28,"turns":2},{"damage":23,"enemies":"Cultist and Chosen","floor":29,"turns":6},{"damage":28,"enemies":"Book of Stabbing","floor":30,"turns":5},{"damage":15,"enemies":"Centurion and Healer","floor":31,"turns":6},{"damage":65,"enemies":"Automaton","floor":33,"turns":10},{"damage":4,"enemies":"Orb Walker","floor":35,"turns":2},{"damage":29,"enemies":"3 Darklings","floor":37,"turns":10},{"damage":35,"enemies":"Jaw Worm Horde","floor":39,"turns":4},{"damage":13,"enemies":"Giant Head","floor":41,"turns":11},{"damage":27,"enemies":"Nemesis","floor":44,"turns":7},{"damage":32,"enemies":"Spire Growth","floor":45,"turns":7},{"damage":21,"enemies":"3 Darklings","floor":48,"turns":4},{"damage":69,"enemies":"Awakened One","floor":50,"turns":14}],"seed_played":"782705930596513922","potions_obtained":[{"floor":1,"key":"LiquidBronze"},{"floor":14,"key":"LiquidBronze"},{"floor":18,"key":"Energy Potion"},{"floor":30,"key":"Swift Potion"},{"floor":31,"key":"AttackPotion"},{"floor":35,"key":"EssenceOfSteel"},{"floor":37,"key":"Ancient Potion"}],"is_trial":false,"path_per_floor":["M","?","?","?","$","E","M","?","T","?","M","R","$","M","R","B",null,"M","$","?","?","M","R","?","M","T","R","M","M","E","M","R","B",null,"M","?","M","T","M","R","E","R","T","E","M","?","$","M","R","B"],"character_chosen":"IRONCLAD","items_purchased":["Headbutt","PowerPotion","Fiend Fire","Bag of Marbles","Master of Strategy+1","Energy Potion"],"campfire_rested":0,"item_purchase_floors":[5,5,13,19,47,47],"current_hp_per_floor":[74,48,53,53,53,59,65,65,65,65,56,56,56,57,57,26,67,61,61,61,40,58,58,58,38,38,38,56,51,41,44,44,22,66,68,68,57,57,40,40,52,52,52,43,29,87,87,72,72,36],"gold":179,"neow_bonus":"THREE_ENEMY_KILL","is_prod":false,"is_daily":false,"chose_seed":false,"campfire_upgraded":8,"win_rate":0,"timestamp":1540834308,"path_taken":["M","?","?","?","$","E","?","?","T","?","M","R","$","M","R","BOSS","M","$","?","?","M","R","?","?","T","R","M","M","E","?","R","BOSS","M","?","?","?","?","R","E","R","T","E","M","?","$","M","R","BOSS"],"build_version":"2018-10-25v2","purchased_purges":1,"victory":true,"max_hp_per_floor":[75,75,80,80,80,80,80,80,80,80,80,80,80,80,80,80,80,80,80,80,80,80,80,80,80,80,80,80,80,80,80,80,80,80,80,80,80,80,80,80,87,87,87,87,87,87,87,87,87,87],"card_choices":[{"not_picked":["Dropkick","Iron Wave"],"picked":"Uppercut","floor":1},{"not_picked":["Iron Wave","Sword Boomerang"],"picked":"Rampage","floor":6},{"not_picked":["Metallicize","Havoc","Corruption"],"picked":"True Grit","floor":7},{"not_picked":["Evolve","Rupture","Flex"],"picked":"Disarm","floor":11},{"not_picked":["Rampage","Clash","Body Slam","Twin Strike"],"picked":"SKIP","floor":14},{"not_picked":["Dark Embrace","Exhume","Reaper"],"picked":"Impervious","floor":16},{"not_picked":["Perfected Strike","Warcry","Fire Breathing"],"picked":"Flame Barrier","floor":18},{"not_picked":["Corruption","Clothesline","Cleave"],"picked":"Headbutt","floor":22},{"not_picked":["Dual Wield","Dark Embrace","Heavy Blade","Carnage"],"picked":"SKIP","floor":25},{"not_picked":["Iron Wave","True Grit+1","Rampage"],"picked":"Armaments+1","floor":28},{"not_picked":["Seeing Red+1","Headbutt","Pommel Strike"],"picked":"Immolate","floor":29},{"not_picked":["Burning Pact+1","Disarm+1","Thunderclap"],"picked":"Havoc+1","floor":30},{"not_picked":["Twin Strike","Juggernaut","Headbutt","Clothesline"],"picked":"SKIP","floor":31},{"not_picked":["Impervious+1","Dark Embrace","Reaper"],"picked":"Demon Form","floor":33},{"not_picked":["Heavy Blade","Infernal Blade+1","Flame Barrier+1"],"picked":"Shrug It Off+1","floor":34},{"not_picked":["Burning Pact+1","Thunderclap","Perfected Strike"],"picked":"Infernal Blade+1","floor":34},{"not_picked":["Havoc+1","Clash","Carnage+1"],"picked":"True Grit+1","floor":34},{"not_picked":["Seeing Red+1","Perfected Strike","Blood for Blood"],"picked":"Feel No Pain","floor":34},{"not_picked":["Wild Strike+1","Iron Wave","Reckless Charge"],"picked":"Entrench+1","floor":35},{"not_picked":["Burning Pact+1","True Grit+1","Thunderclap"],"picked":"Flex+1","floor":37},{"not_picked":["Body Slam","Headbutt","Battle Trance+1"],"picked":"Disarm+1","floor":39},{"not_picked":["Dual Wield+1","Warcry+1","Inflame"],"picked":"Exhume+1","floor":41},{"not_picked":["Headbutt","Rupture","Iron Wave+1"],"picked":"Disarm+1","floor":44},{"not_picked":["Flex+1","Sword Boomerang","Iron Wave","Warcry+1"],"picked":"SKIP","floor":45},{"not_picked":["Second Wind+1","Bludgeon","Infernal Blade+1"],"picked":"Uppercut+1","floor":48}],"player_experience":1564406,"relics_obtained":[{"floor":6,"key":"Question Card"},{"floor":9,"key":"Meat on the Bone"},{"floor":21,"key":"Enchiridion"},{"floor":26,"key":"Toxic Egg 2"},{"floor":30,"key":"Pantograph"},{"floor":38,"key":"Bottled Tornado"},{"floor":41,"key":"Strawberry"},{"floor":43,"key":"Ornamental Fan"},{"floor":44,"key":"Juzu Bracelet"}],"event_choices":[{"damage_healed":0,"gold_gain":0,"player_choice":"Take Damage","damage_taken":26,"relics_obtained":["Golden Idol"],"max_hp_gain":0,"max_hp_loss":0,"event_name":"Golden Idol","floor":2,"gold_loss":0},{"damage_healed":0,"gold_gain":0,"player_choice":"Donut","damage_taken":0,"max_hp_gain":5,"max_hp_loss":0,"event_name":"Big Fish","floor":3,"gold_loss":0},{"damage_healed":0,"gold_gain":0,"player_choice":"Leave","damage_taken":0,"max_hp_gain":0,"max_hp_loss":0,"event_name":"The Cleric","floor":4,"gold_loss":0},{"cards_removed":["Strike_R"],"damage_healed":0,"gold_gain":0,"player_choice":"Purged","damage_taken":0,"max_hp_gain":0,"max_hp_loss":0,"event_name":"Purifier","floor":8,"gold_loss":0},{"damage_healed":0,"gold_gain":100,"player_choice":"Pray","damage_taken":0,"max_hp_gain":0,"max_hp_loss":0,"event_name":"Golden Shrine","floor":10,"gold_loss":0},{"damage_healed":0,"gold_gain":0,"player_choice":"Inject Mutagens","damage_taken":0,"relics_obtained":["MutagenicStrength"],"max_hp_gain":0,"max_hp_loss":0,"event_name":"Drug Dealer","floor":20,"gold_loss":0},{"damage_healed":0,"gold_gain":0,"player_choice":"Obtained Book","damage_taken":21,"max_hp_gain":0,"max_hp_loss":0,"event_name":"Cursed Tome","floor":21,"gold_loss":0},{"cards_removed":["Strike_R"],"damage_healed":0,"gold_gain":0,"player_choice":"Purged","damage_taken":0,"max_hp_gain":0,"max_hp_loss":0,"event_name":"Purifier","floor":24,"gold_loss":0},{"cards_removed":["Uppercut"],"damage_healed":0,"gold_gain":0,"player_choice":"Removed Attack","damage_taken":0,"max_hp_gain":0,"max_hp_loss":0,"event_name":"Falling","floor":36,"gold_loss":0},{"damage_healed":58,"gold_gain":0,"player_choice":"Heal","damage_taken":0,"max_hp_gain":0,"max_hp_loss":0,"event_name":"MindBloom","floor":46,"gold_loss":0,"cards_obtained":["Doubt"]}],"is_beta":false,"boss_relics":[{"not_picked":["Ectoplasm","Astrolabe"],"picked":"Cursed Key"},{"not_picked":["Black Star","Tiny House"],"picked":"Orrery"}],"items_purged_floors":[47],"is_endless":false,"potions_floor_spawned":[1,14,18,22,30,31,35,37,45],"ascension_level":19}