{"path_per_floor":["M","$","M","?","M","R","M","M","T","?","T","?","E","M","R","B",null,"M","?","?","?","M","R","T","R","T","R","$","M","M","M","R"],"character_chosen":"IRONCLAD","items_purchased":["Apotheosis","Shovel"],"gold_per_floor":[216,39,49,49,69,69,81,100,181,356,356,356,391,411,411,506,506,519,519,519,519,492,492,492,492,492,492,128,148,164,175,175],"floor_reached":33,"campfire_rested":0,"playtime":1622,"current_hp_per_floor":[80,80,80,64,69,69,74,76,76,76,76,73,76,70,70,15,80,73,73,73,58,63,71,71,79,79,85,85,84,75,79,85],"items_purged":["Doubt"],"gold":175,"score":259,"play_id":"75710f73-418f-488c-a5e0-0fd0636312dd","is_prod":false,"is_daily":false,"is_ascension_mode":true,"campfire_upgraded":2,"path_taken":["M","$","M","?","?","R","M","M","T","?","?","?","E","M","R","BOSS","M","?","?","?","?","R","?","R","T","R","$","M","M","M","R","BOSS"],"build_version":"2018-02-22-PROD2","purchased_purges":1,"victory":false,"master_deck":["Strike_R","Strike_R","Strike_R","Strike_R","Strike_R","Defend_R+1","Defend_R","Defend_R","Defend_R","Bash","Pommel Strike","Apotheosis+1","Armaments+1","Infernal Blade+1","Thunderclap","Seeing Red","Cleave","Armaments","Double Tap","Flex+1","Reaper","Infernal Blade","Twin Strike","Spot Weakness","Twin Strike","Shrug It Off+1"],"max_hp_per_floor":[80,80,80,80,80,80,80,80,80,80,80,80,80,80,80,80,80,80,80,80,85,85,85,85,85,85,85,85,85,85,85,85],"relics":["Burning Blood","Self Forming Clay","Girya","Mummified Hand","Lantern","Eternal Feather","Prayer Wheel","Orichalcum","Shovel","Shuriken"],"card_choices":[{"not_picked":["Corruption","Flame Barrier"],"picked":"Pommel Strike"},{"not_picked":["Anger","Clash"],"picked":"Armaments"},{"not_picked":["Second Wind","Clothesline"],"picked":"Infernal Blade"},{"not_picked":["Carnage","Armaments"],"picked":"Thunderclap"},{"not_picked":["Infernal Blade","Shrug It Off"],"picked":"Seeing Red"},{"not_picked":["Body Slam","Immolate"],"picked":"Cleave"},{"not_picked":["Headbutt","Heavy Blade"],"picked":"Armaments"},{"not_picked":["Immolate","Berserk"],"picked":"Double Tap"},{"not_picked":["Heavy Blade","Sword Boomerang"],"picked":"Flex"},{"not_picked":["Warcry","Clash"],"picked":"Infernal Blade"},{"not_picked":["Clothesline","Thunderclap"],"picked":"Twin Strike"},{"not_picked":["Anger","Dropkick"],"picked":"Spot Weakness"},{"not_picked":["Shockwave","Sword Boomerang"],"picked":"Twin Strike"},{"not_picked":["Thunderclap","Fire Breathing"],"picked":"Shrug It Off"}],"player_experience":129326,"potions_floor_usage":[8,13,16,16,22,33,33,33],"damage_taken":[{"damage":3,"enemies":"Small Slimes","floor":1,"turns":3},{"damage":6,"enemies":"Cultist","floor":3,"turns":3},{"damage":1,"enemies":"Jaw Worm","floor":5,"turns":4},{"damage":1,"enemies":"2 Fungi Beasts","floor":7,"turns":3},{"damage":4,"enemies":"Gremlin Gang","floor":8,"turns":5},{"damage":3,"enemies":"3 Sentries","floor":13,"turns":8},{"damage":12,"enemies":"Blue Slaver","floor":14,"turns":3},{"damage":76,"enemies":"Hexaghost","floor":16,"turns":12},{"damage":13,"enemies":"Spheric Guardian","floor":18,"turns":5},{"damage":7,"enemies":"2 Thieves","floor":22,"turns":5},{"damage":7,"enemies":"Chosen and Byrds","floor":29,"turns":4},{"damage":16,"enemies":"Sentry and Sphere","floor":30,"turns":5},{"damage":18,"enemies":"Centurion and Healer","floor":31,"turns":3},{"damage":106,"enemies":"Automaton","floor":33,"turns":10}],"event_choices":[{"event_name":"Shining Light","player_choice":"Entered Light","floor":4,"damage_taken":0},{"event_name":"Liars Game","player_choice":"agreed","floor":10,"damage_taken":0},{"event_name":"Scrap Ooze","player_choice":"success","floor":12,"damage_taken":3},{"event_name":"The Lab","player_choice":"Got Potions","floor":19,"damage_taken":0},{"event_name":"Match and Keep!","player_choice":"1 cards matched","floor":20,"damage_taken":0},{"event_name":"Forgotten Altar","player_choice":"Shed Blood","floor":21,"damage_taken":0}],"boss_relics":[{"not_picked":["Pandora\u0027s Box","Tiny House"],"picked":"Eternal Feather"}],"potions_floor_spawned":[3,5,8,14,22,29],"seed_played":"-1920504867598252108","killed_by":"Automaton","ascension_level":1,"is_trial":false}