{"gold_per_floor":[116,127,18,37,47,47,79,79,109,136,148,148,165,183,183,279,279,296,316,316],"floor_reached":20,"playtime":1779,"items_purged":["Strike_B"],"score":216,"play_id":"392bd6c6-a893-4897-b797-8e2849110fa5","local_time":"20190214134242","is_ascension_mode":true,"campfire_choices":[{"data":"Recycle","floor":6.0,"key":"SMITH"},{"data":"Coolheaded","floor":8.0,"key":"SMITH"},{"floor":12.0,"key":"REST"},{"data":"Coolheaded","floor":15.0,"key":"SMITH"}],"neow_cost":"NONE","seed_source_timestamp":7359584112000,"circlet_count":0,"master_deck":["Strike_B","Strike_B","Strike_B","Defend_B","Defend_B","Defend_B","Defend_B","Zap","Dualcast","Go for the Eyes","Recycle+1","Sunder","Coolheaded+1","Cold Snap","Go for the Eyes","Genetic Algorithm","Barrage","Coolheaded+1","Electrodynamics","Leap","Reinforced Body+1"],"special_seed":0,"relics":["Cracked Core","Art of War","Tiny Chest","Sundial","Inserter"],"potions_floor_usage":[20],"damage_taken":[{"damage":0.0,"enemies":"Cultist","floor":1.0,"turns":3.0},{"damage":0.0,"enemies":"Small Slimes","floor":2.0,"turns":2.0},{"damage":0.0,"enemies":"Jaw Worm","floor":4.0,"turns":3.0},{"damage":9.0,"enemies":"3 Louse","floor":5.0,"turns":2.0},{"damage":27.0,"enemies":"Gremlin Nob","floor":7.0,"turns":4.0},{"damage":18.0,"enemies":"3 Sentries","floor":10.0,"turns":7.0},{"damage":6.0,"enemies":"Looter","floor":11.0,"turns":4.0},{"damage":0.0,"enemies":"Large Slime","floor":13.0,"turns":6.0},{"damage":7.0,"enemies":"2 Fungi Beasts","floor":14.0,"turns":3.0},{"damage":8.0,"enemies":"The Guardian","floor":16.0,"turns":12.0},{"damage":29.0,"enemies":"2 Thieves","floor":18.0,"turns":4.0},{"damage":1,"enemies":"Chosen","floor":19,"turns":5},{"damage":49,"enemies":"Masked Bandits","floor":20,"turns":3}],"seed_played":"-7437966168351902777","potions_obtained":[{"floor":1.0,"key":"GamblersBrew"},{"floor":2.0,"key":"LiquidBronze"},{"floor":10.0,"key":"Dexterity Potion"},{"floor":14.0,"key":"FocusPotion"}],"is_trial":false,"path_per_floor":["M","M","$","M","M","R","E","R","T","E","M","R","M","M","R","B",null,"M","M","?"],"character_chosen":"DEFECT","items_purchased":["Sunder"],"campfire_rested":1,"item_purchase_floors":[3],"current_hp_per_floor":[75,75,75,75,66,66,39,39,39,21,15,37,37,30,30,22,75,46,45,0],"gold":316,"neow_bonus":"THREE_CARDS","is_prod":false,"is_daily":false,"chose_seed":false,"campfire_upgraded":3,"win_rate":0,"timestamp":1550148162,"path_taken":["M","M","?","M","M","R","E","R","T","E","?","R","M","M","R","BOSS","M","M","?"],"build_version":"2019-01-23","purchased_purges":1,"victory":false,"max_hp_per_floor":[75,75,75,75,75,75,75,75,75,75,75,75,75,75,75,75,75,75,75,75],"card_choices":[{"not_picked":["Streamline","Sweeping Beam"],"picked":"Go for the Eyes","floor":0.0},{"not_picked":["Static Discharge","Sweeping Beam","Barrage"],"picked":"SKIP","floor":1.0},{"not_picked":["Sweeping Beam","Rebound"],"picked":"Recycle","floor":2.0},{"not_picked":["Compile Driver","Hello World"],"picked":"Coolheaded","floor":4.0},{"not_picked":["Compile Driver","Blizzard"],"picked":"Cold Snap","floor":5.0},{"not_picked":["Rebound","Aggregate"],"picked":"Go for the Eyes","floor":7.0},{"not_picked":["Fission","Gash"],"picked":"Genetic Algorithm","floor":10.0},{"not_picked":["Gash","Barrage","Double Energy"],"picked":"SKIP","floor":11.0},{"not_picked":["Gash","Chill"],"picked":"Barrage","floor":13.0},{"not_picked":["Sweeping Beam","Steam Power"],"picked":"Coolheaded","floor":14.0},{"not_picked":["Seek","Amplify"],"picked":"Electrodynamics","floor":16.0},{"not_picked":["Stack+1","Coolheaded"],"picked":"Leap","floor":18},{"not_picked":["Hologram","Streamline"],"picked":"Reinforced Body+1","floor":19}],"player_experience":178760,"relics_obtained":[{"floor":7.0,"key":"Art of War"},{"floor":9.0,"key":"Tiny Chest"},{"floor":10.0,"key":"Sundial"}],"event_choices":[{"damage_healed":0,"gold_gain":0,"player_choice":"Fought Bandits","damage_taken":0,"max_hp_gain":0,"max_hp_loss":0,"event_name":"Masked Bandits","floor":20,"gold_loss":0}],"is_beta":false,"boss_relics":[{"not_picked":["Pandora\u0027s Box","Astrolabe"],"picked":"Inserter"}],"items_purged_floors":[3],"is_endless":false,"potions_floor_spawned":[1,2,10,14],"killed_by":"Masked Bandits","ascension_level":3}