{"gold_per_floor":[113,125,145,20,30,30,30,55,81,81,113,132,132,166,166,269,269,280,27,27,27,46,46,46],"floor_reached":24,"playtime":1052,"items_purged":["Strike_R","Strike_R"],"score":292,"play_id":"b90bb708-4881-4988-9df3-123bc0906f9b","local_time":"20190121220228","is_ascension_mode":true,"campfire_choices":[{"data":"Bash","floor":6,"key":"SMITH"},{"data":"Sword Boomerang","floor":10,"key":"SMITH"},{"data":"Iron Wave","floor":13,"key":"SMITH"},{"floor":15,"key":"REST"},{"floor":23,"key":"REST"}],"neow_cost":"NONE","seed_source_timestamp":333327930169389,"circlet_count":0,"master_deck":["Strike_R+1","Strike_R+1","Strike_R","Defend_R","Defend_R","Defend_R","Defend_R","Bash+1","Clothesline","Spot Weakness","Sword Boomerang+1","Thunderclap","Inflame","Inflame","Iron Wave+1","Sword Boomerang+1","Brutality","Iron Wave+1","Limit Break","Shrug It Off"],"relics":["Burning Blood","Regal Pillow","Ancient Tea Set","Whetstone","Bag of Marbles","Molten Egg 2","Lizard Tail"],"potions_floor_usage":[2,18,24],"damage_taken":[{"damage":1,"enemies":"Cultist","floor":1,"turns":4},{"damage":5,"enemies":"2 Louse","floor":2,"turns":4},{"damage":12,"enemies":"Jaw Worm","floor":3,"turns":2},{"damage":9,"enemies":"Looter","floor":5,"turns":4},{"damage":24,"enemies":"Gremlin Nob","floor":8,"turns":4},{"damage":20,"enemies":"3 Sentries","floor":11,"turns":4},{"damage":14,"enemies":"Exordium Thugs","floor":12,"turns":2},{"damage":30,"enemies":"Lagavulin","floor":14,"turns":9},{"damage":43,"enemies":"Hexaghost","floor":16,"turns":10},{"damage":11,"enemies":"Spheric Guardian","floor":18,"turns":3},{"damage":21,"enemies":"2 Thieves","floor":20,"turns":4},{"damage":28,"enemies":"Snecko","floor":22,"turns":5},{"damage":114,"enemies":"Gremlin Leader","floor":24,"turns":8}],"seed_played":"7432310399543676612","potions_obtained":[{"floor":2,"key":"Fruit Juice"},{"floor":3,"key":"Strength Potion"},{"floor":8,"key":"Fire Potion"},{"floor":14,"key":"Strength Potion"},{"floor":18,"key":"Ancient Potion"}],"is_trial":false,"path_per_floor":["M","M","M","$","M","R","$","E","T","R","E","M","R","E","R","B",null,"M","$","M","?","M","R","E"],"character_chosen":"IRONCLAD","items_purchased":["Thunderclap","Limit Break"],"campfire_rested":2,"item_purchase_floors":[4,19],"current_hp_per_floor":[77,83,77,77,74,74,74,56,56,56,42,34,34,10,50,13,67,62,62,47,47,25,65,0],"gold":46,"neow_bonus":"RANDOM_COMMON_RELIC","is_prod":false,"is_daily":false,"chose_seed":false,"campfire_upgraded":3,"win_rate":0,"timestamp":1548126148,"path_taken":["M","M","M","$","M","R","$","E","T","R","E","M","R","E","R","BOSS","M","$","?","?","M","R","E"],"build_version":"2019-01-17v2","purchased_purges":2,"victory":false,"max_hp_per_floor":[80,85,85,85,85,85,85,85,85,85,85,85,85,85,85,85,85,85,85,85,85,85,85,85],"card_choices":[{"not_picked":["True Grit","Sword Boomerang"],"picked":"Clothesline","floor":1},{"not_picked":["Combust","Warcry"],"picked":"Spot Weakness","floor":2},{"not_picked":["Inflame","Second Wind"],"picked":"Sword Boomerang","floor":3},{"not_picked":["Power Through","Shrug It Off"],"picked":"Inflame","floor":5},{"not_picked":["Flex","Corruption"],"picked":"Inflame","floor":8},{"not_picked":["Rage","Dropkick","Cleave"],"picked":"SKIP","floor":11},{"not_picked":["True Grit","Shockwave"],"picked":"Iron Wave","floor":12},{"not_picked":["Immolate","True Grit"],"picked":"Sword Boomerang","floor":14},{"not_picked":["Berserk","Fiend Fire+1"],"picked":"Brutality","floor":16},{"not_picked":["Thunderclap+1","Evolve"],"picked":"Iron Wave+1","floor":18},{"not_picked":["Pommel Strike+1","Searing Blow+1","Heavy Blade+1"],"picked":"SKIP","floor":20},{"not_picked":["Perfected Strike+1","Reckless Charge+1"],"picked":"Shrug It Off","floor":22}],"player_experience":382162,"relics_obtained":[{"floor":8,"key":"Ancient Tea Set"},{"floor":9,"key":"Whetstone"},{"floor":11,"key":"Bag of Marbles"},{"floor":14,"key":"Molten Egg 2"}],"event_choices":[],"is_beta":false,"boss_relics":[{"not_picked":["Runic Dome","Orrery"],"picked":"Lizard Tail"}],"items_purged_floors":[4,19],"is_endless":false,"potions_floor_spawned":[2,3,8,14,16,18,20,22],"killed_by":"Gremlin Leader","ascension_level":7}