{"gold_per_floor":[111,111,129,143,143,143,156,156,156,156,167,167,167,24,24,153,153,167,68,83,99,113,113,113,127,152,152,152,152,152,172,172,276,276,294,308,321,321,333,333,348,348,397,407,407],"floor_reached":45,"playtime":3651,"items_purged":["Normality"],"score":409,"play_id":"82ccd5c7-91ed-45d0-b7ed-91000c4fe164","local_time":"20190211215826","is_ascension_mode":false,"campfire_choices":[{"data":"Loop","floor":6,"key":"SMITH"},{"data":"Gash","floor":8,"key":"SMITH"},{"data":"Dualcast","floor":10,"key":"SMITH"},{"data":"Beam Cell","floor":15,"key":"SMITH"},{"floor":24,"key":"REST"},{"data":"Gash","floor":28,"key":"SMITH"},{"data":"Biased Cognition","floor":30,"key":"SMITH"},{"floor":32,"key":"REST"},{"floor":40,"key":"REST"},{"floor":42,"key":"REST"}],"neow_cost":"NONE","seed_source_timestamp":856993346370441,"circlet_count":0,"master_deck":["Strike_B","Strike_B","Strike_B","Defend_B","Defend_B","Defend_B","Defend_B","Zap","Dualcast+1","Gash+1","Ball Lightning","Loop+1","Coolheaded+1","Beam Cell+1","Biased Cognition+1","Parasite","Barrage+1","Conserve Battery+1","Defragment+1","Streamline+1","Barrage+1","Gash+1","Lockon","All For One","Streamline","Conserve Battery+1","Gash+1"],"relics":["Cracked Core","Omamori","Bag of Preparation","Bottled Flame","Bloody Idol","Strawberry","Calling Bell","Regal Pillow","Question Card","Calipers","War Paint","Lizard Tail","Ancient Tea Set"],"potions_floor_usage":[16,31,31,33,33,37,41,44,45],"damage_taken":[{"damage":7,"enemies":"Jaw Worm","floor":1,"turns":3},{"damage":0,"enemies":"Cultist","floor":3,"turns":2},{"damage":0,"enemies":"Small Slimes","floor":4,"turns":3},{"damage":4,"enemies":"2 Fungi Beasts","floor":7,"turns":4},{"damage":15,"enemies":"3 Louse","floor":11,"turns":3},{"damage":22,"enemies":"Slime Boss","floor":16,"turns":10},{"damage":3,"enemies":"Spheric Guardian","floor":18,"turns":3},{"damage":3,"enemies":"Chosen","floor":20,"turns":2},{"damage":22,"enemies":"Centurion and Healer","floor":21,"turns":5},{"damage":18,"enemies":"Snake Plant","floor":22,"turns":4},{"damage":8,"enemies":"Chosen and Byrds","floor":25,"turns":4},{"damage":20,"enemies":"Centurion and Healer","floor":31,"turns":4},{"damage":58,"enemies":"Automaton","floor":33,"turns":10},{"damage":41,"enemies":"3 Darklings","floor":35,"turns":5},{"damage":15,"enemies":"Orb Walker","floor":36,"turns":4},{"damage":45,"enemies":"3 Darklings","floor":37,"turns":8},{"damage":45,"enemies":"Spire Growth","floor":39,"turns":5},{"damage":20,"enemies":"Sphere and 2 Shapes","floor":41,"turns":4},{"damage":19,"enemies":"Jaw Worm Horde","floor":44,"turns":5},{"damage":68,"enemies":"Giant Head","floor":45,"turns":7}],"seed_played":"-6332802230129237153","potions_obtained":[{"floor":4,"key":"FearPotion"},{"floor":11,"key":"Fire Potion"},{"floor":18,"key":"FearPotion"},{"floor":25,"key":"AttackPotion"},{"floor":31,"key":"AttackPotion"},{"floor":33,"key":"Fire Potion"},{"floor":37,"key":"Energy Potion"},{"floor":39,"key":"PowerPotion"},{"floor":41,"key":"Dexterity Potion"}],"is_trial":false,"path_per_floor":["M","?","M","M","T","R","M","R","T","R","M","?","?","$","R","B",null,"M","$","M","M","M","?","R","M","T","?","R","?","R","M","R","B",null,"M","M","M","?","M","R","M","R","T","M","E"],"character_chosen":"DEFECT","items_purchased":["Strawberry","Conserve Battery"],"campfire_rested":4,"item_purchase_floors":[14,19],"current_hp_per_floor":[68,68,68,68,68,68,64,64,64,64,49,49,49,56,56,34,82,79,79,76,54,36,36,75,72,77,77,77,77,77,62,82,29,82,46,36,46,46,6,45,30,69,74,60,0],"gold":407,"neow_bonus":"RANDOM_COMMON_RELIC","is_prod":false,"is_daily":false,"chose_seed":false,"campfire_upgraded":6,"win_rate":0.0,"timestamp":1549922306,"path_taken":["M","?","M","M","?","R","M","R","T","R","?","?","?","$","R","BOSS","M","$","M","M","M","?","R","M","T","?","R","?","R","?","R","BOSS","M","M","M","?","?","R","M","R","T","M","E"],"build_version":"2019-01-23","purchased_purges":1,"victory":false,"max_hp_per_floor":[75,75,75,75,75,75,75,75,75,75,75,75,75,82,82,82,82,82,82,82,82,82,82,82,82,82,82,82,82,82,82,82,82,82,82,82,82,82,82,82,82,82,82,82,82],"card_choices":[{"not_picked":["Steam","Force Field"],"picked":"Gash","floor":1},{"not_picked":["Ball Lightning","Heatsinks"],"picked":"Loop","floor":3},{"not_picked":["Consume","Compile Driver","Turbo"],"picked":"SKIP","floor":4},{"not_picked":["Stack","Consume"],"picked":"Coolheaded","floor":7},{"not_picked":["Fusion","Turbo"],"picked":"Beam Cell","floor":11},{"not_picked":["Meteor Strike","Rainbow"],"picked":"Biased Cognition","floor":16},{"not_picked":["Darkness","Go for the Eyes","Stack"],"picked":"Barrage+1","floor":18},{"not_picked":["Self Repair","Turbo","Ball Lightning+1"],"picked":"Defragment+1","floor":20},{"not_picked":["Compile Driver","Beam Cell","Ball Lightning"],"picked":"Streamline+1","floor":21},{"not_picked":["Scrape","Hologram","Streamline"],"picked":"Barrage+1","floor":22},{"not_picked":["Go for the Eyes","Reprogram","Hello World","Sweeping Beam"],"picked":"SKIP","floor":25},{"not_picked":["Echo Form","Sweeping Beam","Stack"],"picked":"Lockon","floor":31},{"not_picked":["Seek","Multi-Cast","Machine Learning"],"picked":"All For One","floor":33},{"not_picked":["Hologram+1","Skim+1","Turbo+1"],"picked":"Streamline","floor":35},{"not_picked":["Auto Shields+1","Redo+1","Gash"],"picked":"Conserve Battery+1","floor":36},{"not_picked":["Rebound","Steam Power+1","Coolheaded","Thunder Strike"],"picked":"SKIP","floor":37},{"not_picked":["Hello World","Stack","Beam Cell+1"],"picked":"Gash+1","floor":39},{"not_picked":["Reprogram","Conserve Battery+1","Doom and Gloom","Static Discharge"],"picked":"SKIP","floor":41},{"not_picked":["Ball Lightning","Rebound+1","Cold Snap","Consume"],"picked":"SKIP","floor":44}],"player_experience":125167,"relics_obtained":[{"floor":5,"key":"Bag of Preparation"},{"floor":9,"key":"Bottled Flame"},{"floor":17,"key":"Regal Pillow"},{"floor":17,"key":"Question Card"},{"floor":17,"key":"Calipers"},{"floor":26,"key":"War Paint"},{"floor":43,"key":"Ancient Tea Set"}],"event_choices":[{"damage_healed":0,"gold_gain":0,"cards_transformed":["Strike_B"],"player_choice":"Change","damage_taken":0,"max_hp_gain":0,"max_hp_loss":0,"event_name":"Living Wall","floor":2,"gold_loss":0,"cards_obtained":["Ball Lightning"]},{"damage_healed":0,"gold_gain":0,"player_choice":"Ignored","damage_taken":0,"max_hp_gain":0,"max_hp_loss":0,"event_name":"Golden Wing","floor":12,"gold_loss":0},{"damage_healed":0,"gold_gain":0,"player_choice":"Take Wound","damage_taken":0,"relics_obtained":["Golden Idol"],"max_hp_gain":0,"max_hp_loss":0,"event_name":"Golden Idol","floor":13,"gold_loss":0,"cards_obtained":["Injury"]},{"damage_healed":0,"gold_gain":0,"player_choice":"Gave Idol","damage_taken":0,"relics_obtained":["Bloody Idol"],"max_hp_gain":0,"max_hp_loss":0,"event_name":"Forgotten Altar","floor":23,"relics_lost":["Golden Idol"],"gold_loss":0},{"damage_healed":0,"gold_gain":0,"player_choice":"Read","damage_taken":0,"max_hp_gain":0,"max_hp_loss":0,"event_name":"The Library","floor":27,"gold_loss":0,"cards_obtained":["Gash"]},{"damage_healed":0,"gold_gain":0,"player_choice":"Ignored","damage_taken":0,"max_hp_gain":0,"max_hp_loss":0,"event_name":"NoteForYourself","floor":29,"gold_loss":0},{"damage_healed":0,"gold_gain":0,"player_choice":"Ignored","damage_taken":0,"max_hp_gain":0,"max_hp_loss":0,"event_name":"SecretPortal","floor":38,"gold_loss":0}],"is_beta":false,"boss_relics":[{"not_picked":["Eternal Feather","Black Star"],"picked":"Calling Bell"},{"not_picked":["Runic Dome","FrozenCore"],"picked":"Lizard Tail"}],"items_purged_floors":[19],"is_endless":false,"potions_floor_spawned":[4,11,18,25,31,33,37,39,41],"killed_by":"Giant Head","ascension_level":0}