{"path_per_floor":["M","?","?","$","M","R","E","R","T","R","E","$","R","?","R","B",null,"M","M","$","?","$","R","M","M","T","?","R","M","E","M","R","B",null,"M","$","?","M","M","E","R","?","T","M","R","M","E","?","R","B"],"character_chosen":"IRONCLAD","items_purchased":["Singing Bowl","Perfected Strike","Perfected Strike","Shuriken"],"gold_per_floor":[112,112,287,19,31,31,63,63,87,87,121,79,79,138,138,239,239,239,209,15,15,15,15,15,15,15,15,15,15,15,15,15,15,15,15,15,15,15,15,15,15,15,15,15,15,15,15,15,15,15],"floor_reached":51,"campfire_rested":2,"playtime":2296,"current_hp_per_floor":[80,72,72,72,78,78,75,75,75,75,82,82,82,78,78,46,82,84,83,83,67,67,67,62,68,68,68,68,76,72,80,80,73,94,94,94,94,96,80,57,100,100,100,102,102,83,89,76,102,35],"items_purged":["Doubt"],"gold":15,"score":656,"play_id":"fa030279-9569-444e-b459-6cf0d9f7a3c5","local_time":"20180305194620","is_prod":false,"is_daily":false,"is_ascension_mode":false,"campfire_upgraded":9,"timestamp":1520275580,"path_taken":["M","?","?","$","M","R","E","R","T","R","E","$","R","?","R","BOSS","M","M","$","?","$","R","M","M","T","?","R","M","E","M","R","BOSS","M","$","?","M","M","E","R","?","T","M","R","M","E","?","R","BOSS"],"build_version":"2018-03-01-PROD1","purchased_purges":1,"victory":true,"master_deck":["Strike_R","Strike_R","Strike_R","Strike_R","Strike_R+1","Defend_R+1","Defend_R","Defend_R","Defend_R","Bash+1","Headbutt+1","Perfected Strike+1","Iron Wave+1","Metallicize+1","Perfected Strike+1","Shrug It Off+1","Double Tap+1","Metallicize+1","Seeing Red+1","Flex+1","Metallicize+1","Shockwave+1","Flex+1","Madness+1","Madness+1"],"max_hp_per_floor":[80,80,80,80,80,80,80,80,80,80,82,82,82,82,82,82,82,84,84,84,84,84,84,86,86,86,86,86,88,90,92,92,94,94,94,94,94,96,98,100,100,100,100,102,102,102,102,102,102,102],"relics":["Burning Blood","Singing Bowl","The Courier","Orichalcum","Regal Pillow","Toxic Egg 2","Ectoplasm","Shuriken","Nilry\u0027s Codex","Toolbox","Mercury Hourglass","Cursed Key","Ice Cream","Frozen Egg 2"],"card_choices":[{"not_picked":["Feel No Pain","Wild Strike"],"picked":"Headbutt"},{"not_picked":["Hemokinesis","Clothesline"],"picked":"Iron Wave"},{"not_picked":["Power Through","Impervious"],"picked":"Metallicize"},{"not_picked":["Heavy Blade","Havoc"],"picked":"Shrug It Off"},{"not_picked":["Reaper","Limit Break"],"picked":"Double Tap"},{"not_picked":["Sever Soul","Thunderclap"],"picked":"Metallicize"},{"not_picked":["Heavy Blade","Perfected Strike"],"picked":"Seeing Red"},{"not_picked":["Heavy Blade","Thunderclap"],"picked":"Flex"},{"not_picked":["Evolve","Ghostly Armor"],"picked":"Shockwave"},{"not_picked":["Combust","Iron Wave"],"picked":"Flex"}],"player_experience":218597,"potions_floor_usage":[7,14,19,30,33,33,40,44,50,50],"damage_taken":[{"damage":4,"enemies":"Small Slimes","floor":1,"turns":4},{"damage":0,"enemies":"Cultist","floor":5,"turns":2},{"damage":9,"enemies":"Gremlin Nob","floor":7,"turns":3},{"damage":0,"enemies":"3 Sentries","floor":11,"turns":7},{"damage":10,"enemies":"Lagavulin Event","floor":14,"turns":5},{"damage":38,"enemies":"The Guardian","floor":16,"turns":7},{"damage":0,"enemies":"Spheric Guardian","floor":18,"turns":1},{"damage":7,"enemies":"2 Thieves","floor":19,"turns":2},{"damage":13,"enemies":"Snake Plant","floor":24,"turns":4},{"damage":0,"enemies":"Centurion and Healer","floor":25,"turns":6},{"damage":0,"enemies":"3 Cultists","floor":29,"turns":5},{"damage":12,"enemies":"Book of Stabbing","floor":30,"turns":4},{"damage":0,"enemies":"Snecko","floor":31,"turns":2},{"damage":15,"enemies":"Champ","floor":33,"turns":9},{"damage":2,"enemies":"3 Darklings","floor":35,"turns":4},{"damage":3,"enemies":"3 Shapes","floor":38,"turns":9},{"damage":24,"enemies":"Sphere and 2 Shapes","floor":39,"turns":6},{"damage":40,"enemies":"2 Orb Walkers","floor":40,"turns":5},{"damage":3,"enemies":"4 Shapes","floor":44,"turns":5},{"damage":25,"enemies":"Maw","floor":46,"turns":6},{"damage":0,"enemies":"Giant Head","floor":47,"turns":7},{"damage":73,"enemies":"Awakened One","floor":50,"turns":10}],"event_choices":[{"event_name":"Wheel of Change","player_choice":"Damage","floor":2,"damage_taken":0},{"event_name":"Liars Game","player_choice":"agreed","floor":3,"damage_taken":0},{"event_name":"Dead Adventurer","player_choice":"Searched \u00271\u0027 times","floor":14,"damage_taken":0},{"event_name":"Cursed Tome","player_choice":"Obtained Book","floor":21,"damage_taken":0},{"event_name":"Drug Dealer","player_choice":"Ignored","floor":27,"damage_taken":0},{"event_name":"Accursed Blacksmith","player_choice":"Ignore","floor":37,"damage_taken":0},{"event_name":"Duplicator","player_choice":"One dupe","floor":42,"damage_taken":0},{"event_name":"Winding Halls","player_choice":"Embrace Madness","floor":48,"damage_taken":0}],"boss_relics":[{"not_picked":["Question Card","Snecko Eye"],"picked":"Ectoplasm"},{"not_picked":["Runic Dome","Tiny House"],"picked":"Cursed Key"}],"potions_floor_spawned":[1,7,14,16,19,30,31,35,40,47],"seed_played":"-33997445248824567","ascension_level":0,"is_trial":false}