{"gold_per_floor":[13,27,45,55,67,67,17,17,42,55,55,68,68,96,96,195,195,211,211,224,123,123,123,138,170,193,193,206,56,56,72,72,174,174,190,201,211,211,222,222,255,255,280,302,314,17,35,50,50,50],"floor_reached":51,"playtime":4559,"items_purged":["Slimebound:Strike_Slimebound","Slimebound:Defend_Slimebound","Slimebound:Defend_Slimebound"],"score":848,"play_id":"91956c8f-ba46-45b0-9641-bc16937dbcf0","local_time":"20190108154938","is_ascension_mode":true,"campfire_choices":[{"data":"Slimebound:Dissolve","floor":6.0,"key":"SMITH"},{"data":"Slimebound:PoisonLick","floor":8.0,"key":"SMITH"},{"data":"Slimebound:SpikyOuterGoop","floor":11.0,"key":"SMITH"},{"data":"Slimebound:RejuvenatingLick","floor":13.0,"key":"SMITH"},{"data":"Slimebound:DisruptingSlam","floor":15.0,"key":"SMITH"},{"data":"Slimebound:Recycling","floor":23.0,"key":"SMITH"},{"data":"Slimebound:Grow","floor":27.0,"key":"SMITH"},{"data":"Slimebound:Replication","floor":30.0,"key":"SMITH"},{"data":"Slimebound:SlimeSpikes","floor":32.0,"key":"SMITH"},{"data":"Slimebound:MassRepurpose","floor":40.0,"key":"SMITH"},{"data":"Slimebound:GoopTackle","floor":42.0,"key":"SMITH"},{"data":"Slimebound:AcidTongue","floor":45.0,"key":"SMITH"},{"data":"Slimebound:Gluttony","floor":49.0,"key":"SMITH"}],"neow_cost":"NO_GOLD","seed_source_timestamp":0,"circlet_count":0,"master_deck":["Slimebound:Defend_Slimebound","Slimebound:Defend_Slimebound","Slimebound:Split","Slimebound:CorrosiveSpit","Slimebound:RejuvenatingLick+1","Slimebound:PoisonLick+1","Slimebound:DisruptingSlam+1","Slimebound:Dissolve+1","Slimebound:SpikyOuterGoop+1","Slimebound:ItLooksTasty+1","Slimebound:SlimeTap","Slimebound:Recycling+1","Slimebound:Recollect","Slimebound:ItLooksTasty+1","Slimebound:Grow+1","Slimebound:Replication+1","Slimebound:FormABlockade+1","Slimebound:PoisonLick","Slimebound:MegaLick","Slimebound:AcidGelatin","Slimebound:SlimeSpikes+1","Slimebound:SlimeSpikes+1","Slimebound:MassRepurpose+1","Slimebound:FirmFortitude+1","Slimebound:RejuvenatingLick+1","Slimebound:GoopTackle+1","Slimebound:ItLooksTasty+1","Slimebound:SoulSicken+1","Slimebound:AcidTongue+1","Slimebound:Gluttony+1","Slimebound:SlimeSpikes+1","Slimebound:Replication+1"],"special_seed":0,"relics":["Slimebound:AbsorbEndCombatUpgraded","Bird Faced Urn","Centennial Puzzle","Vajra","Orrery","Happy Flower","Anchor","Nunchaku","MawBank","Whetstone"],"potions_floor_usage":[50,50],"damage_taken":[{"damage":15.0,"enemies":"Cultist","floor":1.0,"turns":5.0},{"damage":3.0,"enemies":"Small Slimes","floor":2.0,"turns":3.0},{"damage":2.0,"enemies":"Jaw Worm","floor":3.0,"turns":3.0},{"damage":16.0,"enemies":"Lots of Slimes","floor":4.0,"turns":6.0},{"damage":7.0,"enemies":"Gremlin Gang","floor":5.0,"turns":6.0},{"damage":6.0,"enemies":"Blue Slaver","floor":10.0,"turns":3.0},{"damage":9.0,"enemies":"Red Slaver","floor":12.0,"turns":4.0},{"damage":12.0,"enemies":"Gremlin Nob","floor":14.0,"turns":3.0},{"damage":27.0,"enemies":"The Guardian","floor":16.0,"turns":9.0},{"damage":40.0,"enemies":"2 Thieves","floor":18.0,"turns":4.0},{"damage":0.0,"enemies":"3 Byrds","floor":20.0,"turns":3.0},{"damage":22.0,"enemies":"Centurion and Healer","floor":24.0,"turns":3.0},{"damage":50.0,"enemies":"Gremlin Leader","floor":25.0,"turns":8.0},{"damage":10.0,"enemies":"Snecko","floor":28.0,"turns":4.0},{"damage":2.0,"enemies":"Cultist and Chosen","floor":31.0,"turns":3.0},{"damage":65.0,"enemies":"Automaton","floor":33.0,"turns":9.0},{"damage":12.0,"enemies":"3 Darklings","floor":35.0,"turns":4.0},{"damage":6.0,"enemies":"3 Shapes","floor":36.0,"turns":4.0},{"damage":21.0,"enemies":"Writhing Mass","floor":37.0,"turns":5.0},{"damage":37.0,"enemies":"Spire Growth","floor":39.0,"turns":4.0},{"damage":25.0,"enemies":"Giant Head","floor":41.0,"turns":6.0},{"damage":40.0,"enemies":"Maw","floor":44.0,"turns":6.0},{"damage":23.0,"enemies":"4 Shapes","floor":47.0,"turns":3.0},{"damage":19.0,"enemies":"Sphere and 2 Shapes","floor":48.0,"turns":3.0},{"damage":33,"enemies":"Donu and Deca","floor":50,"turns":7}],"seed_played":"4413118371789159998","potions_obtained":[{"floor":1.0,"key":"Slimebound:SpawnSlimePotion"},{"floor":4.0,"key":"Fire Potion"},{"floor":12.0,"key":"Swift Potion"},{"floor":14.0,"key":"Poison Potion"},{"floor":16.0,"key":"SkillPotion"},{"floor":20.0,"key":"PowerPotion"},{"floor":33.0,"key":"Poison Potion"},{"floor":36.0,"key":"Regen Potion"},{"floor":41.0,"key":"Slimebound:SlimedPotion"},{"floor":44.0,"key":"LiquidBronze"}],"is_trial":false,"path_per_floor":["M","M","M","M","M","R","?","R","T","M","R","M","R","E","R","B",null,"M","?","M","$","?","R","M","E","T","R","M","$","R","M","R","B",null,"M","M","M","?","M","R","E","R","T","M","R","$","M","M","R","B",null],"character_chosen":"SLIMEBOUND","items_purchased":["Slimebound:PoisonLick","Slimebound:SlimeSpikes","Slimebound:Gluttony","Whetstone"],"campfire_rested":0,"item_purchase_floors":[21,29,46,46],"current_hp_per_floor":[49,60,60,56,60,60,60,60,60,60,60,60,60,57,57,48,57,60,60,60,60,60,60,60,60,60,60,60,60,60,60,60,14,49,60,60,60,60,48,48,51,51,51,60,60,60,44,60,60,60],"gold":50,"neow_bonus":"ONE_RARE_RELIC","is_prod":false,"is_daily":false,"chose_seed":false,"campfire_upgraded":13,"win_rate":0,"timestamp":1546958978,"path_taken":["M","?","M","M","M","R","?","R","T","M","R","M","R","E","R","BOSS","M","?","?","$","?","R","?","E","T","R","M","$","R","M","R","BOSS","M","M","?","?","M","R","E","R","T","M","R","$","M","M","R","BOSS"],"build_version":"2019-01-03v4","purchased_purges":3,"victory":true,"max_hp_per_floor":[60,60,60,60,60,60,60,60,60,60,60,60,60,60,60,60,60,60,60,60,60,60,60,60,60,60,60,60,60,60,60,60,60,60,60,60,60,60,60,60,60,60,60,60,60,60,60,60,60,60],"card_choices":[{"not_picked":["Slimebound:LeechEnergy","Slimebound:RollThrough"],"picked":"Slimebound:RejuvenatingLick","floor":1.0},{"not_picked":["Slimebound:LeechEnergy","Slimebound:ItLooksTasty"],"picked":"Slimebound:PoisonLick","floor":2.0},{"not_picked":["Slimebound:SelfFormingGoo","Slimebound:LeechEnergy","Slimebound:GoopTackle"],"picked":"SKIP","floor":3.0},{"not_picked":["Slimebound:SplitBruiser","Slimebound:SplitLeeching"],"picked":"Slimebound:DisruptingSlam","floor":4.0},{"not_picked":["Slimebound:FirmFortitude","Slimebound:LevelUp"],"picked":"Slimebound:Dissolve","floor":5.0},{"not_picked":["Slimebound:FinishingTackle","Slimebound:LeadByExample"],"picked":"Slimebound:SpikyOuterGoop","floor":10.0},{"not_picked":["Slimebound:FormABlockade","Slimebound:MassFeed"],"picked":"Slimebound:ItLooksTasty","floor":12.0},{"not_picked":["Slimebound:LeadByExample","Slimebound:VenomTackle"],"picked":"Slimebound:SlimeTap","floor":14.0},{"not_picked":["Slimebound:PrepareCrush","Slimebound:Teamwork"],"picked":"Slimebound:Recycling","floor":16.0},{"not_picked":["Slimebound:SlimeTap","Slimebound:SlimeSpikes"],"picked":"Slimebound:Recollect","floor":17.0},{"not_picked":["Slimebound:FirmFortitude","Slimebound:SplitMire"],"picked":"Slimebound:ItLooksTasty","floor":17.0},{"not_picked":["Slimebound:DisruptingSlam","Slimebound:FirmFortitude"],"picked":"Slimebound:Grow","floor":17.0},{"not_picked":["Slimebound:SpikyOuterGoop","Slimebound:PressTheAttack"],"picked":"Slimebound:Replication","floor":17.0},{"not_picked":["Slimebound:FlameTackle+1","Slimebound:SlimeTap","Slimebound:DouseInSlime"],"picked":"SKIP","floor":18.0},{"not_picked":["Slimebound:SplitMire","Slimebound:RollThrough"],"picked":"Slimebound:FormABlockade+1","floor":20.0},{"not_picked":["Slimebound:Dissolve","Slimebound:LeadByExample","Slimebound:VenomTackle"],"picked":"SKIP","floor":24.0},{"not_picked":["Slimebound:PoisonLick","Slimebound:FirmFortitude+1"],"picked":"Slimebound:MegaLick","floor":25.0},{"not_picked":["Slimebound:Grow+1","Slimebound:FormABlockade"],"picked":"Slimebound:AcidGelatin","floor":28.0},{"not_picked":["Slimebound:RejuvenatingLick","Slimebound:ComboTackle+1"],"picked":"Slimebound:SlimeSpikes+1","floor":31.0},{"not_picked":["Slimebound:PrepareCrush","Slimebound:Teamwork"],"picked":"Slimebound:MassRepurpose","floor":33.0},{"not_picked":["Slimebound:ProtectTheBoss","Slimebound:SplitAcid"],"picked":"Slimebound:FirmFortitude+1","floor":35.0},{"not_picked":["Slimebound:PressTheAttack+1","Slimebound:StrayGoop"],"picked":"Slimebound:RejuvenatingLick+1","floor":36.0},{"not_picked":["Slimebound:FirmFortitude","Slimebound:LeadByExample+1","Slimebound:SplitMire"],"picked":"SKIP","floor":37.0},{"not_picked":["Slimebound:SplitLeeching+1","Slimebound:Grow"],"picked":"Slimebound:ItLooksTasty+1","floor":39.0},{"not_picked":["Slimebound:ProtectTheBoss","Slimebound:FlameTackle+1"],"picked":"Slimebound:SoulSicken+1","floor":41.0},{"not_picked":["Slimebound:PressTheAttack","Slimebound:LeechingTouch+1"],"picked":"Slimebound:AcidTongue","floor":44.0},{"not_picked":["Slimebound:RejuvenatingLick","Slimebound:ComboTackle"],"picked":"Slimebound:SlimeSpikes+1","floor":47.0},{"not_picked":["Slimebound:RejuvenatingLick+1","Slimebound:FirmFortitude+1"],"picked":"Slimebound:Replication+1","floor":48.0}],"player_experience":36498,"relics_obtained":[{"floor":9.0,"key":"Centennial Puzzle"},{"floor":14.0,"key":"Vajra"},{"floor":25.0,"key":"Happy Flower"},{"floor":26.0,"key":"Anchor"},{"floor":41.0,"key":"Nunchaku"},{"floor":43.0,"key":"MawBank"}],"event_choices":[{"cards_removed":["Slimebound:Strike_Slimebound"],"damage_healed":0.0,"max_hp_gain":0.0,"max_hp_loss":0.0,"gold_gain":0.0,"event_name":"The Cleric","player_choice":"Card Removal","floor":7.0,"gold_loss":50.0,"damage_taken":0.0},{"cards_removed":["Slimebound:Strike_Slimebound"],"damage_healed":0.0,"max_hp_gain":0.0,"max_hp_loss":0.0,"gold_gain":0.0,"event_name":"Purifier","player_choice":"Purged","floor":19.0,"gold_loss":0.0,"damage_taken":0.0},{"damage_healed":0.0,"max_hp_gain":0.0,"max_hp_loss":0.0,"gold_gain":0.0,"event_name":"The Woman in Blue","player_choice":"Bought 0 Potions","floor":22.0,"gold_loss":0.0,"damage_taken":0.0},{"damage_healed":0.0,"max_hp_gain":0.0,"max_hp_loss":0.0,"gold_gain":0.0,"cards_transformed":["Slimebound:Strike_Slimebound"],"event_name":"Transmorgrifier","player_choice":"Transformed","floor":38.0,"gold_loss":0.0,"damage_taken":0.0,"cards_obtained":["Slimebound:GoopTackle"]}],"is_beta":false,"boss_relics":[{"not_picked":["Velvet Choker","Busted Crown"],"picked":"Orrery"},{"not_picked":["Sozu","Snecko Eye"],"picked":"Slimebound:AbsorbEndCombatUpgraded"}],"items_purged_floors":[21,29,46],"is_endless":false,"potions_floor_spawned":[1,4,12,14,16,20,33,36,41,44,48],"ascension_level":5}