{"path_per_floor":["M","$","M","?","?","R","E","R","T","R","M","M","M","M","R","B",null,"M","M","?","$","M","R","E","R","T","?","R","M","E","?","R","B",null,"M","M","$","M","M","R","$","R","T","M","R","?","?","E","R"],"character_chosen":"IRONCLAD","items_purchased":["Dodecahedron","Dual Wield"],"gold_per_floor":[110,110,126,126,126,126,151,151,151,151,170,184,204,220,220,317,317,336,302,302,64,80,80,105,105,105,105,105,118,152,152,152,248,248,264,281,281,292,302,302,229,229,229,241,241,241,296,331,331],"floor_reached":50,"campfire_rested":4,"playtime":3833,"current_hp_per_floor":[80,80,80,73,73,73,66,66,66,66,71,69,75,80,80,59,80,80,70,70,70,75,75,66,66,66,50,74,80,80,65,85,44,85,85,85,85,85,61,85,85,85,85,85,85,85,68,74,85],"items_purged":[],"gold":331,"score":588,"play_id":"f4362bf0-a3cd-40c6-bc99-a0168af8bc60","is_prod":false,"is_daily":false,"is_ascension_mode":true,"campfire_upgraded":7,"path_taken":["M","$","M","?","?","R","E","R","T","R","M","?","M","M","R","BOSS","M","M","?","?","?","R","E","R","T","?","R","M","E","?","R","BOSS","M","M","$","M","M","R","$","R","T","M","R","?","?","E","R","BOSS"],"build_version":"2018-02-22-PROD2","purchased_purges":0,"victory":false,"master_deck":["Strike_R","Defend_R","Defend_R","Defend_R","Defend_R","Bash","Armaments+1","Armaments+1","Metallicize+1","Thunderclap","Shockwave","Flex","Body Slam+1","Iron Wave","Barricade+1","Shrug It Off","Flex","Entrench+1","Body Slam","Second Wind+1","Necronomicurse","Seeing Red+1","Flex","Impervious+1","Sword Boomerang+1","Berserk+1","Flex","Twin Strike+1","Heavy Blade+1","Cleave+1","Dual Wield","Entrench+1","Shrug It Off"],"max_hp_per_floor":[80,80,80,80,80,80,80,80,80,80,80,80,80,80,80,80,80,80,80,80,80,80,80,80,80,80,80,80,80,80,85,85,85,85,85,85,85,85,85,85,85,85,85,85,85,85,85,85,85],"relics":["Burning Blood","Gremlin Horn","Matryoshka","Toolbox","Ancient Tea Set","Sozu","Dodecahedron","Letter Opener","Bag of Marbles","Peace Pipe","Necronomicon","Orichalcum","Astrolabe","Charon\u0027s Ashes","Torii","Magic Flower"],"card_choices":[{"not_picked":["Warcry","Reckless Charge"],"picked":"Armaments"},{"not_picked":["Rage","Perfected Strike"],"picked":"Armaments"},{"not_picked":["Clothesline","Battle Trance"],"picked":"Metallicize"},{"not_picked":["Iron Wave","Combust"],"picked":"Thunderclap"},{"not_picked":["Brutality","Hemokinesis"],"picked":"Shockwave"},{"not_picked":["Ghostly Armor","Second Wind"],"picked":"Flex"},{"not_picked":["Twin Strike","Anger"],"picked":"Body Slam"},{"not_picked":["Reckless Charge","Rampage"],"picked":"Iron Wave"},{"not_picked":["Feed","Berserk"],"picked":"Barricade"},{"not_picked":["Pommel Strike","Burning Pact"],"picked":"Shrug It Off"},{"not_picked":["Sever Soul","Sword Boomerang"],"picked":"Flex"},{"not_picked":["Sword Boomerang","Armaments"],"picked":"Body Slam"},{"not_picked":["True Grit","Flame Barrier"],"picked":"Second Wind"},{"not_picked":["Twin Strike","True Grit"],"picked":"Seeing Red"},{"not_picked":["Reckless Charge","Whirlwind"],"picked":"Flex"},{"not_picked":["Offering","Fiend Fire"],"picked":"Impervious"},{"not_picked":["Heavy Blade","Clash"],"picked":"Flex"},{"not_picked":["Power Through","Clash"],"picked":"Twin Strike"},{"not_picked":["Fire Breathing","Seeing Red"],"picked":"Heavy Blade"},{"not_picked":["Perfected Strike","Sever Soul"],"picked":"Cleave"},{"not_picked":["Clash","Rupture"],"picked":"Entrench"},{"not_picked":["Rampage","Bludgeon"],"picked":"Shrug It Off"}],"player_experience":120122,"potions_floor_usage":[16,16,24],"damage_taken":[{"damage":1,"enemies":"Jaw Worm","floor":1,"turns":4},{"damage":5,"enemies":"Small Slimes","floor":3,"turns":4},{"damage":13,"enemies":"3 Sentries","floor":7,"turns":12},{"damage":1,"enemies":"Cultist","floor":11,"turns":3},{"damage":8,"enemies":"Exordium Thugs","floor":12,"turns":6},{"damage":0,"enemies":"3 Louse","floor":13,"turns":2},{"damage":0,"enemies":"Looter","floor":14,"turns":3},{"damage":27,"enemies":"Slime Boss","floor":16,"turns":12},{"damage":0,"enemies":"Spheric Guardian","floor":18,"turns":7},{"damage":16,"enemies":"2 Thieves","floor":19,"turns":5},{"damage":1,"enemies":"Centurion and Healer","floor":22,"turns":8},{"damage":15,"enemies":"Slavers","floor":24,"turns":6},{"damage":0,"enemies":"Sentry and Sphere","floor":29,"turns":7},{"damage":0,"enemies":"Gremlin Leader","floor":30,"turns":6},{"damage":47,"enemies":"Collector","floor":33,"turns":9},{"damage":4,"enemies":"Orb Walker","floor":35,"turns":3},{"damage":4,"enemies":"3 Darklings","floor":36,"turns":7},{"damage":0,"enemies":"Maw","floor":38,"turns":7},{"damage":30,"enemies":"4 Shapes","floor":39,"turns":8},{"damage":0,"enemies":"3 Darklings","floor":44,"turns":5},{"damage":23,"enemies":"Mysterious Sphere","floor":47,"turns":8},{"damage":0,"enemies":"Giant Head","floor":48,"turns":7},{"damage":99,"enemies":"Donu and Deca","floor":50,"turns":9}],"event_choices":[{"event_name":"Scrap Ooze","player_choice":"success","floor":4,"damage_taken":7},{"event_name":"Golden Wing","player_choice":"Ignored","floor":5,"damage_taken":0},{"event_name":"The Library","player_choice":"Read","floor":20,"damage_taken":0},{"event_name":"Cursed Tome","player_choice":"Obtained Book","floor":27,"damage_taken":0},{"event_name":"Forgotten Altar","player_choice":"Shed Blood","floor":31,"damage_taken":0},{"event_name":"Mysterious Sphere","player_choice":"Fight","floor":47,"damage_taken":0}],"boss_relics":[{"not_picked":["Calling Bell","Pandora\u0027s Box"],"picked":"Sozu"},{"not_picked":["Philosopher\u0027s Stone","Runic Cube"],"picked":"Astrolabe"}],"potions_floor_spawned":[1,12,16,18,19,29,33,38,44,47,48],"seed_played":"-9167967453912159953","killed_by":"Donu and Deca","ascension_level":1,"is_trial":false}