{"gold_per_floor":[12,27,27,27,27,67,88,119,119,153,167,19,19,57,57,186,186,202,220,235,135,135,135,167,167,167,197,197,226,226,237,237,339,339,349,402,203,203,203,233,233,244,320,338,370,77,105,122,122,122],"floor_reached":51,"playtime":5319,"items_purged":["Strike_G","Defend_G","Strike_G","Strike_G"],"score":928,"play_id":"5b0aa12c-66e2-4f67-94ae-42d02f185e62","local_time":"20190128213150","is_ascension_mode":true,"campfire_choices":[{"floor":13.0,"key":"REST"},{"floor":15.0,"key":"REST"},{"floor":23.0,"key":"REST"},{"floor":25.0,"key":"REST"},{"data":"Well Laid Plans","floor":30.0,"key":"SMITH"},{"data":"Neutralize","floor":32.0,"key":"SMITH"},{"data":"Noxious Fumes","floor":41,"key":"SMITH"},{"floor":49,"key":"REST"}],"neow_cost":"NO_GOLD","seed_source_timestamp":0,"circlet_count":0,"master_deck":["Defend_G","Defend_G+1","Defend_G","Survivor+1","Neutralize+1","Backstab","Deadly Poison+1","Blade Dance+1","Well Laid Plans+1","Prepared+1","Backflip+1","Outmaneuver+1","Catalyst+1","Accuracy","Corpse Explosion+1","Noxious Fumes+1","Flying Knee+1","Catalyst+1","PiercingWail+1","Deadly Poison+1","Burst+1","Backflip+1","Malaise+1","Outmaneuver+1","Blur+1","Acrobatics+1","Catalyst+1","Calculated Gamble+1","Secret Technique+1","Night Terror+1","Crippling Poison+1","Tactician+1","Bane+1"],"special_seed":0,"relics":["Ring of the Serpent","Bloody Idol","Toxic Egg 2","Du-Vu Doll","Gambling Chip","WingedGreaves","Calipers","Paper Crane","Bronze Scales","Ornamental Fan","War Paint","Orrery","Tingsha","PreservedInsect","Singing Bowl","Pocketwatch","Oddly Smooth Stone","Smiling Mask"],"potions_floor_usage":[36,47,47,50],"damage_taken":[{"damage":4.0,"enemies":"Small Slimes","floor":1.0,"turns":5.0},{"damage":0.0,"enemies":"2 Louse","floor":2.0,"turns":2.0},{"damage":9.0,"enemies":"Lagavulin","floor":6.0,"turns":6.0},{"damage":0.0,"enemies":"Jaw Worm","floor":7.0,"turns":2.0},{"damage":15.0,"enemies":"3 Sentries","floor":8.0,"turns":11.0},{"damage":4.0,"enemies":"Gremlin Nob","floor":10.0,"turns":3.0},{"damage":1.0,"enemies":"2 Fungi Beasts","floor":11.0,"turns":3.0},{"damage":19.0,"enemies":"3 Sentries","floor":14.0,"turns":8.0},{"damage":17.0,"enemies":"Hexaghost","floor":16.0,"turns":7.0},{"damage":10.0,"enemies":"Spheric Guardian","floor":18.0,"turns":4.0},{"damage":22.0,"enemies":"2 Thieves","floor":19.0,"turns":2.0},{"damage":13.0,"enemies":"Chosen and Byrds","floor":20.0,"turns":3.0},{"damage":8.0,"enemies":"Book of Stabbing","floor":24.0,"turns":3.0},{"damage":19.0,"enemies":"Gremlin Leader","floor":27.0,"turns":4.0},{"damage":3.0,"enemies":"Slavers","floor":29.0,"turns":2.0},{"damage":9.0,"enemies":"Shelled Parasite and Fungi","floor":31.0,"turns":4.0},{"damage":26.0,"enemies":"Automaton","floor":33.0,"turns":7.0},{"damage":0.0,"enemies":"Orb Walker","floor":35.0,"turns":3.0},{"damage":19,"enemies":"2 Orb Walkers","floor":36,"turns":3},{"damage":0,"enemies":"Giant Head","floor":40,"turns":2},{"damage":0,"enemies":"3 Shapes","floor":42,"turns":2},{"damage":2,"enemies":"Writhing Mass","floor":44,"turns":4},{"damage":0,"enemies":"Nemesis","floor":45,"turns":3},{"damage":14,"enemies":"Reptomancer","floor":47,"turns":4},{"damage":15,"enemies":"Jaw Worm Horde","floor":48,"turns":3},{"damage":1,"enemies":"Time Eater","floor":50,"turns":5}],"seed_played":"-7548169605531419751","potions_obtained":[{"floor":1.0,"key":"AttackPotion"},{"floor":14.0,"key":"LiquidBronze"},{"floor":19.0,"key":"PowerPotion"},{"floor":20.0,"key":"Dexterity Potion"},{"floor":27.0,"key":"FearPotion"},{"floor":33.0,"key":"Block Potion"},{"floor":35.0,"key":"SkillPotion"},{"floor":36,"key":"Strength Potion"},{"floor":44,"key":"SkillPotion"},{"floor":48,"key":"Regen Potion"}],"is_trial":false,"path_per_floor":["?","?","?","$","?","?","?","?","?","M","M","$"],"character_chosen":"THE_SILENT","items_purchased":["Catalyst+1","Calculated Gamble+1","Oddly Smooth Stone"],"campfire_rested":5,"item_purchase_floors":[12,37,46],"current_hp_per_floor":[66,66,49,54,54,45,45,30,30,26,25,25,47,28,50,33,75,65,43,30,30,30,52,49,71,71,57,57,59,59,55,55,34,75,75,61,61,56,56,61,61,66,71,74,77,77,68,60,79,78],"gold":122,"neow_bonus":"REMOVE_TWO","is_prod":false,"is_daily":false,"chose_seed":false,"campfire_upgraded":3,"win_rate":0,"timestamp":1548678710,"path_taken":["M","M","?","?","?","E","M","E","T","E","M","?","R","E","R","BOSS","M","M","M","$","?","R","E","R","T","E","?","E","R","M","R","BOSS","M","?","$","?","?","E","R","?","T","?","E","?","E","M","R","BOSS"],"build_version":"2019-01-23","purchased_purges":4,"victory":true,"max_hp_per_floor":[70,70,70,75,75,75,75,75,75,75,75,75,75,75,75,75,75,75,75,75,75,75,75,75,75,75,75,75,75,75,75,75,75,75,75,75,75,75,75,75,75,75,75,75,77,77,77,79,79,79],"card_choices":[{"not_picked":["Endless Agony","Poisoned Stab"],"picked":"Backstab","floor":1.0},{"not_picked":["Slice","Calculated Gamble"],"picked":"Deadly Poison","floor":2.0},{"not_picked":["Dash","Expertise"],"picked":"Blade Dance","floor":6.0},{"not_picked":["Caltrops","Cloak And Dagger+1"],"picked":"Well Laid Plans","floor":7.0},{"not_picked":["Expertise+1","Underhanded Strike"],"picked":"Prepared+1","floor":8.0},{"not_picked":["Reflex+1","Footwork"],"picked":"Backflip+1","floor":10.0},{"not_picked":["Dagger Throw","Bullet Time+1"],"picked":"Outmaneuver+1","floor":11.0},{"not_picked":["Dodge and Roll+1","Acrobatics+1"],"picked":"Accuracy","floor":14.0},{"not_picked":["Die Die Die","Unload"],"picked":"Corpse Explosion+1","floor":16.0},{"not_picked":["Blade Dance+1","Sucker Punch+1"],"picked":"Noxious Fumes","floor":18.0},{"not_picked":["Underhanded Strike","Bane"],"picked":"Flying Knee+1","floor":19.0},{"not_picked":["Distraction+1","Predator"],"picked":"Catalyst+1","floor":20.0},{"not_picked":["Choke","Slice"],"picked":"PiercingWail+1","floor":24.0},{"not_picked":["Bane","Poisoned Stab"],"picked":"Deadly Poison+1","floor":27.0},{"not_picked":["Underhanded Strike","Acrobatics+1"],"picked":"Burst+1","floor":29.0},{"not_picked":["Underhanded Strike","PiercingWail+1"],"picked":"Backflip+1","floor":31.0},{"not_picked":["Envenom","Corpse Explosion+1"],"picked":"Malaise+1","floor":33.0},{"not_picked":["Quick Slash+1","Bane"],"picked":"Outmaneuver+1","floor":34.0},{"not_picked":["Skewer","Dash"],"picked":"Blur+1","floor":34.0},{"not_picked":["Dodge and Roll+1","Poisoned Stab"],"picked":"Acrobatics+1","floor":34.0},{"not_picked":["Slice+1","Predator"],"picked":"Catalyst+1","floor":35.0},{"not_picked":["Thinking Ahead+1","Flash of Steel"],"picked":"Secret Technique+1","floor":38},{"not_picked":["Bouncing Flask+1","Malaise+1"],"picked":"Crippling Poison+1","floor":40},{"not_picked":["Deflect+1","Outmaneuver+1","Flechettes+1"],"picked":"SKIP","floor":42},{"not_picked":["Choke","Dagger Spray"],"picked":"Tactician+1","floor":44},{"not_picked":["Blade Dance+1","Flying Knee+1","Riddle With Holes"],"picked":"Singing Bowl","floor":45},{"not_picked":["Skewer","A Thousand Cuts"],"picked":"Bane+1","floor":47},{"not_picked":["Quick Slash+1","Noxious Fumes","Cloak And Dagger+1"],"picked":"Singing Bowl","floor":48}],"player_experience":77067,"relics_obtained":[{"floor":6.0,"key":"Toxic Egg 2"},{"floor":8.0,"key":"Du-Vu Doll"},{"floor":9.0,"key":"Gambling Chip"},{"floor":10.0,"key":"WingedGreaves"},{"floor":14.0,"key":"Calipers"},{"floor":24.0,"key":"Paper Crane"},{"floor":26.0,"key":"Bronze Scales"},{"floor":27.0,"key":"Ornamental Fan"},{"floor":29.0,"key":"War Paint"},{"floor":36,"key":"Tingsha"},{"floor":40,"key":"PreservedInsect"},{"floor":43,"key":"Singing Bowl"},{"floor":45,"key":"Pocketwatch"},{"floor":47,"key":"Smiling Mask"}],"event_choices":[{"damage_healed":0.0,"max_hp_gain":0.0,"max_hp_loss":0.0,"gold_gain":0.0,"event_name":"Golden Idol","player_choice":"Take Damage","floor":3.0,"gold_loss":0.0,"damage_taken":17.0,"relics_obtained":["Golden Idol"]},{"damage_healed":0.0,"max_hp_gain":5.0,"max_hp_loss":0.0,"gold_gain":0.0,"event_name":"Big Fish","player_choice":"Donut","floor":4.0,"gold_loss":0.0,"damage_taken":0.0},{"damage_healed":0.0,"max_hp_gain":0.0,"max_hp_loss":0.0,"gold_gain":0.0,"event_name":"Living Wall","player_choice":"Grow","floor":5.0,"gold_loss":0.0,"damage_taken":0.0,"cards_upgraded":["Deadly Poison"]},{"damage_healed":0.0,"max_hp_gain":0.0,"max_hp_loss":0.0,"gold_gain":0.0,"event_name":"Forgotten Altar","player_choice":"Gave Idol","floor":22.0,"relics_lost":["Golden Idol"],"gold_loss":0.0,"damage_taken":0.0,"relics_obtained":["Bloody Idol"]},{"damage_healed":0.0,"max_hp_gain":0.0,"max_hp_loss":0.0,"gold_gain":0.0,"event_name":"Ghosts","player_choice":"Ignored","floor":28.0,"gold_loss":0.0,"damage_taken":0.0},{"damage_healed":0,"gold_gain":0,"player_choice":"Fight","damage_taken":0,"max_hp_gain":0,"max_hp_loss":0,"event_name":"Mysterious Sphere","floor":36,"gold_loss":0},{"damage_healed":0,"gold_gain":0,"player_choice":"Memory 2","damage_taken":5,"max_hp_gain":0,"max_hp_loss":0,"event_name":"SensoryStone","floor":38,"gold_loss":0},{"damage_healed":0,"gold_gain":0,"cards_transformed":["Strike_G"],"player_choice":"Transformed","damage_taken":0,"max_hp_gain":0,"max_hp_loss":0,"event_name":"Transmorgrifier","floor":39,"gold_loss":0,"cards_obtained":["Night Terror"]}],"is_beta":false,"boss_relics":[{"not_picked":["Eternal Feather","White Beast Statue"],"picked":"Ring of the Serpent"},{"not_picked":["Lizard Tail","Runic Dome"],"picked":"Orrery"}],"items_purged_floors":[12,21,37,46],"is_endless":false,"potions_floor_spawned":[1,14,19,20,27,33,35,36,44,48],"ascension_level":2}