{"path_per_floor":["M","M","?","?","$","E","R","?","T","E","M","E","R","M","R","B",null,"M","?","?","M","?","R","T","R","T","R","M","E","M","?","R"],"character_chosen":"IRONCLAD","items_purchased":["Dual Wield"],"gold_per_floor":[110,130,305,305,191,216,216,239,239,268,284,314,314,333,333,429,429,444,444,444,454,379,379,379,379,403,403,415,445,457,547,547],"floor_reached":33,"campfire_rested":1,"playtime":1073,"current_hp_per_floor":[80,80,80,80,80,80,80,80,90,66,74,47,47,43,43,43,90,89,96,96,96,96,96,96,96,96,96,89,75,77,61,90],"items_purged":["Doubt"],"gold":547,"score":362,"play_id":"c9e03431-1bea-45d7-9616-fcf182e572b3","is_prod":false,"is_daily":false,"is_ascension_mode":true,"campfire_upgraded":6,"path_taken":["M","M","?","?","$","E","R","?","T","E","M","E","R","M","R","BOSS","M","?","?","M","?","R","?","R","T","R","M","E","M","?","R","BOSS"],"build_version":"2018-02-22-PROD2","purchased_purges":1,"victory":false,"master_deck":["Strike_R","Strike_R","Strike_R","Strike_R","Strike_R","Defend_R","Defend_R","Defend_R","Defend_R","Bash","Clash+1","Perfected Strike+1","Dual Wield+1","Thunderclap","Offering","Pommel Strike+1","Searing Blow+3"],"max_hp_per_floor":[80,80,80,80,80,80,80,80,90,90,90,90,90,90,90,90,90,90,97,97,97,97,97,97,97,97,97,97,97,97,97,97],"relics":["Black Blood","Blood Vial","Odd Mushroom","Pear","Happy Flower","Paper Frog","Strawberry","Nloth\u0027s Gift","Du-Vu Doll","Oddly Smooth Stone","Juzu Bracelet"],"card_choices":[{"not_picked":["Ghostly Armor","Rupture"],"picked":"Clash"},{"not_picked":["Blood for Blood","Power Through"],"picked":"Perfected Strike"},{"not_picked":["Burning Pact","Infernal Blade"],"picked":"Thunderclap"},{"not_picked":["Battle Trance","Inflame"],"picked":"Offering"},{"not_picked":["Iron Wave","Havoc"],"picked":"Pommel Strike"},{"not_picked":["Metallicize","Shrug It Off"],"picked":"Searing Blow"}],"player_experience":145576,"potions_floor_usage":[8,8,16,16,28,33,33],"damage_taken":[{"damage":0,"enemies":"Small Slimes","floor":1,"turns":1},{"damage":0,"enemies":"Jaw Worm","floor":2,"turns":1},{"damage":0,"enemies":"Gremlin Nob","floor":6,"turns":1},{"damage":6,"enemies":"The Mushroom Lair","floor":8,"turns":2},{"damage":30,"enemies":"3 Sentries","floor":10,"turns":7},{"damage":0,"enemies":"2 Louse","floor":11,"turns":1},{"damage":35,"enemies":"Lagavulin","floor":12,"turns":4},{"damage":12,"enemies":"Exordium Thugs","floor":14,"turns":3},{"damage":23,"enemies":"Slime Boss","floor":16,"turns":7},{"damage":11,"enemies":"Chosen","floor":18,"turns":2},{"damage":11,"enemies":"2 Thieves","floor":21,"turns":2},{"damage":18,"enemies":"Snecko","floor":28,"turns":4},{"damage":26,"enemies":"Slavers","floor":29,"turns":3},{"damage":10,"enemies":"3 Cultists","floor":30,"turns":3},{"damage":112,"enemies":"Collector","floor":33,"turns":6}],"event_choices":[{"event_name":"Liars Game","player_choice":"agreed","floor":3,"damage_taken":0},{"event_name":"The Lab","player_choice":"Got Potions","floor":4,"damage_taken":0},{"event_name":"Mushrooms","player_choice":"Fought Mushrooms","floor":8,"damage_taken":0},{"event_name":"The Mausoleum","player_choice":"Yes","floor":19,"damage_taken":0},{"event_name":"N\u0027loth","player_choice":"Traded a NeowsBlessing","floor":20,"damage_taken":0},{"event_name":"Beggar","player_choice":"Gave Gold","floor":22,"damage_taken":0},{"event_name":"Knowing Skull","player_choice":"GOLD ","floor":31,"damage_taken":0}],"boss_relics":[{"not_picked":["White Beast Statue","Runic Cube"],"picked":"Black Blood"}],"potions_floor_spawned":[6,11,12,14,18,21],"seed_played":"-103863478088048002","killed_by":"Collector","ascension_level":2,"is_trial":false}