{"gold_per_floor":[115,131,143,143,143,143,171,171,216,216,216,259,271,2,2,75,75,95,68,85,98,114,114,114],"floor_reached":24,"playtime":1001,"items_purged":[],"score":412,"play_id":"26f4e196-04b5-4eb9-bff7-caa6c707f472","local_time":"20181115135157","is_ascension_mode":true,"campfire_choices":[{"data":"Perfected Strike","floor":6.0,"key":"SMITH"},{"data":"Bash","floor":8.0,"key":"SMITH"},{"floor":10.0,"key":"REST"},{"data":"Shrug It Off","floor":15.0,"key":"SMITH"},{"data":"Barricade","floor":23,"key":"SMITH"}],"neow_cost":"NONE","seed_source_timestamp":0,"circlet_count":0,"master_deck":["AscendersBane","Strike_R","Strike_R","Strike_R","Strike_R","Strike_R","Defend_R","Defend_R","Defend_R","Defend_R","Bash+1","Perfected Strike+1","Shrug It Off","Impervious","Shrug It Off+1","Iron Wave","Barricade+1","True Grit","Metallicize","Flame Barrier+1"],"special_seed":0,"relics":["Burning Blood","Blood Vial","WingedGreaves","Red Skull","MawBank","Potion Belt","Oddly Smooth Stone","Velvet Choker"],"potions_floor_usage":[16,16,24],"damage_taken":[{"damage":17.0,"enemies":"Small Slimes","floor":1.0,"turns":4.0},{"damage":7.0,"enemies":"2 Louse","floor":2.0,"turns":4.0},{"damage":2.0,"enemies":"Cultist","floor":3.0,"turns":4.0},{"damage":35.0,"enemies":"Lagavulin","floor":7.0,"turns":6.0},{"damage":32.0,"enemies":"Gremlin Nob","floor":12.0,"turns":4.0},{"damage":19,"enemies":"Hexaghost","floor":16,"turns":9},{"damage":0,"enemies":"Chosen","floor":18,"turns":5},{"damage":3,"enemies":"2 Thieves","floor":19,"turns":4},{"damage":22,"enemies":"Snecko","floor":20,"turns":9},{"damage":36,"enemies":"Shelled Parasite and Fungi","floor":21,"turns":10},{"damage":11,"enemies":"Sentry and Sphere","floor":22,"turns":9},{"damage":44,"enemies":"Gremlin Leader","floor":24,"turns":15}],"seed_played":"8824962107059076166","potions_obtained":[{"floor":0.0,"key":"Poison Potion"},{"floor":0.0,"key":"Fruit Juice"},{"floor":1.0,"key":"LiquidBronze"},{"floor":12.0,"key":"LiquidBronze"},{"floor":16,"key":"GamblersBrew"},{"floor":20,"key":"Poison Potion"}],"is_trial":false,"path_per_floor":["M","M","M","?","?","R","E","R","T","R","?","E","?","$","R","B",null,"M","M","M","M","M","R","E"],"character_chosen":"IRONCLAD","items_purchased":["Oddly Smooth Stone","Shrug It Off","Iron Wave"],"campfire_rested":1,"item_purchase_floors":[14,14,14],"current_hp_per_floor":[62,61,65,60,60,60,33,33,33,57,57,33,38,38,38,27,71,79,84,69,41,38,38,0],"gold":114,"neow_bonus":"THREE_SMALL_POTIONS","is_prod":false,"is_daily":false,"chose_seed":false,"campfire_upgraded":4,"win_rate":0,"timestamp":1542286317,"path_taken":["M","M","M","?","?","R","E","R","T","R","?","E","?","?","R","BOSS","M","M","M","?","?","R","E"],"build_version":"2018-11-08","purchased_purges":0,"victory":false,"max_hp_per_floor":[80,80,80,80,80,80,80,80,80,80,80,80,85,85,85,85,85,85,85,85,85,85,85,85],"card_choices":[{"not_picked":["Warcry","Heavy Blade","Clash"],"picked":"SKIP","floor":1.0},{"not_picked":["Hemokinesis","Iron Wave"],"picked":"Perfected Strike","floor":2.0},{"not_picked":["Sentinel","Blood for Blood","Combust"],"picked":"SKIP","floor":3.0},{"not_picked":["Intimidate","Clash"],"picked":"Shrug It Off","floor":7.0},{"not_picked":["Bloodletting","Iron Wave"],"picked":"Impervious","floor":12.0},{"not_picked":["Demon Form","Feed"],"picked":"Barricade","floor":16},{"not_picked":["Burning Pact","Havoc"],"picked":"True Grit","floor":18},{"not_picked":["Searing Blow","Perfected Strike"],"picked":"Metallicize","floor":19},{"not_picked":["Havoc","Carnage","Wild Strike+1"],"picked":"SKIP","floor":20},{"not_picked":["Carnage","Warcry","True Grit"],"picked":"SKIP","floor":21},{"not_picked":["Havoc","Thunderclap"],"picked":"Flame Barrier+1","floor":22}],"player_experience":1706667,"relics_obtained":[{"floor":7.0,"key":"WingedGreaves"},{"floor":9.0,"key":"Red Skull"},{"floor":12.0,"key":"Potion Belt"}],"event_choices":[{"damage_healed":0.0,"max_hp_gain":0.0,"max_hp_loss":0.0,"gold_gain":0.0,"event_name":"Scrap Ooze","player_choice":"Success","floor":4.0,"gold_loss":0.0,"damage_taken":5.0,"relics_obtained":["Blood Vial"]},{"damage_healed":0.0,"max_hp_gain":0.0,"max_hp_loss":0.0,"gold_gain":0.0,"event_name":"Liars Game","player_choice":"Ignored","floor":5.0,"gold_loss":0.0,"damage_taken":0.0},{"damage_healed":0.0,"max_hp_gain":0.0,"max_hp_loss":0.0,"gold_gain":0.0,"event_name":"Dead Adventurer","player_choice":"Searched \u00271\u0027 times","floor":11.0,"gold_loss":0.0,"damage_taken":0.0,"relics_obtained":["MawBank"]},{"damage_healed":0.0,"max_hp_gain":5.0,"max_hp_loss":0.0,"gold_gain":0.0,"event_name":"Big Fish","player_choice":"Donut","floor":13.0,"gold_loss":0.0,"damage_taken":0.0}],"is_beta":false,"boss_relics":[{"not_picked":["Lizard Tail","Eternal Feather"],"picked":"Velvet Choker"}],"items_purged_floors":[],"is_endless":false,"potions_floor_spawned":[1,12,16,20],"killed_by":"Gremlin Leader","ascension_level":20}