{"gold_per_floor":[110,130,83,93,106,132,132,79,79,94,94,94,123,135,135,206,206,220,230,230,247,261,261,286,286],"floor_reached":25,"playtime":883,"items_purged":[],"score":411,"play_id":"b0daeacd-aa0e-4d80-9efb-ad5461e2d588","local_time":"20180717154450","is_ascension_mode":true,"campfire_choices":[{"data":"Armaments","floor":7,"key":"SMITH"},{"data":"Sword Boomerang","floor":12,"key":"SMITH"},{"data":"Spot Weakness","floor":15,"key":"SMITH"},{"data":"Whirlwind","floor":23,"key":"SMITH"}],"neow_cost":"NONE","seed_source_timestamp":0,"circlet_count":0,"master_deck":["Strike_R","Strike_R","Strike_R","Strike_R","Strike_R","Defend_R","Defend_R","Defend_R","Defend_R","Bash+1","AscendersBane","Twin Strike","Headbutt","True Grit","Armaments+1","Spot Weakness+1","Shrug It Off","Sword Boomerang+1","Offering","Clothesline","Offering","Pummel","True Grit","Shrug It Off","Flame Barrier","Whirlwind+1","Headbutt","Reaper"],"special_seed":17729,"relics":["Burning Blood","Mercury Hourglass","Question Card","Bronze Scales","Orrery","Self Forming Clay"],"potions_floor_usage":[5,6,16,24,24],"damage_taken":[{"damage":4,"enemies":"Jaw Worm","floor":1,"turns":5},{"damage":2,"enemies":"2 Louse","floor":2,"turns":3},{"damage":0,"enemies":"Cultist","floor":4,"turns":3},{"damage":5,"enemies":"Gremlin Gang","floor":5,"turns":5},{"damage":21,"enemies":"3 Sentries","floor":6,"turns":11},{"damage":0,"enemies":"Blue Slaver","floor":10,"turns":4},{"damage":32,"enemies":"Gremlin Nob","floor":13,"turns":4},{"damage":4,"enemies":"Large Slime","floor":14,"turns":3},{"damage":21,"enemies":"The Guardian","floor":16,"turns":7},{"damage":18,"enemies":"Chosen","floor":18,"turns":6},{"damage":6,"enemies":"Spheric Guardian","floor":19,"turns":3},{"damage":15,"enemies":"Snecko","floor":21,"turns":4},{"damage":8,"enemies":"Chosen and Byrds","floor":22,"turns":4},{"damage":36,"enemies":"Gremlin Leader","floor":24,"turns":7},{"damage":19,"enemies":"Centurion and Healer","floor":25,"turns":1}],"seed_played":"-6709258171721631228","potions_obtained":[{"floor":4,"key":"AttackPotion"},{"floor":5,"key":"SkillPotion"},{"floor":6,"key":"Explosive Potion"},{"floor":13,"key":"SkillPotion"},{"floor":18,"key":"PowerPotion"}],"is_trial":false,"path_per_floor":["M","M","$","M","M","E","R","$","T","M","?","R","E","M","R","B",null,"M","M","?","M","M","R","E"],"character_chosen":"IRONCLAD","items_purchased":["True Grit","Shrug It Off"],"campfire_rested":0,"item_purchase_floors":[3,8],"current_hp_per_floor":[70,74,74,75,75,60,60,60,60,66,71,71,45,47,47,32,68,56,56,56,47,45,45,15,0],"gold":286,"neow_bonus":"UPGRADE_CARD","is_prod":false,"is_daily":false,"chose_seed":false,"campfire_upgraded":4,"win_rate":0,"timestamp":1531835090,"path_taken":["M","M","$","M","M","E","R","$","T","M","?","R","E","M","R","BOSS","M","M","?","?","?","R","E","M"],"build_version":"2018-07-12","purchased_purges":0,"victory":false,"max_hp_per_floor":[75,75,75,75,75,75,75,75,75,75,80,80,80,80,80,80,80,80,80,80,80,80,80,80,80],"card_choices":[{"not_picked":["Havoc","Body Slam"],"picked":"Twin Strike","floor":1},{"not_picked":["Carnage","Impervious"],"picked":"Headbutt","floor":2},{"not_picked":["Sever Soul","Hemokinesis","Body Slam"],"picked":"SKIP","floor":4},{"not_picked":["Anger","Hemokinesis"],"picked":"Armaments","floor":5},{"not_picked":["Sword Boomerang","Twin Strike"],"picked":"Spot Weakness","floor":6},{"not_picked":["Heavy Blade","Searing Blow","Spot Weakness"],"picked":"Sword Boomerang","floor":10},{"not_picked":["Anger","Armaments","Uppercut"],"picked":"Offering","floor":13},{"not_picked":["Pommel Strike","Body Slam","Flex"],"picked":"Clothesline","floor":14},{"not_picked":["Impervious","Exhume","Barricade"],"picked":"Offering","floor":16},{"not_picked":["Havoc","Anger","Wild Strike"],"picked":"Pummel","floor":17},{"not_picked":["Inflame","Barricade","Reckless Charge"],"picked":"True Grit","floor":17},{"not_picked":["Clash","Perfected Strike","Body Slam"],"picked":"Shrug It Off","floor":17},{"not_picked":["Pummel","Anger","Body Slam","Perfected Strike"],"picked":"SKIP","floor":18},{"not_picked":["Rupture","Burning Pact","Heavy Blade"],"picked":"Flame Barrier","floor":19},{"not_picked":["Carnage","Disarm","Clash"],"picked":"Whirlwind","floor":21},{"not_picked":["Bloodletting+1","Flex","Ghostly Armor"],"picked":"Headbutt","floor":22},{"not_picked":["Pommel Strike","Disarm","Wild Strike"],"picked":"Reaper","floor":24}],"player_experience":1072263,"relics_obtained":[{"floor":6,"key":"Mercury Hourglass"},{"floor":9,"key":"Question Card"},{"floor":13,"key":"Bronze Scales"},{"floor":24,"key":"Self Forming Clay"}],"event_choices":[{"event_name":"Big Fish","player_choice":"Donut","floor":11,"damage_taken":0},{"event_name":"Vampires","player_choice":"Ignored","floor":20,"damage_taken":0}],"boss_relics":[{"not_picked":["Tiny House","Mark of Pain"],"picked":"Orrery"}],"items_purged_floors":[],"is_endless":false,"potions_floor_spawned":[4,5,6,13,14,18,22],"killed_by":"Centurion and Healer","ascension_level":15}