{"gold_per_floor":[119,119,40,52,64,64,84,84,84,96,96,114,144,163,163,163],"floor_reached":16,"playtime":556,"items_purged":[],"score":203,"play_id":"7b9aa85b-7f23-4146-b3bc-cdc01bcaef24","local_time":"20181029175014","is_ascension_mode":true,"campfire_choices":[{"data":"Armaments","floor":6,"key":"SMITH"},{"data":"Uppercut","floor":8,"key":"SMITH"},{"data":"Cleave","floor":11,"key":"SMITH"},{"floor":15,"key":"REST"}],"neow_cost":"NONE","seed_source_timestamp":3057214181621728,"circlet_count":0,"master_deck":["Strike_R","Strike_R","Strike_R","Strike_R","Defend_R","Defend_R","Defend_R","Defend_R","Bash","AscendersBane","Juggernaut","Cleave+1","Uppercut+1","Armaments+1","Shrug It Off","True Grit","Body Slam"],"relics":["Burning Blood","Pen Nib","Meat on the Bone"],"potions_floor_usage":[13,13],"damage_taken":[{"damage":19,"enemies":"Jaw Worm","floor":1,"turns":4},{"damage":4,"enemies":"Cultist","floor":4,"turns":4},{"damage":14,"enemies":"Small Slimes","floor":5,"turns":4},{"damage":11,"enemies":"Looter","floor":7,"turns":3},{"damage":14,"enemies":"Large Slime","floor":10,"turns":6},{"damage":9,"enemies":"Blue Slaver","floor":12,"turns":3},{"damage":25,"enemies":"3 Sentries","floor":13,"turns":7},{"damage":9,"enemies":"3 Louse","floor":14,"turns":3},{"damage":46,"enemies":"Slime Boss","floor":16,"turns":9}],"seed_played":"-4511456555044618467","potions_obtained":[{"floor":4,"key":"Block Potion"},{"floor":10,"key":"Energy Potion"},{"floor":13,"key":"Swift Potion"},{"floor":14,"key":"LiquidBronze"}],"is_trial":false,"path_per_floor":["M","?","$","M","M","R","M","R","T","M","R","M","E","M","R"],"character_chosen":"IRONCLAD","items_purchased":["Uppercut"],"campfire_rested":1,"item_purchase_floors":[3],"current_hp_per_floor":[55,55,55,57,49,49,44,44,44,36,36,33,14,23,45,0],"gold":163,"neow_bonus":"ONE_RANDOM_RARE_CARD","is_prod":false,"is_daily":false,"chose_seed":false,"campfire_upgraded":3,"win_rate":0,"timestamp":1540831814,"path_taken":["M","?","$","M","?","R","M","R","T","M","R","M","E","M","R","BOSS"],"build_version":"2018-10-25v2","purchased_purges":0,"victory":false,"max_hp_per_floor":[75,75,75,75,75,75,75,75,75,75,75,75,75,75,75,75],"card_choices":[{"not_picked":["Anger","Clash"],"picked":"Cleave","floor":1},{"not_picked":["Second Wind","Rupture","Flex"],"picked":"SKIP","floor":4},{"not_picked":["Rampage","Headbutt"],"picked":"Armaments","floor":5},{"not_picked":["Thunderclap","Clothesline","Armaments"],"picked":"SKIP","floor":7},{"not_picked":["Combust","Thunderclap"],"picked":"Shrug It Off","floor":10},{"not_picked":["Clothesline","Warcry"],"picked":"True Grit","floor":12},{"not_picked":["Exhume","Perfected Strike","Sword Boomerang"],"picked":"SKIP","floor":13},{"not_picked":["Headbutt","Clothesline"],"picked":"Body Slam","floor":14}],"player_experience":1563850,"relics_obtained":[{"floor":9,"key":"Pen Nib"},{"floor":13,"key":"Meat on the Bone"}],"event_choices":[{"cards_removed":["Strike_R"],"damage_healed":0,"gold_gain":0,"player_choice":"Card Removal","damage_taken":0,"max_hp_gain":0,"max_hp_loss":0,"event_name":"Wheel of Change","floor":2,"gold_loss":0}],"is_beta":false,"boss_relics":[],"items_purged_floors":[],"is_endless":false,"potions_floor_spawned":[4,10,13,14],"killed_by":"Slime Boss","ascension_level":19}