{"gold_per_floor":[118,132,307,307,323,355,372,372,451,485,11,29,45,77,77,177,177,192,14,31,31,31,31,64,64,64,82,94,112,112,34,34,138,138,149,162,180,18,18,18,18,31,100,125,141,170,188,206,206,206],"floor_reached":51,"playtime":4709,"items_purged":["Doubt","Strike_R"],"score":751,"play_id":"ebd84803-8a92-4c47-8200-11f1196a4a85","local_time":"20190213003053","is_ascension_mode":false,"campfire_choices":[{"data":"Uppercut","floor":8,"key":"SMITH"},{"data":"Limit Break","floor":15,"key":"SMITH"},{"data":"1","floor":23,"key":"LIFT"},{"data":"2","floor":25,"key":"LIFT"},{"data":"Inflame","floor":30,"key":"SMITH"},{"data":"3","floor":32,"key":"LIFT"},{"data":"Discovery","floor":40,"key":"SMITH"},{"data":"Battle Trance","floor":49,"key":"SMITH"}],"neow_cost":"NONE","seed_source_timestamp":84358286650236,"circlet_count":0,"master_deck":["Strike_R+1","Strike_R","Strike_R+1","Defend_R","Defend_R","Defend_R","Defend_R","Bash","Rampage","Iron Wave","Dropkick","Uppercut+1","Iron Wave","Inflame+1","Shrug It Off","Shockwave","Pommel Strike","Limit Break+1","Immolate","Dropkick","Battle Trance+1","Headbutt","Feed","Finesse","Impervious","Body Slam+1","Shrug It Off","Pummel+1","Discovery+1","Impatience","Flash of Steel","Parasite","Whirlwind","Shrug It Off+1"],"relics":["Burning Blood","NeowsBlessing","Girya","Bottled Lightning","MawBank","Whetstone","Lee\u0027s Waffle","Boot","Coffee Dripper","The Courier","Vajra","Bottled Tornado","White Beast Statue","Bag of Preparation","Meat on the Bone","Bronze Scales","Regal Pillow"],"potions_floor_usage":[6,14,16,18,20,24,28,29,36,37,37,42,44,46,46,48,50,50],"damage_taken":[{"damage":0,"enemies":"Cultist","floor":1,"turns":1},{"damage":0,"enemies":"2 Louse","floor":2,"turns":1},{"damage":0,"enemies":"Small Slimes","floor":5,"turns":1},{"damage":16,"enemies":"Gremlin Nob","floor":6,"turns":4},{"damage":14,"enemies":"3 Louse","floor":7,"turns":4},{"damage":30,"enemies":"Lagavulin","floor":10,"turns":6},{"damage":0,"enemies":"Large Slime","floor":12,"turns":3},{"damage":26,"enemies":"Exordium Thugs","floor":13,"turns":4},{"damage":22,"enemies":"3 Sentries","floor":14,"turns":6},{"damage":30,"enemies":"Slime Boss","floor":16,"turns":8},{"damage":10,"enemies":"3 Byrds","floor":18,"turns":3},{"damage":20,"enemies":"2 Thieves","floor":20,"turns":3},{"damage":6,"enemies":"Slavers","floor":24,"turns":4},{"damage":19,"enemies":"Centurion and Healer","floor":27,"turns":3},{"damage":6,"enemies":"3 Cultists","floor":28,"turns":4},{"damage":4,"enemies":"Snake Plant","floor":29,"turns":2},{"damage":16,"enemies":"Automaton","floor":33,"turns":6},{"damage":5,"enemies":"Orb Walker","floor":35,"turns":3},{"damage":12,"enemies":"3 Darklings","floor":36,"turns":3},{"damage":9,"enemies":"Spire Growth","floor":37,"turns":3},{"damage":0,"enemies":"Sphere and 2 Shapes","floor":42,"turns":2},{"damage":25,"enemies":"Nemesis","floor":44,"turns":3},{"damage":0,"enemies":"Writhing Mass","floor":45,"turns":3},{"damage":22,"enemies":"Reptomancer","floor":46,"turns":4},{"damage":13,"enemies":"3 Darklings","floor":47,"turns":2},{"damage":4,"enemies":"Spire Growth","floor":48,"turns":3},{"damage":39,"enemies":"Time Eater","floor":50,"turns":5}],"seed_played":"7767156212462931032","potions_obtained":[{"floor":1,"key":"LiquidBronze"},{"floor":5,"key":"EssenceOfSteel"},{"floor":10,"key":"FearPotion"},{"floor":13,"key":"BloodPotion"},{"floor":14,"key":"PowerPotion"},{"floor":18,"key":"Energy Potion"},{"floor":20,"key":"Fire Potion"},{"floor":28,"key":"Block Potion"},{"floor":33,"key":"Fire Potion"},{"floor":35,"key":"Poison Potion"},{"floor":36,"key":"FearPotion"},{"floor":37,"key":"Weak Potion"},{"floor":42,"key":"PowerPotion"},{"floor":44,"key":"FearPotion"},{"floor":45,"key":"AttackPotion"},{"floor":46,"key":"Swift Potion"},{"floor":47,"key":"BloodPotion"},{"floor":48,"key":"PowerPotion"}],"is_trial":false,"path_per_floor":["M","M","?","?","M","E","M","R","T","E","$","M","M","E","R","B",null,"M","$","M","?","?","R","E","R","T","M","M","M","R","$","R","B",null,"M","M","M","$","?","R","$","M","T","E","M","E","M","M","R","B",null],"character_chosen":"IRONCLAD","items_purchased":["Shrug It Off","Whetstone","Lee\u0027s Waffle","Battle Trance","Finesse","Bag of Preparation","Energy Potion"],"campfire_rested":0,"item_purchase_floors":[11,11,11,19,31,38,38],"current_hp_per_floor":[80,80,80,80,80,70,62,62,62,38,87,87,67,59,59,35,87,83,83,69,69,69,69,69,69,69,59,62,67,67,67,67,60,99,99,93,93,93,83,83,83,89,89,70,79,66,71,83,83,62],"gold":206,"neow_bonus":"THREE_ENEMY_KILL","is_prod":false,"is_daily":false,"chose_seed":false,"campfire_upgraded":5,"win_rate":0,"timestamp":1550039453,"path_taken":["M","M","?","?","M","E","?","R","T","E","?","M","M","E","R","BOSS","M","$","M","?","?","R","E","R","T","M","M","M","R","$","R","BOSS","M","M","M","$","?","R","$","M","T","E","M","E","M","M","R","BOSS"],"build_version":"2019-01-23","purchased_purges":2,"victory":true,"max_hp_per_floor":[80,80,80,80,80,80,80,80,80,80,87,87,87,87,87,87,87,87,87,87,87,87,87,87,87,87,90,93,96,96,96,96,99,99,99,99,102,102,102,102,102,102,102,102,105,108,108,108,108,108],"card_choices":[{"not_picked":["Battle Trance","Intimidate"],"picked":"Rampage","floor":1},{"not_picked":["Pummel","Twin Strike"],"picked":"Iron Wave","floor":2},{"not_picked":["Wild Strike","Clash"],"picked":"Dropkick","floor":5},{"not_picked":["Feel No Pain","Second Wind"],"picked":"Uppercut","floor":6},{"not_picked":["Hemokinesis","Ghostly Armor"],"picked":"Iron Wave","floor":7},{"not_picked":["Sword Boomerang","Corruption"],"picked":"Inflame","floor":10},{"not_picked":["Second Wind","Perfected Strike"],"picked":"Shockwave","floor":12},{"not_picked":["Sword Boomerang","Warcry"],"picked":"Pommel Strike","floor":13},{"not_picked":["Headbutt","Rampage"],"picked":"Limit Break","floor":14},{"not_picked":["Exhume","Feed"],"picked":"Immolate","floor":16},{"not_picked":["Wild Strike","Clothesline"],"picked":"Dropkick","floor":18},{"not_picked":["Flex","Anger"],"picked":"Headbutt","floor":20},{"not_picked":["Ghostly Armor","Havoc"],"picked":"Feed","floor":24},{"not_picked":["Clothesline","Blood for Blood","Havoc"],"picked":"SKIP","floor":27},{"not_picked":["Sword Boomerang+1","Wild Strike","Perfected Strike+1"],"picked":"SKIP","floor":28},{"not_picked":["Wild Strike","Havoc","Clothesline+1"],"picked":"SKIP","floor":29},{"not_picked":["Bludgeon","Exhume"],"picked":"Impervious","floor":33},{"not_picked":["Perfected Strike","True Grit"],"picked":"Body Slam+1","floor":35},{"not_picked":["Clothesline+1","Iron Wave"],"picked":"Shrug It Off","floor":36},{"not_picked":["Twin Strike+1","Clothesline+1"],"picked":"Pummel+1","floor":37},{"not_picked":["PanicButton","Finesse"],"picked":"Discovery","floor":39},{"not_picked":["Swift Strike","Purity"],"picked":"Impatience","floor":39},{"not_picked":["The Bomb","Chrysalis"],"picked":"Flash of Steel","floor":39},{"not_picked":["Warcry","Wild Strike+1","Twin Strike+1"],"picked":"SKIP","floor":42},{"not_picked":["Body Slam","Twin Strike+1","Pommel Strike"],"picked":"SKIP","floor":44},{"not_picked":["Sword Boomerang+1","Clothesline+1"],"picked":"Whirlwind","floor":45},{"not_picked":["Power Through","Fiend Fire","Carnage+1"],"picked":"SKIP","floor":46},{"not_picked":["True Grit","Anger+1"],"picked":"Shrug It Off+1","floor":47},{"not_picked":["Havoc+1","Rampage","Ghostly Armor+1"],"picked":"SKIP","floor":48}],"player_experience":67378,"relics_obtained":[{"floor":6,"key":"Girya"},{"floor":9,"key":"Bottled Lightning"},{"floor":10,"key":"MawBank"},{"floor":14,"key":"Boot"},{"floor":24,"key":"Vajra"},{"floor":26,"key":"Bottled Tornado"},{"floor":43,"key":"Meat on the Bone"},{"floor":44,"key":"Bronze Scales"},{"floor":46,"key":"Regal Pillow"}],"event_choices":[{"damage_healed":0,"gold_gain":175,"player_choice":"AGREE","damage_taken":0,"max_hp_gain":0,"max_hp_loss":0,"event_name":"Liars Game","floor":3,"gold_loss":0,"cards_obtained":["Doubt"]},{"damage_healed":0,"gold_gain":0,"player_choice":"Full Heal","damage_taken":0,"max_hp_gain":0,"max_hp_loss":0,"event_name":"Wheel of Change","floor":4,"gold_loss":0},{"cards_removed":["Strike_R"],"damage_healed":0,"gold_gain":0,"player_choice":"Elegance","damage_taken":0,"max_hp_gain":0,"max_hp_loss":0,"event_name":"Back to Basics","floor":21,"gold_loss":0},{"damage_healed":0,"gold_gain":0,"player_choice":"Opened","damage_taken":0,"relics_obtained":["The Courier"],"max_hp_gain":0,"max_hp_loss":0,"event_name":"The Mausoleum","floor":22,"gold_loss":0},{"damage_healed":0,"gold_gain":0,"player_choice":"Memory 3","damage_taken":10,"max_hp_gain":0,"max_hp_loss":0,"event_name":"SensoryStone","floor":39,"gold_loss":0}],"is_beta":false,"boss_relics":[{"not_picked":["Calling Bell","Tiny House"],"picked":"Coffee Dripper"},{"not_picked":["Runic Dome","Orrery"],"picked":"White Beast Statue"}],"items_purged_floors":[11,19],"is_endless":false,"potions_floor_spawned":[1,5,10,13,14,18,20,28,33,35,36,37,42,44,45,46,47,48],"ascension_level":0}