{"gold_per_floor":[109,109,122,141,153,153,165,12,38,86,86,86,86,18,18,149,149,162,287,287,308,326,326,425,35,88,104,104,119,119,144,144,263,263,288,131,464,464,464,464,464],"floor_reached":41,"playtime":2587,"items_purged":[],"score":429,"play_id":"2a8d8806-787e-4cff-b0ae-795b8f714e89","local_time":"20190204031500","is_ascension_mode":false,"campfire_choices":[{"data":"Noxious Fumes","floor":6,"key":"SMITH"},{"floor":11,"key":"REST"},{"data":"Terror","floor":13,"key":"SMITH"},{"data":"Glass Knife","floor":15,"key":"SMITH"},{"floor":23,"key":"REST"},{"floor":28,"key":"REST"},{"floor":30,"key":"REST"},{"data":"Outmaneuver","floor":32,"key":"SMITH"},{"data":"Panache","floor":40,"key":"SMITH"}],"neow_cost":"NONE","seed_source_timestamp":44962045279420,"circlet_count":0,"master_deck":["Defend_G+1","Defend_G+1","Defend_G+1","Defend_G+1","Defend_G+1","Strike_G+1","Strike_G+1","Strike_G+1","Strike_G+1","Strike_G+1","Survivor","Neutralize","Outmaneuver+1","Slice","Noxious Fumes+1","Deflect","Glass Knife+1","Backstab","Flash of Steel","Terror+1","Calculated Gamble","A Thousand Cuts","Bane","Backflip","Blade Dance","Poisoned Stab+1","Skewer","Enlightenment","Tools of the Trade","Bane+1","Flying Knee","Acrobatics+1","Outmaneuver","Doppelganger","Deadly Poison","Finesse","Infinite Blades","Panache+1","Blind","Master of Strategy"],"relics":["Ring of the Snake","Dream Catcher","Smiling Mask","Sozu","Nunchaku","Kunai","Snake Skull","PreservedInsect","Pen Nib","Black Star","Molten Egg 2"],"potions_floor_usage":[16,16,19],"damage_taken":[{"damage":4,"enemies":"Jaw Worm","floor":1,"turns":5},{"damage":10,"enemies":"Cultist","floor":3,"turns":6},{"damage":5,"enemies":"Small Slimes","floor":4,"turns":4},{"damage":7,"enemies":"Exordium Thugs","floor":5,"turns":7},{"damage":11,"enemies":"Large Slime","floor":7,"turns":8},{"damage":18,"enemies":"Hexaghost","floor":16,"turns":9},{"damage":21,"enemies":"Spheric Guardian","floor":18,"turns":5},{"damage":4,"enemies":"Colosseum Slavers","floor":19,"turns":5},{"damage":27,"enemies":"Colosseum Nobs","floor":19,"turns":6},{"damage":7,"enemies":"2 Thieves","floor":21,"turns":4},{"damage":17,"enemies":"Sentry and Sphere","floor":22,"turns":5},{"damage":0,"enemies":"Cultist and Chosen","floor":27,"turns":4},{"damage":15,"enemies":"Snake Plant","floor":29,"turns":3},{"damage":12,"enemies":"Snecko","floor":31,"turns":4},{"damage":37,"enemies":"Champ","floor":33,"turns":9},{"damage":25,"enemies":"3 Darklings","floor":35,"turns":5},{"damage":46,"enemies":"3 Shapes","floor":41,"turns":3}],"seed_played":"8359649830923498862","potions_obtained":[{"floor":3,"key":"FearPotion"},{"floor":4,"key":"Energy Potion"},{"floor":7,"key":"GhostInAJar"}],"is_trial":false,"path_per_floor":["M","?","M","M","M","R","M","$","T","T","R","?","R","$","R","B",null,"M","?","?","M","M","R","?","$","T","M","R","M","R","M","R","B",null,"M","$","?","T","?","R","M"],"character_chosen":"THE_SILENT","items_purchased":["Backstab","Flash of Steel","Calculated Gamble","Snake Skull","Enlightenment","PreservedInsect","Finesse","Infinite Blades"],"campfire_rested":4,"item_purchase_floors":[8,8,14,25,25,25,36,36],"current_hp_per_floor":[73,73,63,58,51,51,40,40,40,40,63,44,44,44,44,26,77,56,25,25,18,1,24,24,24,24,24,47,32,55,43,43,6,77,52,52,52,52,42,42,0],"gold":464,"neow_bonus":"TEN_PERCENT_HP_BONUS","is_prod":false,"is_daily":false,"chose_seed":false,"campfire_upgraded":5,"win_rate":0.0,"timestamp":1549246500,"path_taken":["M","?","M","M","M","R","?","?","T","?","R","?","R","$","R","BOSS","M","?","?","M","M","R","?","?","T","M","R","M","R","M","R","BOSS","M","$","?","?","?","R","?"],"build_version":"2019-01-23","purchased_purges":0,"victory":false,"max_hp_per_floor":[77,77,77,77,77,77,77,77,77,77,77,77,77,77,77,77,77,77,77,77,77,77,77,77,77,77,77,77,77,77,77,77,77,77,77,77,77,77,77,77,77],"card_choices":[{"not_picked":["Bane","Backflip"],"picked":"Outmaneuver","floor":1},{"not_picked":["Prepared","Sucker Punch"],"picked":"Slice","floor":3},{"not_picked":["Bane","Endless Agony"],"picked":"Noxious Fumes","floor":4},{"not_picked":["Acrobatics","Deadly Poison"],"picked":"Deflect","floor":5},{"not_picked":["Blade Dance","Escape Plan"],"picked":"Glass Knife","floor":7},{"not_picked":["Reflex","Flying Knee"],"picked":"Terror","floor":11},{"not_picked":["Night Terror","After Image"],"picked":"A Thousand Cuts","floor":16},{"not_picked":["Prepared","Dash"],"picked":"Bane","floor":18},{"not_picked":["Riddle With Holes","Tactician+1"],"picked":"Backflip","floor":19},{"not_picked":["Dodge and Roll","Finisher"],"picked":"Blade Dance","floor":21},{"not_picked":["Blade Dance+1","Quick Slash"],"picked":"Poisoned Stab+1","floor":22},{"not_picked":["Prepared","All Out Attack"],"picked":"Skewer","floor":23},{"not_picked":["Blade Dance","Flechettes"],"picked":"Tools of the Trade","floor":27},{"not_picked":["Prepared","Blur"],"picked":"Bane+1","floor":28},{"not_picked":["Backflip+1","Masterful Stab"],"picked":"Flying Knee","floor":29},{"not_picked":["All Out Attack","Flying Knee"],"picked":"Acrobatics+1","floor":30},{"not_picked":["Dodge and Roll","Choke"],"picked":"Outmaneuver","floor":31},{"not_picked":["Venomology","Phantasmal Killer"],"picked":"Doppelganger","floor":33},{"not_picked":["Riddle With Holes+1","Dodge and Roll"],"picked":"Deadly Poison","floor":35},{"not_picked":["Panacea","Transmutation"],"picked":"Panache","floor":39},{"not_picked":["PanicButton","HandOfGreed+1"],"picked":"Blind","floor":39},{"not_picked":["Discovery","Trip"],"picked":"Master of Strategy","floor":39}],"player_experience":63743,"relics_obtained":[{"floor":9,"key":"Dream Catcher"},{"floor":10,"key":"Smiling Mask"},{"floor":19,"key":"Nunchaku"},{"floor":19,"key":"Kunai"},{"floor":26,"key":"Pen Nib"},{"floor":38,"key":"Molten Egg 2"}],"event_choices":[{"damage_healed":0,"gold_gain":0,"player_choice":"Bought 0 Potions","damage_taken":0,"max_hp_gain":0,"max_hp_loss":0,"event_name":"The Woman in Blue","floor":2,"gold_loss":0},{"damage_healed":0,"gold_gain":0,"player_choice":"Take Damage","damage_taken":19,"relics_obtained":["Golden Idol"],"max_hp_gain":0,"max_hp_loss":0,"event_name":"Golden Idol","floor":12,"gold_loss":0},{"damage_healed":0,"gold_gain":0,"player_choice":"Fight","damage_taken":0,"max_hp_gain":0,"max_hp_loss":0,"event_name":"Colosseum","floor":19,"gold_loss":0},{"damage_healed":0,"gold_gain":0,"player_choice":"Fought Nobs","damage_taken":0,"max_hp_gain":0,"max_hp_loss":0,"event_name":"Colosseum","floor":19,"gold_loss":0},{"damage_healed":0,"gold_gain":0,"player_choice":"Simplicity","damage_taken":0,"max_hp_gain":0,"max_hp_loss":0,"event_name":"Back to Basics","floor":20,"gold_loss":0,"cards_upgraded":["Defend_G","Defend_G","Defend_G","Defend_G","Defend_G","Strike_G","Strike_G","Strike_G","Strike_G","Strike_G"]},{"damage_healed":0,"gold_gain":99,"player_choice":"Stole From Cult","damage_taken":0,"max_hp_gain":0,"max_hp_loss":0,"event_name":"Nest","floor":24,"gold_loss":0},{"damage_healed":0,"gold_gain":333,"player_choice":"Gave Idol","damage_taken":0,"max_hp_gain":0,"max_hp_loss":0,"event_name":"The Moai Head","floor":37,"relics_lost":["Golden Idol"],"gold_loss":0},{"damage_healed":0,"gold_gain":0,"player_choice":"Memory 3","damage_taken":10,"max_hp_gain":0,"max_hp_loss":0,"event_name":"SensoryStone","floor":39,"gold_loss":0}],"is_beta":false,"boss_relics":[{"not_picked":["Lizard Tail","Calling Bell"],"picked":"Sozu"},{"not_picked":["Eternal Feather","Runic Dome"],"picked":"Black Star"}],"items_purged_floors":[],"is_endless":false,"potions_floor_spawned":[3,4,7,18,19,19,27,31,33,35],"killed_by":"3 Shapes","ascension_level":0}