{"gold_per_floor":[118,129,54,129,149,149,180,195,195,195,145,158,185,195,195,195],"floor_reached":16,"playtime":406,"items_purged":["Defend_R"],"score":107,"play_id":"3e910236-36d5-4931-9c63-c855ffd3f7c9","local_time":"20181224130014","is_ascension_mode":true,"campfire_choices":[{"data":"Clothesline","floor":6,"key":"SMITH"},{"data":"Pommel Strike","floor":10,"key":"SMITH"},{"floor":15,"key":"REST"}],"neow_cost":"NONE","seed_source_timestamp":1180789677194271,"circlet_count":0,"master_deck":["Strike_R","Strike_R","Strike_R","Strike_R","Defend_R","Defend_R","Defend_R","Bash+1","Twin Strike","Clothesline+1","Pommel Strike+1","Thunderclap"],"relics":["Burning Blood","Strawberry","Art of War","Juzu Bracelet"],"potions_floor_usage":[],"damage_taken":[{"damage":0,"enemies":"2 Louse","floor":1,"turns":4},{"damage":3,"enemies":"Small Slimes","floor":2,"turns":3},{"damage":11,"enemies":"Jaw Worm","floor":5,"turns":2},{"damage":34,"enemies":"Lagavulin","floor":7,"turns":6},{"damage":23,"enemies":"Exordium Thugs","floor":8,"turns":6},{"damage":12,"enemies":"Large Slime","floor":12,"turns":5},{"damage":9,"enemies":"2 Fungi Beasts","floor":14,"turns":2},{"damage":46,"enemies":"The Guardian","floor":16,"turns":11}],"seed_played":"4474621791351574009","potions_obtained":[{"floor":5,"key":"Ancient Potion"},{"floor":7,"key":"Poison Potion"},{"floor":14,"key":"Dexterity Potion"}],"is_trial":false,"path_per_floor":["M","M","$","?","M","R","E","M","T","R","?","M","T","M","R","B"],"character_chosen":"IRONCLAD","items_purchased":[],"campfire_rested":1,"item_purchase_floors":[],"current_hp_per_floor":[80,80,80,69,64,64,43,26,26,26,26,20,20,17,43,0],"gold":195,"neow_bonus":"UPGRADE_CARD","is_prod":false,"is_daily":false,"chose_seed":false,"campfire_upgraded":2,"win_rate":0,"timestamp":1545652814,"path_taken":["M","M","$","?","M","R","E","M","T","R","?","?","?","M","R","BOSS"],"build_version":"2018-12-20","purchased_purges":1,"victory":false,"max_hp_per_floor":[80,80,80,80,80,80,87,87,87,87,87,87,87,87,87,87],"card_choices":[{"not_picked":["Warcry","True Grit"],"picked":"Twin Strike","floor":1},{"not_picked":["Fire Breathing","Reaper","Iron Wave"],"picked":"SKIP","floor":2},{"not_picked":["Seeing Red","Blood for Blood"],"picked":"Clothesline","floor":5},{"not_picked":["Cleave","Metallicize"],"picked":"Pommel Strike","floor":7},{"not_picked":["Pommel Strike","Blood for Blood"],"picked":"Thunderclap","floor":8},{"not_picked":["Pommel Strike","Heavy Blade","Evolve"],"picked":"SKIP","floor":12},{"not_picked":["Warcry","True Grit","Havoc"],"picked":"SKIP","floor":14}],"player_experience":1818379,"relics_obtained":[{"floor":7,"key":"Strawberry"},{"floor":9,"key":"Art of War"},{"floor":13,"key":"Juzu Bracelet"}],"event_choices":[{"damage_healed":0,"gold_gain":75,"player_choice":"Gather Gold","damage_taken":11,"max_hp_gain":0,"max_hp_loss":0,"event_name":"World of Goop","floor":4,"gold_loss":0},{"cards_removed":["Strike_R"],"damage_healed":0,"gold_gain":0,"player_choice":"Card Removal","damage_taken":0,"max_hp_gain":0,"max_hp_loss":0,"event_name":"The Cleric","floor":11,"gold_loss":50}],"is_beta":false,"boss_relics":[],"items_purged_floors":[3],"is_endless":false,"potions_floor_spawned":[5,7,14],"killed_by":"The Guardian","ascension_level":1}