{"gold_per_floor":[113,113,126,144,164,114,114,149,230,83,83,83,11,43,43,142,142,154,72,72],"floor_reached":20,"playtime":963,"items_purged":["Defend_G"],"score":288,"play_id":"945503fc-5ed5-44b8-ab79-68ee67623ea7","local_time":"20190208001603","is_ascension_mode":true,"campfire_choices":[{"data":"Dagger Spray","floor":7,"key":"SMITH"},{"floor":12,"key":"REST"},{"floor":15,"key":"REST"}],"neow_cost":"TEN_PERCENT_HP_LOSS","seed_source_timestamp":95415145207800,"circlet_count":0,"master_deck":["AscendersBane","Defend_G","Defend_G","Defend_G","Defend_G","Strike_G","Strike_G","Strike_G","Survivor","Neutralize","Burst","Dagger Throw","Dagger Spray+1","Dagger Throw","Caltrops","Bouncing Flask","Noxious Fumes","Caltrops","Bouncing Flask","After Image","Backflip","Footwork"],"relics":["Ring of the Snake","Nunchaku","Mummified Hand","Vajra","Velvet Choker"],"potions_floor_usage":[20],"damage_taken":[{"damage":0,"enemies":"Jaw Worm","floor":1,"turns":9},{"damage":4,"enemies":"Small Slimes","floor":3,"turns":4},{"damage":2,"enemies":"2 Louse","floor":4,"turns":2},{"damage":6,"enemies":"Blue Slaver","floor":5,"turns":6},{"damage":40,"enemies":"Lagavulin","floor":8,"turns":7},{"damage":20,"enemies":"3 Sentries","floor":14,"turns":6},{"damage":11,"enemies":"The Guardian","floor":16,"turns":7},{"damage":18,"enemies":"Spheric Guardian","floor":18,"turns":4},{"damage":41,"enemies":"Masked Bandits","floor":20,"turns":3}],"seed_played":"9162380736515205438","potions_obtained":[{"floor":14,"key":"Energy Potion"},{"floor":16,"key":"Strength Potion"},{"floor":18,"key":"PowerPotion"}],"is_trial":false,"path_per_floor":["?","?","?","?"],"character_chosen":"THE_SILENT","items_purchased":["Noxious Fumes","Caltrops","Footwork"],"campfire_rested":2,"item_purchase_floors":[10,13,19],"current_hp_per_floor":[63,68,64,62,56,56,56,16,16,16,9,29,29,9,29,18,56,38,38,0],"gold":72,"neow_bonus":"THREE_RARE_CARDS","is_prod":false,"is_daily":false,"chose_seed":false,"campfire_upgraded":1,"win_rate":0,"timestamp":1549552563,"path_taken":["M","?","M","M","M","?","R","E","T","$","?","R","$","E","R","BOSS","M","$","?"],"build_version":"2019-01-23","purchased_purges":1,"victory":false,"max_hp_per_floor":[63,68,68,68,68,68,68,68,68,68,68,68,68,68,68,68,68,68,68,68],"card_choices":[{"not_picked":["Malaise","Storm of Steel"],"picked":"Burst","floor":0},{"not_picked":["Acrobatics","Underhanded Strike"],"picked":"Dagger Throw","floor":1},{"not_picked":["Quick Slash","PiercingWail"],"picked":"Dagger Spray","floor":3},{"not_picked":["Expertise","Dagger Spray"],"picked":"Dagger Throw","floor":4},{"not_picked":["Tactician","Blade Dance"],"picked":"Caltrops","floor":5},{"not_picked":["A Thousand Cuts","Finisher"],"picked":"Bouncing Flask","floor":8},{"not_picked":["Quick Slash","Outmaneuver"],"picked":"Bouncing Flask","floor":14},{"not_picked":["Burst","A Thousand Cuts"],"picked":"After Image","floor":16},{"not_picked":["Underhanded Strike","Slice"],"picked":"Backflip","floor":18}],"player_experience":268880,"relics_obtained":[{"floor":8,"key":"Nunchaku"},{"floor":9,"key":"Mummified Hand"},{"floor":14,"key":"Vajra"}],"event_choices":[{"damage_healed":0,"gold_gain":0,"player_choice":"Donut","damage_taken":0,"max_hp_gain":5,"max_hp_loss":0,"event_name":"Big Fish","floor":2,"gold_loss":0},{"cards_removed":["Strike_G"],"damage_healed":0,"gold_gain":0,"player_choice":"Card Removal","damage_taken":0,"max_hp_gain":0,"max_hp_loss":0,"event_name":"The Cleric","floor":6,"gold_loss":50},{"cards_removed":["Strike_G"],"damage_healed":0,"gold_gain":0,"player_choice":"Card Removal","damage_taken":7,"max_hp_gain":0,"max_hp_loss":0,"event_name":"Golden Wing","floor":11,"gold_loss":0},{"damage_healed":0,"gold_gain":0,"player_choice":"Fought Bandits","damage_taken":0,"max_hp_gain":0,"max_hp_loss":0,"event_name":"Masked Bandits","floor":20,"gold_loss":0}],"is_beta":false,"boss_relics":[{"not_picked":["Astrolabe","Pandora\u0027s Box"],"picked":"Velvet Choker"}],"items_purged_floors":[10],"is_endless":false,"potions_floor_spawned":[14,16,18],"killed_by":"Masked Bandits","ascension_level":12}