{"path_per_floor":["M","?","?","$","M","E","M","R","T","M","R","M","M","E","R","B",null,"M","$","M","M","M","R","?","$","T","?","?","?","R","M","R"],"character_chosen":"IRONCLAD","items_purchased":["Membership Card"],"gold_per_floor":[118,118,118,43,57,89,103,103,126,144,144,164,177,209,209,311,311,329,229,247,260,274,274,274,66,66,66,66,66,66,85,85],"floor_reached":33,"campfire_rested":1,"playtime":892,"current_hp_per_floor":[80,80,80,80,80,80,80,80,80,78,78,80,69,57,57,37,80,67,67,51,45,29,54,54,54,54,82,82,65,65,63,63],"items_purged":["Defend_R","Doubt"],"gold":85,"score":282,"play_id":"c5218f23-69de-4d88-9cd6-bf1683c83e18","local_time":"20180305202618","is_prod":false,"is_daily":false,"is_ascension_mode":false,"campfire_upgraded":5,"timestamp":1520277978,"path_taken":["M","?","?","$","M","E","M","R","T","M","R","?","M","E","R","BOSS","M","$","M","M","M","R","?","$","T","?","?","?","R","M","R","BOSS"],"build_version":"2018-03-01-PROD1","purchased_purges":2,"victory":false,"master_deck":["Strike_R","Strike_R","Strike_R","Strike_R","Strike_R","Defend_R","Defend_R","Defend_R","Bash","Clash+1","Sword Boomerang","Rampage+1","Dual Wield+1","Pommel Strike+1","Headbutt","Clash+1","Feed","Headbutt+1","Double Tap+1","Seeing Red+1"],"max_hp_per_floor":[80,80,80,80,80,80,80,80,80,80,80,80,80,80,80,80,80,83,83,83,86,86,86,86,86,86,86,86,91,91,91,91],"relics":["Burning Blood","NeowsBlessing","Lantern","Bronze Scales","Oddly Smooth Stone","Ornamental Fan","Calling Bell","Molten Egg 2","Toxic Egg 2","Dodecahedron","Membership Card","Bird Faced Urn"],"card_choices":[{"not_picked":["Disarm","Anger"],"picked":"Clash"},{"not_picked":["Wild Strike","Blood for Blood"],"picked":"Sword Boomerang"},{"not_picked":["Infernal Blade","Seeing Red"],"picked":"Rampage"},{"not_picked":["Rage","Burning Pact"],"picked":"Dual Wield"},{"not_picked":["Burning Pact","Havoc"],"picked":"Pommel Strike"},{"not_picked":["Reckless Charge","Anger"],"picked":"Headbutt"},{"not_picked":["Ghostly Armor","True Grit"],"picked":"Clash"},{"not_picked":["Impervious","Demon Form"],"picked":"Feed"},{"not_picked":["Perfected Strike","Clothesline"],"picked":"Headbutt"},{"not_picked":["Rampage","Sword Boomerang"],"picked":"Double Tap"},{"not_picked":["Cleave","Burning Pact"],"picked":"Seeing Red"}],"player_experience":222341,"potions_floor_usage":[10,18,20,21,21,33,33],"damage_taken":[{"damage":0,"enemies":"2 Louse","floor":1,"turns":1},{"damage":0,"enemies":"Cultist","floor":5,"turns":1},{"damage":0,"enemies":"Gremlin Nob","floor":6,"turns":1},{"damage":0,"enemies":"Jaw Worm","floor":7,"turns":1},{"damage":8,"enemies":"Red Slaver","floor":10,"turns":4},{"damage":0,"enemies":"Looter","floor":12,"turns":1},{"damage":17,"enemies":"Exordium Thugs","floor":13,"turns":3},{"damage":18,"enemies":"Lagavulin","floor":14,"turns":3},{"damage":26,"enemies":"Hexaghost","floor":16,"turns":5},{"damage":22,"enemies":"2 Thieves","floor":18,"turns":3},{"damage":22,"enemies":"Spheric Guardian","floor":20,"turns":4},{"damage":21,"enemies":"Snake Plant","floor":21,"turns":3},{"damage":22,"enemies":"Cultist and Chosen","floor":22,"turns":5},{"damage":8,"enemies":"Snecko","floor":31,"turns":4},{"damage":72,"enemies":"Collector","floor":33,"turns":5}],"event_choices":[{"event_name":"Big Fish","player_choice":"Box","floor":2,"damage_taken":0},{"event_name":"Purifier","player_choice":"One Purge","floor":3,"damage_taken":0},{"event_name":"Fountain of Cleansing","player_choice":"Removed Curse","floor":24,"damage_taken":0},{"event_name":"The Library","player_choice":"Heal","floor":27,"damage_taken":0},{"event_name":"Beggar","player_choice":"Ignored","floor":28,"damage_taken":0},{"event_name":"Forgotten Altar","player_choice":"Shed Blood","floor":29,"damage_taken":0}],"boss_relics":[{"not_picked":["Velvet Choker","Snecko Eye"],"picked":"Calling Bell"}],"potions_floor_spawned":[6,12,13,14,16,18,20,31],"seed_played":"3530959251666637171","killed_by":"Collector","ascension_level":0,"is_trial":false}