{"path_per_floor":["M","M","M","M","$","R","M","R","T","$","?","M","R","E","R","B",null,"M","$","?","?","M","R","M","M","T","R","M"],"character_chosen":"IRONCLAD","items_purchased":[],"gold_per_floor":[116,127,147,166,91,91,111,111,111,11,11,29,29,62,62,162,162,182,57,57,57,70,70,88,108,132,132,151],"floor_reached":29,"campfire_rested":1,"playtime":1239,"current_hp_per_floor":[80,78,80,73,73,73,79,79,79,79,79,80,80,75,75,32,80,80,80,64,64,55,55,52,42,42,66,72],"items_purged":["Defend_R","Defend_R","Defend_R"],"gold":151,"score":227,"play_id":"eb3aaeae-ff03-4a36-bb11-d7a85dd6838d","local_time":"20180302204540","is_prod":false,"is_daily":false,"is_ascension_mode":false,"campfire_upgraded":5,"timestamp":1520019940,"path_taken":["M","?","M","M","$","R","M","R","T","$","?","M","R","E","R","BOSS","M","$","?","?","M","R","M","M","T","R","M","E"],"build_version":"2018-03-01-PROD1","purchased_purges":3,"victory":false,"master_deck":["Strike_R","Strike_R","Strike_R","Strike_R","Strike_R","Defend_R","Bash","Headbutt","Iron Wave+1","Flex","Pummel","Iron Wave+1","Exhume+1","Perfected Strike+1","Disarm","Double Tap+1","Thunderclap","Clash","Twin Strike+1"],"max_hp_per_floor":[80,80,80,80,80,80,80,80,80,80,80,80,80,80,80,80,80,80,80,80,80,80,80,80,80,80,80,80],"relics":["Burning Blood","Dead Branch","Ancient Tea Set","Velvet Choker","Nilry\u0027s Codex","Bronze Scales"],"card_choices":[{"not_picked":["Shrug It Off","Flex"],"picked":"Headbutt"},{"not_picked":["Havoc","Burning Pact"],"picked":"Iron Wave"},{"not_picked":["Heavy Blade","Armaments"],"picked":"Flex"},{"not_picked":["Entrench","Carnage"],"picked":"Pummel"},{"not_picked":["True Grit","Intimidate"],"picked":"Iron Wave"},{"not_picked":["Disarm","Battle Trance"],"picked":"Exhume"},{"not_picked":["Heavy Blade","Headbutt"],"picked":"Perfected Strike"},{"not_picked":["Sword Boomerang","Rage"],"picked":"Disarm"},{"not_picked":["Bludgeon","Exhume"],"picked":"Double Tap"},{"not_picked":["Pommel Strike","Evolve"],"picked":"Thunderclap"},{"not_picked":["Twin Strike","Combust"],"picked":"Clash"},{"not_picked":["Inflame","Body Slam"],"picked":"Twin Strike"}],"player_experience":172794,"potions_floor_usage":[14,25,25,28],"damage_taken":[{"damage":6,"enemies":"Cultist","floor":1,"turns":3},{"damage":8,"enemies":"2 Louse","floor":2,"turns":3},{"damage":1,"enemies":"Jaw Worm","floor":3,"turns":3},{"damage":13,"enemies":"2 Fungi Beasts","floor":4,"turns":3},{"damage":0,"enemies":"Exordium Wildlife","floor":7,"turns":3},{"damage":3,"enemies":"Large Slime","floor":12,"turns":5},{"damage":11,"enemies":"Lagavulin","floor":14,"turns":4},{"damage":49,"enemies":"Hexaghost","floor":16,"turns":9},{"damage":4,"enemies":"3 Byrds","floor":18,"turns":6},{"damage":15,"enemies":"Shell Parasite","floor":22,"turns":4},{"damage":9,"enemies":"Snake Plant","floor":24,"turns":3},{"damage":16,"enemies":"Slaver and Parasite","floor":25,"turns":3},{"damage":0,"enemies":"Centurion and Healer","floor":28,"turns":3},{"damage":74,"enemies":"Gremlin Leader","floor":29,"turns":4}],"event_choices":[{"event_name":"The Cleric","player_choice":"Leave","floor":11,"damage_taken":0},{"event_name":"Cursed Tome","player_choice":"Obtained Book","floor":20,"damage_taken":0},{"event_name":"Drug Dealer","player_choice":"Ignored","floor":21,"damage_taken":0}],"boss_relics":[{"not_picked":["Calling Bell","Runic Cube"],"picked":"Velvet Choker"}],"potions_floor_spawned":[3,7,14,16,18],"seed_played":"6857944776565577621","killed_by":"Gremlin Leader","ascension_level":0,"is_trial":false}