{"gold_per_floor":[117,128,128,142,217,217,252,268,268,140,152,152,77,92,92,167,167,167,147,147,147,147,147,147,72,72,72,72,72,72],"floor_reached":30,"playtime":1105,"items_purged":["Strike_R"],"score":468,"play_id":"09005a77-6bc5-4cc7-ae4d-dd60d58fbfa9","local_time":"20190107115029","is_ascension_mode":true,"campfire_choices":[{"data":"Clothesline","floor":6,"key":"SMITH"},{"data":"Whirlwind","floor":12,"key":"SMITH"},{"data":"Armaments","floor":15,"key":"SMITH"},{"floor":23,"key":"REST"},{"data":"Limit Break","floor":27,"key":"SMITH"}],"neow_cost":"NONE","seed_source_timestamp":7926319652329,"circlet_count":0,"master_deck":["AscendersBane","Strike_R","Strike_R","Strike_R","Defend_R","Defend_R","Defend_R","Defend_R","Bash+1","Reckless Charge","Metallicize","Clothesline+1","Anger","Whirlwind+1","Shrug It Off","Evolve","Inflame","Armaments+1","Limit Break+1","Body Slam","Shrug It Off"],"relics":["Burning Blood","Centennial Puzzle","Bottled Flame","Ectoplasm","Red Mask","Charon\u0027s Ashes"],"potions_floor_usage":[7,19,21,28,29],"damage_taken":[{"damage":16,"enemies":"Jaw Worm","floor":1,"turns":5},{"damage":1,"enemies":"2 Louse","floor":2,"turns":3},{"damage":7,"enemies":"Small Slimes","floor":4,"turns":4},{"damage":27,"enemies":"3 Sentries","floor":7,"turns":11},{"damage":7,"enemies":"Exordium Wildlife","floor":8,"turns":4},{"damage":0,"enemies":"Lots of Slimes","floor":11,"turns":1},{"damage":11,"enemies":"Exordium Thugs","floor":14,"turns":2},{"damage":10,"enemies":"Hexaghost","floor":16,"turns":10},{"damage":21,"enemies":"Spheric Guardian","floor":18,"turns":5},{"damage":11,"enemies":"2 Thieves","floor":19,"turns":2},{"damage":19,"enemies":"Snake Plant","floor":20,"turns":4},{"damage":0,"enemies":"Masked Bandits","floor":21,"turns":1},{"damage":20,"enemies":"Snecko","floor":22,"turns":5},{"damage":29,"enemies":"Sentry and Sphere","floor":24,"turns":6},{"damage":5,"enemies":"Centurion and Healer","floor":28,"turns":6},{"damage":9,"enemies":"Colosseum Slavers","floor":29,"turns":2},{"damage":24,"enemies":"Snake Plant","floor":30,"turns":3}],"seed_played":"-4331338601067909756","potions_obtained":[{"floor":1,"key":"FearPotion"},{"floor":14,"key":"FearPotion"},{"floor":16,"key":"Poison Potion"},{"floor":18,"key":"LiquidBronze"},{"floor":20,"key":"Strength Potion"},{"floor":22,"key":"Energy Potion"},{"floor":28,"key":"FearPotion"}],"is_trial":false,"path_per_floor":["M","M","?","M","?","R","E","M","T","$","M","R","$","M","R","B",null,"M","M","M","?","M","R","M","?","T","R","M","?","M"],"character_chosen":"IRONCLAD","items_purchased":["Shrug It Off","Inflame"],"campfire_rested":1,"item_purchase_floors":[10,13],"current_hp_per_floor":[58,63,63,62,51,51,30,29,29,29,35,35,35,30,30,26,63,48,43,30,36,22,44,21,21,21,21,22,19,0],"gold":72,"neow_bonus":"RANDOM_COMMON_RELIC","is_prod":false,"is_daily":false,"chose_seed":false,"campfire_upgraded":4,"win_rate":0,"timestamp":1546858229,"path_taken":["M","M","?","M","?","R","E","M","T","?","M","R","$","M","R","BOSS","M","M","M","?","M","R","M","?","T","R","M","?","M"],"build_version":"2019-01-03v4","purchased_purges":1,"victory":false,"max_hp_per_floor":[75,75,75,75,75,75,75,75,75,75,75,75,75,75,75,75,75,75,75,75,75,75,75,75,75,75,75,75,75,75],"card_choices":[{"not_picked":["Clash","Pummel"],"picked":"Reckless Charge","floor":1},{"not_picked":["Wild Strike","Seeing Red"],"picked":"Metallicize","floor":2},{"not_picked":["Twin Strike","Anger"],"picked":"Clothesline","floor":4},{"not_picked":["Carnage","Fire Breathing"],"picked":"Anger","floor":7},{"not_picked":["Inflame","Body Slam"],"picked":"Whirlwind","floor":8},{"not_picked":["Sever Soul","Armaments"],"picked":"Evolve","floor":11},{"not_picked":["Sword Boomerang","Clothesline"],"picked":"Armaments","floor":14},{"not_picked":["Double Tap","Reaper"],"picked":"Limit Break","floor":16},{"not_picked":["Evolve","Wild Strike","Dropkick"],"picked":"SKIP","floor":18},{"not_picked":["Iron Wave","Wild Strike","Flex"],"picked":"SKIP","floor":19},{"not_picked":["Armaments","Thunderclap"],"picked":"Body Slam","floor":20},{"not_picked":["Armaments","True Grit"],"picked":"Shrug It Off","floor":22},{"not_picked":["Headbutt","Heavy Blade","Ghostly Armor"],"picked":"SKIP","floor":24},{"not_picked":["Flex","Carnage+1","Warcry"],"picked":"SKIP","floor":28}],"player_experience":1836354,"relics_obtained":[{"floor":9,"key":"Bottled Flame"},{"floor":21,"key":"Red Mask"},{"floor":26,"key":"Charon\u0027s Ashes"}],"event_choices":[{"damage_healed":0,"gold_gain":0,"player_choice":"Grow","damage_taken":0,"max_hp_gain":0,"max_hp_loss":0,"event_name":"Living Wall","floor":3,"gold_loss":0,"cards_upgraded":["Bash"]},{"damage_healed":0,"gold_gain":75,"player_choice":"Gather Gold","damage_taken":11,"max_hp_gain":0,"max_hp_loss":0,"event_name":"World of Goop","floor":5,"gold_loss":0},{"damage_healed":0,"gold_gain":0,"player_choice":"Fought Bandits","damage_taken":0,"max_hp_gain":0,"max_hp_loss":0,"event_name":"Masked Bandits","floor":21,"gold_loss":0},{"cards_removed":["Strike_R"],"damage_healed":0,"gold_gain":0,"player_choice":"Gave Gold","damage_taken":0,"max_hp_gain":0,"max_hp_loss":0,"event_name":"Beggar","floor":25,"gold_loss":75},{"damage_healed":0,"gold_gain":0,"player_choice":"Fight","damage_taken":0,"max_hp_gain":0,"max_hp_loss":0,"event_name":"Colosseum","floor":29,"gold_loss":0},{"damage_healed":0,"gold_gain":0,"player_choice":"Fled From Nobs","damage_taken":0,"max_hp_gain":0,"max_hp_loss":0,"event_name":"Colosseum","floor":29,"gold_loss":0}],"is_beta":false,"boss_relics":[{"not_picked":["Black Blood","Velvet Choker"],"picked":"Ectoplasm"}],"items_purged_floors":[10],"is_endless":false,"potions_floor_spawned":[1,14,16,18,20,22,28,29],"killed_by":"Snake Plant","ascension_level":20}