{"gold_per_floor":[113,130,305,323,340,403,416,416,416,491,491,491,517,541,541,646,646,660,14,25,25,44,44,44,44,44,59,108,141,241,241,241,342,342,361,361,29,48,58,58,83,96,96,131,141,141,69,87,87,87,87,87,17,46,46],"floor_reached":55,"playtime":3468,"items_purged":["Doubt"],"score":878,"play_id":"1c7942b8-d81a-416e-ba00-001b17f671b4","local_time":"20190210180107","is_ascension_mode":true,"campfire_choices":[{"floor":8,"key":"REST"},{"floor":11,"key":"REST"},{"data":"Backflip","floor":15,"key":"SMITH"},{"floor":23,"key":"REST"},{"floor":25,"key":"REST"},{"floor":32,"key":"REST"},{"floor":40,"key":"REST"},{"floor":46,"key":"REST"},{"floor":49,"key":"RECALL"},{"floor":52,"key":"DIG"}],"neow_cost":"CURSE","seed_source_timestamp":238667492355071,"circlet_count":0,"master_deck":["Defend_G+1","Defend_G+1","Defend_G+1","Defend_G+1","Defend_G+1","Strike_G+1","Strike_G+1","Strike_G+1","Strike_G+1","Strike_G+1","Survivor","Neutralize","Clumsy","A Thousand Cuts+1","Backflip+1","Endless Agony","Deflect","Poisoned Stab","Well Laid Plans","Blade Dance","Cloak And Dagger","Envenom","Blade Dance","Slice","Cloak And Dagger","Bane","Catalyst","Decay","Noxious Fumes+1","Blade Dance","After Image","Accuracy","Deflect+1","Crippling Poison+1","Backflip+1","Quick Slash","Escape Plan+1","Acrobatics+1","Quick Slash","Prepared+1"],"relics":["Ring of the Snake","Tiny Chest","Kunai","Odd Mushroom","Fusion Hammer","Vajra","Ice Cream","Blue Candle","Snake Skull","Shovel","Girya","Mercury Hourglass","Mummified Hand","Busted Crown","Ninja Scroll","PreservedInsect","Darkstone Periapt","Toxic Egg 2","Dodecahedron","Centennial Puzzle"],"potions_floor_usage":[29,30,38,44,50,55,55],"damage_taken":[{"damage":0,"enemies":"Small Slimes","floor":1,"turns":4},{"damage":8,"enemies":"2 Louse","floor":2,"turns":3},{"damage":0,"enemies":"Cultist","floor":4,"turns":4},{"damage":14,"enemies":"Blue Slaver","floor":5,"turns":5},{"damage":34,"enemies":"3 Sentries","floor":6,"turns":10},{"damage":15,"enemies":"Exordium Wildlife","floor":7,"turns":7},{"damage":13,"enemies":"The Mushroom Lair","floor":14,"turns":5},{"damage":24,"enemies":"Slime Boss","floor":16,"turns":10},{"damage":20,"enemies":"Shell Parasite","floor":18,"turns":7},{"damage":11,"enemies":"2 Thieves","floor":20,"turns":4},{"damage":19,"enemies":"Snake Plant","floor":22,"turns":4},{"damage":14,"enemies":"Shelled Parasite and Fungi","floor":27,"turns":5},{"damage":2,"enemies":"Gremlin Leader","floor":29,"turns":6},{"damage":18,"enemies":"Colosseum Slavers","floor":30,"turns":4},{"damage":8,"enemies":"Colosseum Nobs","floor":30,"turns":4},{"damage":2,"enemies":"Collector","floor":33,"turns":7},{"damage":0,"enemies":"3 Shapes","floor":35,"turns":3},{"damage":44,"enemies":"3 Darklings","floor":38,"turns":5},{"damage":1,"enemies":"Transient","floor":39,"turns":5},{"damage":13,"enemies":"Spire Growth","floor":42,"turns":3},{"damage":11,"enemies":"Nemesis","floor":44,"turns":5},{"damage":5,"enemies":"3 Darklings","floor":45,"turns":3},{"damage":12,"enemies":"Writhing Mass","floor":48,"turns":5},{"damage":11,"enemies":"Awakened One","floor":50,"turns":11},{"damage":40,"enemies":"Shield and Spear","floor":54,"turns":5},{"damage":50,"enemies":"The Heart","floor":55,"turns":5}],"seed_played":"-8582864485120691866","potions_obtained":[{"floor":2,"key":"SpeedPotion"},{"floor":5,"key":"FairyPotion"},{"floor":6,"key":"FairyPotion"},{"floor":16,"key":"SteroidPotion"},{"floor":29,"key":"AttackPotion"},{"floor":33,"key":"Energy Potion"},{"floor":42,"key":"GhostInAJar"},{"floor":44,"key":"GhostInAJar"},{"floor":54,"key":"Fire Potion"}],"is_trial":false,"path_per_floor":["M","M","?","M","M","E","M","R","T","?","R","?","T","?","R","B",null,"M","$","M","?","M","R","?","R","T","M","T","E","?","T","R","B",null,"M","?","$","M","M","R","T","M","T","E","M","R","$","M","R","B",null,"R","$","E","B"],"character_chosen":"THE_SILENT","items_purchased":["Slice","Cloak And Dagger","Vajra","Ice Cream","Bane","Accuracy","Ninja Scroll","Backflip+1","Quick Slash","Acrobatics+1","Quick Slash"],"campfire_rested":7,"item_purchase_floors":[19,19,19,19,19,37,37,47,47,53,53],"current_hp_per_floor":[70,62,62,62,48,14,7,28,28,17,38,38,38,25,25,1,70,50,50,39,39,20,41,41,62,62,48,48,46,20,20,41,39,70,70,70,70,26,25,46,46,33,33,22,17,38,38,26,26,15,70,70,70,30,0],"gold":46,"neow_bonus":"THREE_RARE_CARDS","is_prod":false,"is_daily":false,"chose_seed":false,"campfire_upgraded":1,"win_rate":0,"timestamp":1549818067,"path_taken":["M","M","?","M","M","E","M","R","T","?","R","?","?","?","R","BOSS","M","$","M","?","?","R","?","R","T","M","?","E","?","?","R","BOSS","M","?","$","M","M","R","?","?","T","E","M","R","?","M","R","BOSS","R","$","E","BOSS"],"build_version":"2019-01-23","purchased_purges":1,"victory":false,"max_hp_per_floor":[70,70,70,70,70,70,70,70,70,70,70,70,70,70,70,70,70,70,70,70,70,70,70,70,70,70,70,70,70,70,70,70,70,70,70,70,70,70,70,70,70,70,70,70,70,70,70,70,70,70,70,70,70,70,70],"card_choices":[{"not_picked":["Night Terror","Wraith Form v2"],"picked":"A Thousand Cuts","floor":0},{"not_picked":["PiercingWail","Dagger Throw"],"picked":"Backflip","floor":1},{"not_picked":["Dodge and Roll","Sucker Punch"],"picked":"Endless Agony","floor":2},{"not_picked":["Bouncing Flask","Reflex"],"picked":"Deflect","floor":4},{"not_picked":["Bullet Time","PiercingWail"],"picked":"Poisoned Stab","floor":5},{"not_picked":["Backstab","Masterful Stab"],"picked":"Well Laid Plans","floor":6},{"not_picked":["Backstab","Deflect"],"picked":"Blade Dance","floor":7},{"not_picked":["Dagger Spray","Poisoned Stab"],"picked":"Cloak And Dagger","floor":14},{"not_picked":["Grand Finale","Malaise"],"picked":"Envenom","floor":16},{"not_picked":["Reflex","Catalyst"],"picked":"Blade Dance","floor":18},{"not_picked":["Bane","Underhanded Strike"],"picked":"Catalyst","floor":20},{"not_picked":["Dash","Concentrate"],"picked":"Noxious Fumes+1","floor":22},{"not_picked":["Choke","Catalyst+1"],"picked":"Blade Dance","floor":27},{"not_picked":["Doppelganger","Masterful Stab"],"picked":"After Image","floor":29},{"not_picked":["Setup+1"],"picked":"SKIP","floor":35},{"not_picked":[],"picked":"Deflect+1","floor":38},{"not_picked":["Flying Knee"],"picked":"SKIP","floor":39},{"not_picked":["Prepared+1"],"picked":"SKIP","floor":42},{"not_picked":[],"picked":"Crippling Poison+1","floor":44},{"not_picked":["Dagger Throw"],"picked":"SKIP","floor":45},{"not_picked":[],"picked":"Escape Plan+1","floor":48},{"not_picked":[],"picked":"Prepared+1","floor":54}],"player_experience":141321,"relics_obtained":[{"floor":6,"key":"Tiny Chest"},{"floor":9,"key":"Kunai"},{"floor":14,"key":"Odd Mushroom"},{"floor":26,"key":"Blue Candle"},{"floor":28,"key":"Snake Skull"},{"floor":29,"key":"Shovel"},{"floor":30,"key":"Girya"},{"floor":30,"key":"Mercury Hourglass"},{"floor":31,"key":"Mummified Hand"},{"floor":41,"key":"PreservedInsect"},{"floor":43,"key":"Darkstone Periapt"},{"floor":44,"key":"Toxic Egg 2"},{"floor":52,"key":"Dodecahedron"},{"floor":54,"key":"Centennial Puzzle"}],"event_choices":[{"damage_healed":0,"gold_gain":175,"player_choice":"AGREE","damage_taken":0,"max_hp_gain":0,"max_hp_loss":0,"event_name":"Liars Game","floor":3,"gold_loss":0,"cards_obtained":["Doubt"]},{"damage_healed":0,"gold_gain":75,"player_choice":"Gather Gold","damage_taken":11,"max_hp_gain":0,"max_hp_loss":0,"event_name":"World of Goop","floor":10,"gold_loss":0},{"damage_healed":0,"gold_gain":0,"player_choice":"Grow","damage_taken":0,"max_hp_gain":0,"max_hp_loss":0,"event_name":"Living Wall","floor":12,"gold_loss":0,"cards_upgraded":["A Thousand Cuts"]},{"damage_healed":0,"gold_gain":0,"player_choice":"Fought Mushrooms","damage_taken":0,"max_hp_gain":0,"max_hp_loss":0,"event_name":"Mushrooms","floor":14,"gold_loss":0},{"damage_healed":0,"gold_gain":0,"player_choice":"Cursed","damage_taken":0,"max_hp_gain":0,"max_hp_loss":0,"event_name":"Wheel of Change","floor":21,"gold_loss":0,"cards_obtained":["Decay"]},{"damage_healed":0,"gold_gain":0,"player_choice":"Simplicity","damage_taken":0,"max_hp_gain":0,"max_hp_loss":0,"event_name":"Back to Basics","floor":24,"gold_loss":0,"cards_upgraded":["Defend_G","Defend_G","Defend_G","Defend_G","Defend_G","Strike_G","Strike_G","Strike_G","Strike_G","Strike_G"]},{"damage_healed":0,"gold_gain":0,"player_choice":"Fight","damage_taken":0,"max_hp_gain":0,"max_hp_loss":0,"event_name":"Colosseum","floor":30,"gold_loss":0},{"damage_healed":0,"gold_gain":0,"player_choice":"Fought Nobs","damage_taken":0,"max_hp_gain":0,"max_hp_loss":0,"event_name":"Colosseum","floor":30,"gold_loss":0},{"damage_healed":0,"gold_gain":0,"player_choice":"Ignored","damage_taken":0,"max_hp_gain":0,"max_hp_loss":0,"event_name":"Tomb of Lord Red Mask","floor":36,"gold_loss":0}],"is_beta":false,"boss_relics":[{"not_picked":["Tiny House","Cursed Key"],"picked":"Fusion Hammer"},{"not_picked":["Coffee Dripper","Runic Pyramid"],"picked":"Busted Crown"}],"items_purged_floors":[19],"is_endless":false,"potions_floor_spawned":[2,5,6,16,27,29,33,42,44,45,54],"killed_by":"The Heart","ascension_level":1}