{"path_per_floor":["M","?","?","M","M","R","M","M","T","R","E","M","$","M","R","B",null,"M","T","?","M","M","R","M","M","T","M","R","$","M","M","R","B",null,"M","M","$","M","M","R","?","R","T","M","?","M","?","M","R","B"],"character_chosen":"IRONCLAD","items_purchased":["Apotheosis","Swift Potion","Metallicize","Happy Flower"],"gold_per_floor":[119,119,119,131,142,142,161,176,176,176,206,226,45,63,63,163,163,181,181,181,193,205,205,217,227,227,245,245,120,132,148,148,247,247,263,274,98,114,129,129,129,129,129,141,141,156,156,175,175,175],"floor_reached":51,"campfire_rested":1,"playtime":5971,"current_hp_per_floor":[80,68,68,69,72,72,73,67,67,67,55,57,57,56,56,38,80,80,80,80,76,79,79,80,48,48,60,60,60,62,55,80,80,80,73,77,77,70,80,80,80,80,80,76,76,61,61,73,73,54],"items_purged":["Strike_R"],"gold":175,"score":484,"play_id":"f60559fc-23ec-40e4-8f02-c4debe1f2261","is_prod":false,"is_daily":false,"is_ascension_mode":false,"campfire_upgraded":8,"path_taken":["M","?","?","M","M","R","M","?","T","R","E","M","$","M","R","BOSS","M","?","?","?","M","R","?","M","T","M","R","$","M","M","R","BOSS","M","?","$","M","M","R","?","R","T","M","?","?","?","?","R","BOSS"],"build_version":"2018-02-15-PROD1","purchased_purges":1,"victory":true,"master_deck":["Strike_R","Defend_R","Defend_R","Defend_R","Defend_R","Bash","Impervious+1","Corruption+1","Pommel Strike","Heavy Blade","Bloodletting","Armaments+1","Intimidate+1","Bludgeon","Apotheosis+1","Shrug It Off+1","Barricade+1","Headbutt","Metallicize+1","Heavy Blade","Body Slam","Armaments","Dual Wield","Iron Wave+1","Body Slam+1","Offering","Flex+1","Impervious+1","Rage+1","Body Slam+1","Metallicize+1","Shockwave+1","Barricade+1","Shrug It Off+1"],"max_hp_per_floor":[80,80,80,80,80,80,80,80,80,80,80,80,80,80,80,80,80,80,80,80,80,80,80,80,80,80,80,80,80,80,80,80,80,80,80,80,80,80,80,80,80,80,80,80,80,80,80,80,80,80],"relics":["Burning Blood","Ice Cream","Letter Opener","Oddly Smooth Stone","Velvet Choker","Regal Pillow","Bird Faced Urn","Astrolabe","Happy Flower","Ancient Tea Set"],"card_choices":[{"not_picked":["Perfected Strike","Hemokinesis"],"picked":"Corruption"},{"not_picked":["Twin Strike","Combust"],"picked":"Pommel Strike"},{"not_picked":["Sword Boomerang","Dual Wield"],"picked":"Heavy Blade"},{"not_picked":["Thunderclap","Sword Boomerang"],"picked":"Bloodletting"},{"not_picked":["Twin Strike","Sever Soul"],"picked":"Armaments"},{"not_picked":["Cleave","Dropkick"],"picked":"Intimidate"},{"not_picked":["Uppercut","Searing Blow"],"picked":"Bludgeon"},{"not_picked":["Rupture","Perfected Strike"],"picked":"Shrug It Off"},{"not_picked":["Demon Form","Fiend Fire"],"picked":"Barricade"},{"not_picked":["Burning Pact","Sword Boomerang"],"picked":"Headbutt"},{"not_picked":["Reckless Charge","Anger"],"picked":"Heavy Blade"},{"not_picked":["Rupture","Sword Boomerang"],"picked":"Body Slam"},{"not_picked":["Flex","Clash"],"picked":"Armaments"},{"not_picked":["Bludgeon","Sword Boomerang"],"picked":"Dual Wield"},{"not_picked":["Shrug It Off","Dropkick"],"picked":"Iron Wave"},{"not_picked":["Twin Strike","Thunderclap"],"picked":"Body Slam"},{"not_picked":["Limit Break","Barricade"],"picked":"Offering"},{"not_picked":["Corruption","True Grit"],"picked":"Body Slam"},{"not_picked":["Cleave","Heavy Blade"],"picked":"Shockwave"},{"not_picked":["Power Through","Infernal Blade"],"picked":"Shrug It Off"}],"player_experience":6363,"potions_floor_usage":[25,25,38,50,50,50],"damage_taken":[{"damage":6,"enemies":"Cultist","floor":1,"turns":3},{"damage":5,"enemies":"Small Slimes","floor":4,"turns":4},{"damage":3,"enemies":"Jaw Worm","floor":5,"turns":3},{"damage":5,"enemies":"Large Slime","floor":7,"turns":6},{"damage":12,"enemies":"Looter","floor":8,"turns":4},{"damage":18,"enemies":"Gremlin Nob","floor":11,"turns":5},{"damage":4,"enemies":"Exordium Wildlife","floor":12,"turns":5},{"damage":7,"enemies":"Red Slaver","floor":14,"turns":4},{"damage":24,"enemies":"Hexaghost","floor":16,"turns":9},{"damage":1,"enemies":"Shell Parasite","floor":18,"turns":3},{"damage":10,"enemies":"3 Byrds","floor":21,"turns":8},{"damage":3,"enemies":"Centurion and Healer","floor":22,"turns":6},{"damage":0,"enemies":"Snake Plant","floor":24,"turns":5},{"damage":38,"enemies":"3 Cultists","floor":25,"turns":6},{"damage":0,"enemies":"Snecko","floor":27,"turns":6},{"damage":8,"enemies":"Centurion and Healer","floor":30,"turns":10},{"damage":19,"enemies":"Slaver and Parasite","floor":31,"turns":7},{"damage":7,"enemies":"Champ","floor":33,"turns":9},{"damage":17,"enemies":"3 Shapes","floor":35,"turns":7},{"damage":4,"enemies":"Orb Walker","floor":36,"turns":3},{"damage":19,"enemies":"3 Darklings","floor":38,"turns":8},{"damage":0,"enemies":"Maw","floor":39,"turns":8},{"damage":16,"enemies":"Sphere and 2 Shapes","floor":44,"turns":8},{"damage":27,"enemies":"3 Darklings","floor":46,"turns":9},{"damage":0,"enemies":"Maw","floor":48,"turns":7},{"damage":50,"enemies":"Awakened One","floor":50,"turns":11}],"event_choices":[{"event_name":"Scrap Ooze","player_choice":"success","floor":2,"damage_taken":12},{"event_name":"Liars Game","player_choice":"disagreed","floor":3,"damage_taken":0},{"event_name":"The Library","player_choice":"Read","floor":20,"damage_taken":0},{"event_name":"Upgrade Shrine","player_choice":"Upgraded","floor":41,"damage_taken":0},{"event_name":"The Woman in Blue","player_choice":"Bought 0 Potions","floor":45,"damage_taken":0},{"event_name":"Duplicator","player_choice":"One dupe","floor":47,"damage_taken":0}],"boss_relics":[{"not_picked":["Eternal Feather","Black Star"],"picked":"Velvet Choker"},{"not_picked":["Tiny House","Mark of Pain"],"picked":"Astrolabe"}],"potions_floor_spawned":[4,7,8,16,18,24,27,30,38,46,48],"seed_played":"-2112236255256587940","ascension_level":0,"is_trial":false}