{"gold_per_floor":[117,117,117,3,23,57,57,80,80,119,133,172,172,188,188,312,312,331,350,366,122,135,135,135],"floor_reached":24,"playtime":1220,"items_purged":["Regret","Strike_R"],"score":262,"play_id":"7f2a417e-b031-48c6-afff-f240ee4ec292","local_time":"20190210195859","is_ascension_mode":true,"campfire_choices":[{"floor":15,"key":"REST"},{"data":"Metallicize","floor":23,"key":"SMITH"}],"neow_cost":"NONE","seed_source_timestamp":248001409458630,"circlet_count":0,"master_deck":["Strike_R","Strike_R","Strike_R","Defend_R","Defend_R","Defend_R","Defend_R","Bash","Iron Wave","Metallicize+1","Reckless Charge","Blood for Blood","Reckless Charge","Disarm","Havoc","Dropkick","Barricade","Clash+1","Clash","Body Slam+1","Berserk"],"relics":["Burning Blood","Lantern","Bird Faced Urn","Golden Idol","Orichalcum","Paper Frog","Bottled Lightning","Strawberry","Sozu","Vajra"],"potions_floor_usage":[6,10,12,14,14,14,18,24],"damage_taken":[{"damage":5,"enemies":"Small Slimes","floor":1,"turns":3},{"damage":13,"enemies":"Jaw Worm","floor":5,"turns":4},{"damage":21,"enemies":"Gremlin Nob","floor":6,"turns":5},{"damage":0,"enemies":"2 Louse","floor":8,"turns":3},{"damage":25,"enemies":"Lagavulin","floor":10,"turns":8},{"damage":7,"enemies":"Looter","floor":11,"turns":3},{"damage":25,"enemies":"3 Sentries","floor":12,"turns":8},{"damage":0,"enemies":"Large Slime","floor":14,"turns":6},{"damage":16,"enemies":"Hexaghost","floor":16,"turns":11},{"damage":12,"enemies":"Chosen","floor":18,"turns":8},{"damage":9,"enemies":"Shell Parasite","floor":19,"turns":5},{"damage":37,"enemies":"Snecko","floor":20,"turns":6},{"damage":29,"enemies":"Cultist and Chosen","floor":22,"turns":7},{"damage":44,"enemies":"Slavers","floor":24,"turns":2}],"seed_played":"549456700280210424","potions_obtained":[{"floor":5,"key":"SkillPotion"},{"floor":8,"key":"Poison Potion"},{"floor":11,"key":"Fire Potion"},{"floor":12,"key":"EntropicBrew"},{"floor":16,"key":"Strength Potion"}],"is_trial":false,"path_per_floor":["M","?","?","$","M","E","?","M","T","E","M","E","?","M","R","B",null,"M","M","M","$","M","R","E"],"character_chosen":"IRONCLAD","items_purchased":["Metallicize","Vajra"],"campfire_rested":1,"item_purchase_floors":[4,21],"current_hp_per_floor":[80,80,60,60,55,42,35,43,43,26,25,15,3,11,37,29,87,81,82,55,55,36,36,0],"gold":135,"neow_bonus":"RANDOM_COMMON_RELIC","is_prod":false,"is_daily":false,"chose_seed":false,"campfire_upgraded":1,"win_rate":0,"timestamp":1549825139,"path_taken":["M","?","?","?","?","E","?","M","T","E","M","E","?","M","R","BOSS","M","M","M","$","M","R","E"],"build_version":"2019-01-23","purchased_purges":2,"victory":false,"max_hp_per_floor":[80,80,80,80,80,80,80,80,80,80,80,87,87,87,87,87,87,87,87,87,87,87,87,87],"card_choices":[{"not_picked":["Twin Strike","Thunderclap"],"picked":"Iron Wave","floor":1},{"not_picked":["Cleave","Seeing Red"],"picked":"Reckless Charge","floor":5},{"not_picked":["Sentinel","Heavy Blade"],"picked":"Blood for Blood","floor":6},{"not_picked":["Thunderclap","Cleave","Sentinel"],"picked":"SKIP","floor":8},{"not_picked":["Thunderclap","Second Wind"],"picked":"Reckless Charge","floor":10},{"not_picked":["Anger","Intimidate"],"picked":"Disarm","floor":11},{"not_picked":["Flex","Shrug It Off"],"picked":"Havoc","floor":12},{"not_picked":["Sword Boomerang","Shrug It Off"],"picked":"Dropkick","floor":14},{"not_picked":["Demon Form","Offering"],"picked":"Barricade","floor":16},{"not_picked":["Flex","Seeing Red"],"picked":"Clash+1","floor":18},{"not_picked":["Anger","Heavy Blade"],"picked":"Clash","floor":19},{"not_picked":["Spot Weakness","Disarm"],"picked":"Body Slam+1","floor":20},{"not_picked":["Spot Weakness","Wild Strike"],"picked":"Berserk","floor":22}],"player_experience":149031,"relics_obtained":[{"floor":6,"key":"Orichalcum"},{"floor":9,"key":"Paper Frog"},{"floor":10,"key":"Bottled Lightning"},{"floor":12,"key":"Strawberry"}],"event_choices":[{"damage_healed":0,"gold_gain":0,"player_choice":"Box","damage_taken":0,"relics_obtained":["Bird Faced Urn"],"max_hp_gain":0,"max_hp_loss":0,"event_name":"Big Fish","floor":2,"gold_loss":0,"cards_obtained":["Regret"]},{"damage_healed":0,"gold_gain":0,"player_choice":"Take Damage","damage_taken":20,"relics_obtained":["Golden Idol"],"max_hp_gain":0,"max_hp_loss":0,"event_name":"Golden Idol","floor":3,"gold_loss":0},{"cards_removed":["Strike_R"],"damage_healed":0,"gold_gain":0,"player_choice":"Card Removal","damage_taken":7,"max_hp_gain":0,"max_hp_loss":0,"event_name":"Golden Wing","floor":7,"gold_loss":0},{"damage_healed":0,"gold_gain":0,"player_choice":"Fled","damage_taken":12,"max_hp_gain":0,"max_hp_loss":0,"event_name":"Scrap Ooze","floor":13,"gold_loss":0}],"is_beta":false,"boss_relics":[{"not_picked":["Philosopher\u0027s Stone","Astrolabe"],"picked":"Sozu"}],"items_purged_floors":[4,21],"is_endless":false,"potions_floor_spawned":[5,8,11,12,16],"killed_by":"Slavers","ascension_level":4}