{"gold_per_floor":[118,118,118,128,201,201,151,151,151,171,188,114,126,151,151,253,303,320,338,338,348,273,273,283,107,132,132,162,180,80,80,80,178,178,189,189,289,146,162,162,44,60,60,91,91,118,118,131,131,131],"floor_reached":51,"playtime":2781,"items_purged":["Strike_B","Defend_B","Defend_B","Defend_B","Decay"],"score":866,"play_id":"35875830-7787-40f1-94ca-fddf3841c8f3","local_time":"20190213212306","is_ascension_mode":true,"campfire_choices":[{"data":"Fission","floor":6.0,"key":"SMITH"},{"data":"Zap","floor":8.0,"key":"SMITH"},{"data":"Steam","floor":15.0,"key":"SMITH"},{"floor":23.0,"key":"REST"},{"data":"Self Repair","floor":27.0,"key":"SMITH"},{"data":"Coolheaded","floor":32.0,"key":"SMITH"},{"data":"Defragment","floor":40,"key":"SMITH"},{"data":"Coolheaded","floor":45,"key":"SMITH"},{"data":"Reboot","floor":47,"key":"SMITH"},{"data":"Chill","floor":49,"key":"SMITH"}],"neow_cost":"NONE","seed_source_timestamp":117767430416997,"circlet_count":0,"master_deck":["Strike_B+1","Zap+1","Dualcast+1","Fission+1","Chill+1","Gash","Cold Snap","Conserve Battery+1","Steam+1","Gash","Echo Form","Loop+1","Beam Cell","Conserve Battery+1","Self Repair+1","Panacea","Defragment+1","Coolheaded+1","Core Surge","Gash+1","BootSequence+1","Defragment+1","Coolheaded+1","Scrape","Reboot+1","Leap+1","Glacier"],"special_seed":0,"relics":["Cracked Core","Smiling Mask","Matryoshka","Strawberry","Anchor","War Paint","Tiny House","Blood Vial","Ancient Tea Set","Red Mask","Inserter","Bird Faced Urn","Question Card","Art of War","Happy Flower"],"potions_floor_usage":[50,50,50],"damage_taken":[{"damage":0.0,"enemies":"Small Slimes","floor":1.0,"turns":3.0},{"damage":5.0,"enemies":"Jaw Worm","floor":4.0,"turns":3.0},{"damage":1.0,"enemies":"Cultist","floor":10.0,"turns":3.0},{"damage":3.0,"enemies":"Large Slime","floor":11.0,"turns":6.0},{"damage":0.0,"enemies":"Blue Slaver","floor":13.0,"turns":3.0},{"damage":1.0,"enemies":"3 Sentries","floor":14.0,"turns":7.0},{"damage":52.0,"enemies":"Hexaghost","floor":16.0,"turns":14.0},{"damage":18.0,"enemies":"Chosen","floor":18.0,"turns":5.0},{"damage":18.0,"enemies":"2 Thieves","floor":19.0,"turns":4.0},{"damage":13.0,"enemies":"Snecko","floor":21.0,"turns":7.0},{"damage":9.0,"enemies":"Snake Plant","floor":24.0,"turns":5.0},{"damage":9.0,"enemies":"Masked Bandits","floor":28.0,"turns":6.0},{"damage":0.0,"enemies":"3 Cultists","floor":29.0,"turns":6.0},{"damage":20.0,"enemies":"Automaton","floor":33.0,"turns":11.0},{"damage":1.0,"enemies":"3 Shapes","floor":35.0,"turns":7.0},{"damage":12,"enemies":"Mind Bloom Boss Battle","floor":37,"turns":10},{"damage":0,"enemies":"3 Darklings","floor":39,"turns":7},{"damage":20,"enemies":"Spire Growth","floor":42,"turns":5},{"damage":19,"enemies":"Nemesis","floor":44,"turns":9},{"damage":33,"enemies":"Giant Head","floor":46,"turns":9},{"damage":0,"enemies":"4 Shapes","floor":48,"turns":7},{"damage":19,"enemies":"Awakened One","floor":50,"turns":13}],"seed_played":"3619999594150955077","potions_obtained":[{"floor":1.0,"key":"AttackPotion"},{"floor":10.0,"key":"GamblersBrew"},{"floor":16.0,"key":"SneckoOil"},{"floor":17.0,"key":"LiquidBronze"},{"floor":24.0,"key":"Fire Potion"},{"floor":29.0,"key":"FocusPotion"},{"floor":35.0,"key":"Dexterity Potion"},{"floor":39,"key":"FocusPotion"}],"is_trial":false,"path_per_floor":["M","?","?","M","T","R","?","R","T","M","M","$","M","E","R","B",null,"M","M","?","M","?","R","M","$","T","R","?","M","$","?","R","B",null,"M","?","?","$","M","R","$","M","T","E","R","E","R","M","R","B",null],"character_chosen":"DEFECT","items_purchased":["Steam","Self Repair","Panacea","Coolheaded","Defragment","Coolheaded","Scrape"],"campfire_rested":1,"item_purchase_floors":[12,25,25,30,38,38,41],"current_hp_per_floor":[75,80,62,57,57,57,57,57,64,63,60,60,60,59,59,7,72,54,36,36,23,23,50,41,41,41,41,54,66,66,66,66,58,84,92,92,92,92,92,92,92,86,86,89,89,75,75,92,92,92],"gold":131,"neow_bonus":"ONE_RANDOM_RARE_CARD","is_prod":false,"is_daily":false,"chose_seed":false,"campfire_upgraded":9,"win_rate":0,"timestamp":1550089386,"path_taken":["M","?","?","M","?","R","?","R","T","M","M","$","M","E","R","BOSS","M","M","?","?","?","R","M","$","T","R","?","M","$","?","R","BOSS","M","?","?","$","?","R","?","M","T","E","R","E","R","M","R","BOSS"],"build_version":"2019-01-23","purchased_purges":5,"victory":true,"max_hp_per_floor":[75,80,80,80,80,80,80,80,87,87,87,87,87,87,87,87,92,92,92,92,92,92,92,92,92,92,92,92,92,92,92,92,92,92,92,92,92,92,92,92,92,92,92,92,92,92,92,92,92,92],"card_choices":[{"not_picked":["Compile Driver","Coolheaded"],"picked":"Chill","floor":1.0},{"not_picked":["Darkness","Blizzard"],"picked":"Gash","floor":4.0},{"not_picked":["Hello World","Fusion"],"picked":"Cold Snap","floor":10.0},{"not_picked":["Genetic Algorithm","Sunder"],"picked":"Conserve Battery","floor":11.0},{"not_picked":["Steam","Recycle"],"picked":"Gash","floor":13.0},{"not_picked":["Redo","Static Discharge","Tempest"],"picked":"SKIP","floor":14.0},{"not_picked":["Buffer","Meteor Strike"],"picked":"Echo Form","floor":16.0},{"not_picked":["Compile Driver","Force Field"],"picked":"Gash","floor":17.0},{"not_picked":["Ball Lightning","Barrage","Turbo"],"picked":"SKIP","floor":18.0},{"not_picked":["Barrage+1","Melter+1"],"picked":"Loop+1","floor":19.0},{"not_picked":["Tempest+1","Turbo"],"picked":"Beam Cell","floor":21.0},{"not_picked":["Hologram","Go for the Eyes"],"picked":"Conserve Battery+1","floor":24.0},{"not_picked":["Hologram+1","Conserve Battery"],"picked":"Defragment+1","floor":28.0},{"not_picked":["Cold Snap","Recycle+1","Rebound"],"picked":"SKIP","floor":29.0},{"not_picked":["Thunder Strike","Fission"],"picked":"Core Surge","floor":33.0},{"not_picked":["Steam","Beam Cell"],"picked":"Gash+1","floor":35.0},{"not_picked":["Stack","Recycle+1"],"picked":"BootSequence+1","floor":37},{"not_picked":["Barrage+1","Compile Driver","Stack"],"picked":"SKIP","floor":39},{"not_picked":["Leap","Conserve Battery+1"],"picked":"Reboot","floor":42},{"not_picked":["Streamline","Heatsinks+1","Redo+1","Ball Lightning+1"],"picked":"SKIP","floor":44},{"not_picked":["Beam Cell","Compile Driver+1","Tempest+1"],"picked":"Leap+1","floor":46},{"not_picked":["Conserve Battery+1","Rebound+1","Leap"],"picked":"Glacier","floor":48}],"player_experience":88482,"relics_obtained":[{"floor":5.0,"key":"Matryoshka"},{"floor":9.0,"key":"Strawberry"},{"floor":9.0,"key":"Anchor"},{"floor":14.0,"key":"War Paint"},{"floor":26.0,"key":"Blood Vial"},{"floor":26.0,"key":"Ancient Tea Set"},{"floor":28.0,"key":"Red Mask"},{"floor":37,"key":"Bird Faced Urn"},{"floor":43,"key":"Question Card"},{"floor":44,"key":"Art of War"},{"floor":46,"key":"Happy Flower"}],"event_choices":[{"damage_healed":0.0,"max_hp_gain":5.0,"max_hp_loss":0.0,"gold_gain":0.0,"event_name":"Big Fish","player_choice":"Donut","floor":2.0,"gold_loss":0.0,"damage_taken":0.0},{"damage_healed":0.0,"max_hp_gain":0.0,"max_hp_loss":0.0,"gold_gain":0.0,"event_name":"Scrap Ooze","player_choice":"Success","floor":3.0,"gold_loss":0.0,"damage_taken":18.0,"relics_obtained":["Smiling Mask"]},{"cards_removed":["Strike_B"],"damage_healed":0.0,"max_hp_gain":0.0,"max_hp_loss":0.0,"gold_gain":0.0,"event_name":"The Cleric","player_choice":"Card Removal","floor":7.0,"gold_loss":50.0,"damage_taken":0.0},{"cards_removed":["Strike_B"],"damage_healed":0.0,"max_hp_gain":0.0,"max_hp_loss":0.0,"gold_gain":0.0,"event_name":"Purifier","player_choice":"Purged","floor":20.0,"gold_loss":0.0,"damage_taken":0.0},{"cards_removed":["Defend_B"],"damage_healed":0.0,"max_hp_gain":0.0,"max_hp_loss":0.0,"gold_gain":0.0,"event_name":"Beggar","player_choice":"Gave Gold","floor":22.0,"gold_loss":75.0,"damage_taken":0.0},{"damage_healed":0.0,"max_hp_gain":0.0,"max_hp_loss":0.0,"gold_gain":0.0,"event_name":"Masked Bandits","player_choice":"Fought Bandits","floor":28.0,"gold_loss":0.0,"damage_taken":0.0},{"damage_healed":0.0,"max_hp_gain":0.0,"max_hp_loss":0.0,"gold_gain":0.0,"event_name":"Wheel of Change","player_choice":"Cursed","floor":31.0,"gold_loss":0.0,"damage_taken":0.0,"cards_obtained":["Decay"]},{"cards_removed":["Gash"],"damage_healed":0.0,"max_hp_gain":0.0,"max_hp_loss":0.0,"gold_gain":0.0,"event_name":"Falling","player_choice":"Removed Attack","floor":36.0,"gold_loss":0.0,"damage_taken":0.0},{"damage_healed":0,"gold_gain":0,"player_choice":"Fight","damage_taken":0,"max_hp_gain":0,"max_hp_loss":0,"event_name":"MindBloom","floor":37,"gold_loss":0}],"is_beta":false,"boss_relics":[{"not_picked":["Coffee Dripper","Calling Bell"],"picked":"Tiny House"},{"not_picked":["Black Star","Pandora\u0027s Box"],"picked":"Inserter"}],"items_purged_floors":[12,25,30,38,41],"is_endless":false,"potions_floor_spawned":[1,10,16,24,29,35,39,42,48],"ascension_level":5}