{"gold_per_floor":[114,128,141,154,165,190,203,203,203,61,61,61,102,118,118,118],"floor_reached":16,"playtime":833,"items_purged":["Injury"],"score":114,"play_id":"da8c5303-d47b-4b8b-8dcb-7e886354133e","local_time":"20190209160446","is_ascension_mode":false,"campfire_choices":[{"floor":12,"key":"REST"},{"floor":15,"key":"REST"}],"neow_cost":"NONE","seed_source_timestamp":147937253783975,"circlet_count":0,"master_deck":["Strike_B","Strike_B","Strike_B","Strike_B+1","Defend_B","Defend_B","Defend_B","Defend_B","Zap","Dualcast","Static Discharge","Melter+1","Fusion","Rip and Tear","Genetic Algorithm","Sweeping Beam","Conserve Battery","Capacitor","Cold Snap+1","Double Energy"],"relics":["Cracked Core","Lantern","Whetstone","Golden Idol","Molten Egg 2","Matryoshka"],"potions_floor_usage":[6,13,14,16,16],"damage_taken":[{"damage":5,"enemies":"2 Louse","floor":1,"turns":2},{"damage":5,"enemies":"Cultist","floor":2,"turns":3},{"damage":3,"enemies":"Jaw Worm","floor":3,"turns":3},{"damage":12,"enemies":"Looter","floor":4,"turns":3},{"damage":6,"enemies":"2 Fungi Beasts","floor":5,"turns":3},{"damage":31,"enemies":"Lagavulin","floor":6,"turns":7},{"damage":9,"enemies":"Blue Slaver","floor":7,"turns":3},{"damage":23,"enemies":"Gremlin Nob","floor":13,"turns":4},{"damage":1,"enemies":"3 Louse","floor":14,"turns":2},{"damage":33,"enemies":"The Guardian","floor":16,"turns":6}],"seed_played":"-8705479910378348876","potions_obtained":[{"floor":1,"key":"Poison Potion"},{"floor":4,"key":"Ancient Potion"},{"floor":6,"key":"Ancient Potion"},{"floor":13,"key":"EssenceOfSteel"},{"floor":14,"key":"Block Potion"}],"is_trial":false,"path_per_floor":["M","M","M","M","M","E","M","?","T","$","?","R","E","M","R","B"],"character_chosen":"DEFECT","items_purchased":["Capacitor"],"campfire_rested":2,"item_purchase_floors":[10],"current_hp_per_floor":[70,65,62,50,44,13,4,4,4,4,9,33,10,9,33,0],"gold":118,"neow_bonus":"RANDOM_COMMON_RELIC","is_prod":false,"is_daily":false,"chose_seed":false,"campfire_upgraded":0,"win_rate":0.0,"timestamp":1549724686,"path_taken":["M","M","M","M","M","E","M","?","T","$","?","R","E","M","R","BOSS"],"build_version":"2019-01-23","purchased_purges":1,"victory":false,"max_hp_per_floor":[75,75,75,75,75,75,75,75,75,75,80,80,80,80,80,80],"card_choices":[{"not_picked":["Conserve Battery","Barrage"],"picked":"Static Discharge","floor":1},{"not_picked":["Reprogram","Skim"],"picked":"Melter","floor":2},{"not_picked":["Stack","Leap"],"picked":"Fusion","floor":3},{"not_picked":["White Noise","Stack"],"picked":"Rip and Tear","floor":4},{"not_picked":["Leap","Ball Lightning"],"picked":"Genetic Algorithm","floor":5},{"not_picked":["Stack","Scrape"],"picked":"Sweeping Beam","floor":6},{"not_picked":["Stack","Go for the Eyes"],"picked":"Conserve Battery","floor":7},{"not_picked":["All For One+1","Darkness"],"picked":"Cold Snap+1","floor":13},{"not_picked":["Cold Snap+1","Conserve Battery"],"picked":"Double Energy","floor":14}],"player_experience":101069,"relics_obtained":[{"floor":6,"key":"Whetstone"},{"floor":9,"key":"Molten Egg 2"},{"floor":13,"key":"Matryoshka"}],"event_choices":[{"damage_healed":0,"gold_gain":0,"player_choice":"Take Wound","damage_taken":0,"relics_obtained":["Golden Idol"],"max_hp_gain":0,"max_hp_loss":0,"event_name":"Golden Idol","floor":8,"gold_loss":0,"cards_obtained":["Injury"]},{"damage_healed":0,"gold_gain":0,"player_choice":"Donut","damage_taken":0,"max_hp_gain":5,"max_hp_loss":0,"event_name":"Big Fish","floor":11,"gold_loss":0}],"is_beta":false,"boss_relics":[],"items_purged_floors":[10],"is_endless":false,"potions_floor_spawned":[1,4,6,13,14],"killed_by":"The Guardian","ascension_level":0}