{"gold_per_floor":[115,125,15,33,33,63,77,77,132,132,38,72,101,125,137,225,237,267,36,36,52,52,77,77,104,104,104,121,141,141,173,173,245,245,263,183,183,198,198,198,210,210,234,250,250,250,284,297,297,297],"floor_reached":51,"playtime":2246,"items_purged":["Pain"],"score":1754,"play_id":"61f39a83-a11c-4b41-8deb-2c7603c89ad7","local_time":"20180725133154","is_ascension_mode":true,"campfire_choices":[{"data":"Body Slam","floor":8.0,"key":"SMITH"},{"data":"Spot Weakness","floor":10.0,"key":"SMITH"},{"data":"Whirlwind","floor":15.0,"key":"SMITH"},{"floor":24.0,"key":"REST"},{"floor":27,"key":"REST"},{"floor":32,"key":"REST"},{"data":"Fiend Fire","floor":40,"key":"SMITH"},{"data":"Feel No Pain","floor":45,"key":"SMITH"},{"data":"Bash","floor":49,"key":"SMITH"}],"neow_cost":"CURSE","seed_source_timestamp":0,"circlet_count":0,"master_deck":["Strike_R","Strike_R","Strike_R","Strike_R","Defend_R","Defend_R","Defend_R","Defend_R","Bash+1","AscendersBane","Body Slam+1","Twin Strike","Evolve+1","Spot Weakness+1","Warcry+1","Headbutt","Shrug It Off+1","Whirlwind+1","Corruption","Shrug It Off+1","Disarm+1","Limit Break+1","Shrug It Off+1","Entrench+1","Fiend Fire+1","Battle Trance+1","Clothesline+1","Headbutt","True Grit+1","Feel No Pain+1","Offering+1","Sword Boomerang","Entrench+1","Shrug It Off+1","Madness+1","Madness+1","Feel No Pain+1","Entrench+1","Shrug It Off+1"],"special_seed":0,"relics":["Burning Blood","Thread and Needle","CultistMask","Toxic Egg 2","Ancient Tea Set","MawBank","Mark of Pain","Bottled Lightning","Strawberry","Dream Catcher","Bag of Preparation","Nunchaku","Runic Pyramid","Charon\u0027s Ashes","Bag of Marbles","Happy Flower"],"potions_floor_usage":[25,50,50],"damage_taken":[{"damage":7.0,"enemies":"2 Louse","floor":1.0,"turns":4.0},{"damage":8.0,"enemies":"Cultist","floor":2.0,"turns":4.0},{"damage":0.0,"enemies":"Small Slimes","floor":4.0,"turns":2.0},{"damage":8.0,"enemies":"3 Sentries","floor":6.0,"turns":7.0},{"damage":12.0,"enemies":"Exordium Thugs","floor":7.0,"turns":5.0},{"damage":5.0,"enemies":"Gremlin Nob","floor":12.0,"turns":4.0},{"damage":1.0,"enemies":"2 Fungi Beasts","floor":13.0,"turns":3.0},{"damage":3.0,"enemies":"Blue Slaver","floor":14.0,"turns":4.0},{"damage":49.0,"enemies":"Slime Boss","floor":16.0,"turns":10.0},{"damage":3.0,"enemies":"2 Thieves","floor":18.0,"turns":2.0},{"damage":17.0,"enemies":"Chosen","floor":21.0,"turns":6.0},{"damage":32.0,"enemies":"Slavers","floor":23.0,"turns":5.0},{"damage":28,"enemies":"Gremlin Leader","floor":25,"turns":8},{"damage":19,"enemies":"Snake Plant","floor":28,"turns":4},{"damage":0,"enemies":"3 Cultists","floor":29,"turns":4},{"damage":17,"enemies":"Slavers","floor":31,"turns":6},{"damage":48,"enemies":"Collector","floor":33,"turns":8},{"damage":0,"enemies":"Orb Walker","floor":35,"turns":5},{"damage":5,"floor":37,"turns":9},{"damage":0,"enemies":"3 Shapes","floor":38,"turns":3},{"damage":5,"enemies":"3 Darklings","floor":41,"turns":2},{"damage":0,"enemies":"Flame Bruiser 2 Orb","floor":44,"turns":3},{"damage":19,"enemies":"2 Orb Walkers","floor":47,"turns":4},{"damage":5,"enemies":"Transient","floor":48,"turns":5},{"damage":15,"enemies":"Awakened One","floor":50,"turns":6}],"seed_played":"-7093702361427476666","potions_obtained":[{"floor":2.0,"key":"PowerPotion"},{"floor":4.0,"key":"Swift Potion"},{"floor":14.0,"key":"Dexterity Potion"},{"floor":18.0,"key":"SteroidPotion"},{"floor":28,"key":"Dexterity Potion"},{"floor":31,"key":"SteroidPotion"},{"floor":41,"key":"Block Potion"}],"is_trial":false,"path_per_floor":["M","M","$","M","?","E","M","R","T","R","$","E","M","M","R","B",null,"M","$","?","M","?","E","R","E","T","R","M","M","?","E","R","B",null,"M","$","?","M","?","R","M","?","T","M","R","?","E","M","R","B"],"character_chosen":"IRONCLAD","items_purchased":["Evolve","Shrug It Off+1","Whirlwind","Bottled Lightning","Entrench+1"],"campfire_rested":3,"item_purchase_floors":[3,11,11,19,36],"current_hp_per_floor":[67,65,65,71,71,69,63,63,63,63,63,64,69,72,72,29,64,67,67,67,56,56,37,61,39,39,63,50,56,72,61,82,40,72,78,78,79,82,82,82,82,67,67,73,73,73,60,61,61,52],"gold":297,"neow_bonus":"ONE_RARE_RELIC","is_prod":false,"is_daily":false,"chose_seed":false,"campfire_upgraded":6,"win_rate":0,"timestamp":1532518314,"path_taken":["M","M","$","M","?","E","M","R","T","R","$","E","M","M","R","BOSS","M","$","?","M","?","E","R","E","T","R","M","M","?","E","R","BOSS","M","$","?","M","?","R","M","?","T","M","R","?","E","?","R","BOSS"],"build_version":"2018-07-19v2","purchased_purges":1,"victory":true,"max_hp_per_floor":[75,75,75,75,75,75,75,75,75,75,75,75,75,75,75,75,75,75,75,75,75,75,82,82,82,82,82,82,82,82,82,82,82,82,82,82,82,82,82,82,82,82,82,82,82,82,82,82,82,82],"card_choices":[{"not_picked":["Heavy Blade","Sever Soul"],"picked":"Body Slam","floor":1.0},{"not_picked":["Perfected Strike","Cleave"],"picked":"Twin Strike","floor":2.0},{"not_picked":["Feel No Pain","Corruption"],"picked":"Spot Weakness","floor":4.0},{"not_picked":["Corruption","Fire Breathing"],"picked":"Warcry","floor":6.0},{"not_picked":["Thunderclap","Anger"],"picked":"Headbutt","floor":7.0},{"not_picked":["Havoc+1","Anger"],"picked":"Corruption","floor":12.0},{"not_picked":["Sword Boomerang","Reckless Charge"],"picked":"Shrug It Off+1","floor":13.0},{"not_picked":["Thunderclap","Sentinel+1"],"picked":"Disarm+1","floor":14.0},{"not_picked":["Barricade","Reaper"],"picked":"Limit Break+1","floor":16.0},{"not_picked":["Carnage","Combust"],"picked":"Shrug It Off+1","floor":18.0},{"not_picked":["Warcry+1","Shrug It Off+1"],"picked":"Entrench+1","floor":21.0},{"not_picked":["Carnage","Havoc+1"],"picked":"Fiend Fire","floor":23.0},{"not_picked":["Burning Pact+1","Havoc+1"],"picked":"Battle Trance+1","floor":25},{"not_picked":["Clash","Perfected Strike"],"picked":"Clothesline+1","floor":27},{"not_picked":["Sword Boomerang","Heavy Blade"],"picked":"Headbutt","floor":28},{"not_picked":["Havoc+1","Headbutt","Rupture"],"picked":"SKIP","floor":29},{"not_picked":["Bludgeon","Feed"],"picked":"True Grit+1","floor":31},{"not_picked":["Thunderclap","Sever Soul"],"picked":"Feel No Pain+1","floor":32},{"not_picked":["Impervious+1","Demon Form"],"picked":"Offering+1","floor":33},{"not_picked":["Wild Strike","Anger+1"],"picked":"Sword Boomerang","floor":35},{"not_picked":["Clash","Warcry+1","Iron Wave"],"picked":"SKIP","floor":38},{"not_picked":["Second Wind+1","Rage+1"],"picked":"Shrug It Off+1","floor":41},{"not_picked":["Blood for Blood","Whirlwind"],"picked":"Feel No Pain","floor":44},{"not_picked":["Metallicize","Seeing Red+1"],"picked":"Entrench+1","floor":47},{"not_picked":["Wild Strike","Sever Soul"],"picked":"Shrug It Off+1","floor":48}],"player_experience":1155588,"relics_obtained":[{"floor":6.0,"key":"Toxic Egg 2"},{"floor":9.0,"key":"Ancient Tea Set"},{"floor":12.0,"key":"MawBank"},{"floor":23.0,"key":"Strawberry"},{"floor":25,"key":"Dream Catcher"},{"floor":26,"key":"Bag of Preparation"},{"floor":31,"key":"Nunchaku"},{"floor":37,"key":"Charon\u0027s Ashes"},{"floor":43,"key":"Bag of Marbles"},{"floor":47,"key":"Happy Flower"}],"event_choices":[{"event_name":"FaceTrader","player_choice":"Trade","floor":5.0,"damage_taken":0.0},{"event_name":"Upgrade Shrine","player_choice":"Upgraded","floor":20.0,"damage_taken":0.0},{"event_name":"Beggar","player_choice":"Ignored","floor":22.0,"damage_taken":0.0},{"event_name":"The Library","player_choice":"Heal","floor":30,"damage_taken":0},{"event_name":"MindBloom","player_choice":"Fight","floor":37,"damage_taken":0},{"event_name":"Falling","player_choice":"Removed Attack","floor":39,"damage_taken":0},{"event_name":"Winding Halls","player_choice":"Embrace Madness","floor":42,"damage_taken":0},{"event_name":"Tomb of Lord Red Mask","player_choice":"Ignored","floor":46,"damage_taken":0}],"is_beta":false,"boss_relics":[{"not_picked":["Runic Dome","Tiny House"],"picked":"Mark of Pain"},{"not_picked":["Orrery","Eternal Feather"],"picked":"Runic Pyramid"}],"items_purged_floors":[3],"is_endless":false,"potions_floor_spawned":[2,4,14,18,21,28,31,33,37,41],"ascension_level":15}