{"path_per_floor":["M","?","?","M","$","R","E","$","T","E","M","?","R","T","R","B",null,"M","?","M","?","M","R","$","R","T","R","M","M","M","E","R","B",null,"M","M","?","T","?","R","M","M","T","R","M"],"character_chosen":"IRONCLAD","items_purchased":["Perfected Strike"],"gold_per_floor":[109,109,109,120,45,45,78,31,56,87,105,125,125,170,170,275,275,292,292,305,205,218,218,218,218,218,218,231,250,270,298,298,400,400,410,428,428,510,510,510,525,544,544,544,561],"floor_reached":46,"campfire_rested":2,"playtime":1719,"current_hp_per_floor":[78,78,78,80,80,80,80,80,80,75,80,80,80,80,80,80,80,80,64,67,67,68,68,68,68,68,68,69,64,65,56,80,34,69,49,51,51,51,41,41,40,32,32,56,27],"items_purged":["Regret"],"gold":561,"score":680,"play_id":"44137a08-919a-47bb-82d1-47712138e5bb","local_time":"20180315223619","is_prod":false,"is_daily":false,"is_ascension_mode":true,"campfire_upgraded":7,"timestamp":1521149779,"path_taken":["M","?","?","?","$","R","E","$","T","E","M","?","R","?","R","BOSS","M","?","M","?","M","R","$","R","T","R","?","M","M","E","R","BOSS","M","M","?","?","?","R","M","M","T","R","M","?"],"build_version":"2018-03-09","purchased_purges":1,"victory":false,"master_deck":["Strike_R","Strike_R","Strike_R","Strike_R","Strike_R","Defend_R","Defend_R","Defend_R","Defend_R","Bash+1","Thunderclap","Twin Strike+1","Inflame+1","Perfected Strike+1","Clothesline","Iron Wave","Metallicize+1","Limit Break+1","Offering","Battle Trance","J.A.X.+1","Limit Break+1","Madness","Madness","Flex+1"],"max_hp_per_floor":[80,80,80,80,80,80,80,80,80,80,80,80,80,80,80,80,80,80,80,80,80,80,80,80,80,80,80,80,80,80,80,80,80,80,80,80,80,80,80,80,80,80,80,80,80],"relics":["Burning Blood","NeowsBlessing","Mummified Hand","Thread and Needle","Orichalcum","Blood Vial","Odd Mushroom","Prayer Wheel","Orrery","Nilry\u0027s Codex","Bottled Flame","Magic Flower","Sozu","Kunai","Peace Pipe"],"card_choices":[{"not_picked":["Second Wind","Shrug It Off"],"picked":"Thunderclap"},{"not_picked":["Rage","Spot Weakness"],"picked":"Twin Strike"},{"not_picked":["Armaments","Demon Form"],"picked":"Inflame"},{"not_picked":["Warcry","Pummel"],"picked":"Clothesline"},{"not_picked":["Evolve","Bloodletting"],"picked":"Iron Wave"},{"not_picked":["Cleave","Sword Boomerang"],"picked":"Metallicize"},{"not_picked":["Dark Embrace","Fiend Fire"],"picked":"Limit Break"},{"not_picked":["Infernal Blade","Clash"],"picked":"Offering"},{"not_picked":["Blood for Blood","Warcry"],"picked":"Battle Trance"},{"not_picked":["Exhume","Impervious"],"picked":"Limit Break"},{"not_picked":["Iron Wave","Thunderclap"],"picked":"Flex"}],"player_experience":305207,"potions_floor_usage":[18,20,36,41],"damage_taken":[{"damage":0,"enemies":"Small Slimes","floor":1,"turns":1},{"damage":0,"enemies":"2 Louse","floor":4,"turns":1},{"damage":0,"enemies":"3 Sentries","floor":7,"turns":1},{"damage":11,"enemies":"Gremlin Nob","floor":10,"turns":4},{"damage":0,"enemies":"Cultist","floor":11,"turns":2},{"damage":2,"enemies":"The Mushroom Lair","floor":12,"turns":3},{"damage":0,"enemies":"Slime Boss","floor":16,"turns":7},{"damage":0,"enemies":"Spheric Guardian","floor":18,"turns":3},{"damage":5,"enemies":"Shell Parasite","floor":20,"turns":2},{"damage":7,"enemies":"Cultist and Chosen","floor":22,"turns":4},{"damage":7,"enemies":"Snecko","floor":28,"turns":5},{"damage":13,"enemies":"Centurion and Healer","floor":29,"turns":3},{"damage":7,"enemies":"Cultist and Chosen","floor":30,"turns":4},{"damage":17,"enemies":"Book of Stabbing","floor":31,"turns":4},{"damage":55,"enemies":"Champ","floor":33,"turns":7},{"damage":32,"enemies":"3 Shapes","floor":35,"turns":4},{"damage":10,"enemies":"3 Darklings","floor":36,"turns":5},{"damage":13,"enemies":"Maw","floor":41,"turns":5},{"damage":20,"enemies":"Sphere and 2 Shapes","floor":42,"turns":4},{"damage":41,"enemies":"3 Darklings","floor":45,"turns":5},{"damage":34,"enemies":"4 Shapes","floor":46,"turns":3}],"event_choices":[{"event_name":"Big Fish","player_choice":"Box","floor":2,"damage_taken":0},{"event_name":"Upgrade Shrine","player_choice":"Upgraded","floor":3,"damage_taken":0},{"event_name":"Mushrooms","player_choice":"Fought Mushrooms","floor":12,"damage_taken":0},{"event_name":"Cursed Tome","player_choice":"Obtained Book","floor":19,"damage_taken":0},{"event_name":"Drug Dealer","player_choice":"Got JAXXED","floor":21,"damage_taken":0},{"event_name":"Tomb of Lord Red Mask","player_choice":"Ignored","floor":37,"damage_taken":0},{"event_name":"Winding Halls","player_choice":"Embrace Madness","floor":39,"damage_taken":0}],"boss_relics":[{"not_picked":["Tiny House","Runic Pyramid"],"picked":"Orrery"},{"not_picked":["Lizard Tail","Mark of Pain"],"picked":"Sozu"}],"potions_floor_spawned":[1,11,12,20,29,30,36,42],"seed_played":"8080678379287920768","killed_by":"4 Shapes","ascension_level":6,"is_trial":false}