{"gold_per_floor":[116,136,136,147,222,222,234,55,80,80],"floor_reached":10,"playtime":207,"items_purged":[],"score":116,"play_id":"1840e14a-6ebe-4f56-aa37-94cbf9023eec","local_time":"20190110154755","is_ascension_mode":true,"campfire_choices":[{"floor":6,"key":"REST"}],"neow_cost":"NONE","seed_source_timestamp":264689297494721,"circlet_count":0,"master_deck":["AscendersBane","Defend_G","Defend_G","Defend_G","Defend_G","Defend_G","Strike_G+1","Strike_G","Strike_G","Strike_G","Strike_G","Survivor","Neutralize+1","Footwork","Slice","Deadly Poison","Dodge and Roll","Glass Knife"],"relics":["Ring of the Snake","NeowsBlessing","Potion Belt"],"potions_floor_usage":[10],"damage_taken":[{"damage":0,"enemies":"Small Slimes","floor":1,"turns":1},{"damage":0,"enemies":"2 Louse","floor":2,"turns":1},{"damage":0,"enemies":"Jaw Worm","floor":4,"turns":1},{"damage":23,"enemies":"Lots of Slimes","floor":7,"turns":7},{"damage":36,"enemies":"Gremlin Nob","floor":10,"turns":4}],"seed_played":"-4295219961756728246","potions_obtained":[{"floor":7,"key":"Weak Potion"}],"is_trial":false,"path_per_floor":["M","M","?","M","?","R","M","$","T","E"],"character_chosen":"THE_SILENT","items_purchased":["Glass Knife"],"campfire_rested":1,"item_purchase_floors":[8],"current_hp_per_floor":[59,59,39,39,28,47,24,24,24,0],"gold":80,"neow_bonus":"THREE_ENEMY_KILL","is_prod":false,"is_daily":false,"chose_seed":false,"campfire_upgraded":0,"win_rate":0,"timestamp":1547131675,"path_taken":["M","M","?","M","?","R","M","$","T","E"],"build_version":"2019-01-03v4","purchased_purges":0,"victory":false,"max_hp_per_floor":[66,66,66,66,66,66,66,66,66,66],"card_choices":[{"not_picked":["Bane","Dagger Throw"],"picked":"Footwork","floor":1},{"not_picked":["Terror","Backflip"],"picked":"Slice","floor":2},{"not_picked":["Prepared","Expertise"],"picked":"Deadly Poison","floor":4},{"not_picked":["Blade Dance","Outmaneuver"],"picked":"Dodge and Roll","floor":7}],"player_experience":1860592,"relics_obtained":[{"floor":9,"key":"Potion Belt"}],"event_choices":[{"damage_healed":0,"gold_gain":0,"player_choice":"Entered Light","damage_taken":20,"max_hp_gain":0,"max_hp_loss":0,"event_name":"Shining Light","floor":3,"gold_loss":0,"cards_upgraded":["Neutralize","Strike_G"]},{"damage_healed":0,"gold_gain":75,"player_choice":"Gather Gold","damage_taken":11,"max_hp_gain":0,"max_hp_loss":0,"event_name":"World of Goop","floor":5,"gold_loss":0}],"is_beta":false,"boss_relics":[],"items_purged_floors":[],"is_endless":false,"potions_floor_spawned":[7],"killed_by":"Gremlin Nob","ascension_level":20}