{"gold_per_floor":[115,18,38,188,188,223,241,241,241,136,149,8,8,25,25,25],"floor_reached":16,"playtime":602,"items_purged":["Doubt"],"score":231,"play_id":"63645079-b2fd-4ce2-80d8-bfe772c1ce70","local_time":"20181001130641","is_ascension_mode":true,"campfire_choices":[{"data":"Bash","floor":8,"key":"SMITH"},{"data":"Feel No Pain","floor":13,"key":"SMITH"},{"data":"Body Slam","floor":15,"key":"SMITH"}],"neow_cost":"NONE","seed_source_timestamp":617354926693926,"circlet_count":0,"master_deck":["Strike_R","Strike_R","Strike_R","Strike_R","Defend_R","Defend_R","Defend_R","Defend_R","Bash+1","AscendersBane","Headbutt","Feel No Pain","Clothesline","Body Slam+1","Dual Wield","Twin Strike","Feel No Pain+1","Warcry","Reckless Charge","Warcry","Pummel"],"relics":["Burning Blood","NeowsBlessing","Kunai","Bottled Tornado"],"potions_floor_usage":[16],"damage_taken":[{"damage":0,"enemies":"Cultist","floor":1,"turns":1},{"damage":0,"enemies":"Small Slimes","floor":3,"turns":1},{"damage":0,"enemies":"Gremlin Nob","floor":6,"turns":1},{"damage":8,"enemies":"2 Louse","floor":7,"turns":3},{"damage":24,"enemies":"Lots of Slimes","floor":11,"turns":6},{"damage":2,"enemies":"2 Fungi Beasts","floor":14,"turns":3},{"damage":60,"enemies":"The Guardian","floor":16,"turns":10}],"seed_played":"3484834662254827187","potions_obtained":[{"floor":3,"key":"Poison Potion"},{"floor":6,"key":"EssenceOfSteel"}],"is_trial":false,"path_per_floor":["M","$","M","?","?","E","M","R","T","$","M","$","R","M","R"],"character_chosen":"IRONCLAD","items_purchased":["Feel No Pain","Clothesline","Warcry","Reckless Charge","Warcry"],"campfire_rested":0,"item_purchase_floors":[2,2,10,12,12],"current_hp_per_floor":[74,74,75,75,75,75,73,73,73,73,55,55,55,59,59,0],"gold":25,"neow_bonus":"THREE_ENEMY_KILL","is_prod":false,"is_daily":false,"chose_seed":false,"campfire_upgraded":3,"win_rate":0,"timestamp":1538392001,"path_taken":["M","$","?","?","?","E","M","R","T","$","M","$","R","M","R","BOSS"],"build_version":"2018-09-27","purchased_purges":1,"victory":false,"max_hp_per_floor":[75,75,75,75,75,75,75,75,75,75,75,75,75,75,75,75],"card_choices":[{"not_picked":["Perfected Strike","Pummel"],"picked":"Headbutt","floor":1},{"not_picked":["Perfected Strike","Anger"],"picked":"Body Slam","floor":3},{"not_picked":["Dark Embrace","Perfected Strike"],"picked":"Twin Strike","floor":6},{"not_picked":["Flex","Havoc"],"picked":"Feel No Pain","floor":7},{"not_picked":["Wild Strike","Second Wind","Sword Boomerang"],"picked":"SKIP","floor":11},{"not_picked":["Cleave","Twin Strike"],"picked":"Pummel","floor":14}],"player_experience":1494581,"relics_obtained":[{"floor":6,"key":"Kunai"},{"floor":9,"key":"Bottled Tornado"}],"event_choices":[{"event_name":"Liars Game","player_choice":"agreed","floor":4,"damage_taken":0},{"event_name":"Transmorgrifier","player_choice":"Transform","floor":5,"damage_taken":0}],"is_beta":false,"boss_relics":[],"items_purged_floors":[10],"is_endless":false,"potions_floor_spawned":[3,6],"killed_by":"The Guardian","ascension_level":17}