{"gold_per_floor":[114,114,114,131,131,131,159,172,172,172,172,206,266,277,277,353,353,372,386,43,60,79,79,113,113,189,200,200,200,200,42,42,116,116,135,135,52,52,69,69,94,94,94,94,112,147,147,164,164,164],"floor_reached":50,"playtime":3004,"items_purged":[],"score":1127,"play_id":"42be8976-bf27-4105-be8c-2137eb59f750","local_time":"20190116135417","is_ascension_mode":true,"campfire_choices":[{"data":"Dagger Throw","floor":6.0,"key":"SMITH"},{"floor":11.0,"key":"REST"},{"floor":15.0,"key":"REST"},{"floor":23.0,"key":"REST"},{"floor":30.0,"key":"REST"},{"data":"Wraith Form v2","floor":32.0,"key":"SMITH"},{"data":"After Image","floor":40.0,"key":"SMITH"},{"floor":42.0,"key":"RECALL"},{"data":"Catalyst","floor":44.0,"key":"SMITH"},{"floor":49,"key":"REST"}],"neow_cost":"NONE","seed_source_timestamp":0,"circlet_count":0,"master_deck":["AscendersBane","Defend_G","Defend_G","Defend_G","Defend_G","Defend_G","Strike_G","Survivor","Neutralize+1","Deadly Poison","Dagger Throw+1","Infinite Blades","Night Terror","Backflip","Well Laid Plans","Wraith Form v2+1","Catalyst+1","Deadly Poison","Cloak And Dagger","Backflip","PiercingWail","Decay","PiercingWail+1","Setup+1","Dash","After Image+1","Noxious Fumes","Backflip+1","Escape Plan+1","Wraith Form v2","Parasite"],"special_seed":0,"relics":["Ring of the Snake","Dead Branch","Blue Candle","The Specimen","Art of War","Regal Pillow","Black Star","Mango","FossilizedHelix","Juzu Bracelet","Toxic Egg 2","Bag of Preparation","White Beast Statue","Strawberry","Blood Vial","Calipers","Centennial Puzzle"],"potions_floor_usage":[50],"damage_taken":[{"damage":0.0,"enemies":"Small Slimes","floor":1.0,"turns":3.0},{"damage":0.0,"enemies":"Jaw Worm","floor":4.0,"turns":5.0},{"damage":22.0,"enemies":"3 Sentries","floor":7.0,"turns":8.0},{"damage":1.0,"enemies":"2 Louse","floor":8.0,"turns":3.0},{"damage":22.0,"enemies":"Lagavulin","floor":12.0,"turns":5.0},{"damage":19.0,"enemies":"Gremlin Nob","floor":13.0,"turns":4.0},{"damage":4.0,"enemies":"2 Fungi Beasts","floor":14.0,"turns":3.0},{"damage":33.0,"enemies":"The Guardian","floor":16.0,"turns":16.0},{"damage":17.0,"enemies":"Chosen","floor":18.0,"turns":6.0},{"damage":16.0,"enemies":"Shell Parasite","floor":19.0,"turns":8.0},{"damage":22.0,"enemies":"Snecko","floor":21.0,"turns":7.0},{"damage":3.0,"enemies":"3 Cultists","floor":22.0,"turns":6.0},{"damage":13.0,"enemies":"Gremlin Leader","floor":24.0,"turns":5.0},{"damage":20.0,"enemies":"Cultist and Chosen","floor":27.0,"turns":5.0},{"damage":10.0,"enemies":"Champ","floor":33.0,"turns":10.0},{"damage":0.0,"enemies":"Orb Walker","floor":35.0,"turns":6.0},{"damage":14.0,"enemies":"3 Shapes","floor":39.0,"turns":4.0},{"damage":9.0,"enemies":"Nemesis","floor":41.0,"turns":11.0},{"damage":1.0,"enemies":"Transient","floor":45.0,"turns":5.0},{"damage":38,"enemies":"Giant Head","floor":46,"turns":7},{"damage":0,"enemies":"Writhing Mass","floor":48,"turns":5},{"damage":90,"enemies":"Donu and Deca","floor":50,"turns":10}],"seed_played":"1946746420095533805","potions_obtained":[{"floor":4.0,"key":"SpeedPotion"},{"floor":8.0,"key":"AttackPotion"},{"floor":12.0,"key":"SpeedPotion"},{"floor":16.0,"key":"Ancient Potion"},{"floor":18.0,"key":"PowerPotion"},{"floor":19.0,"key":"SkillPotion"},{"floor":22.0,"key":"SkillPotion"},{"floor":33.0,"key":"Explosive Potion"},{"floor":35.0,"key":"Strength Potion"},{"floor":39.0,"key":"Energy Potion"},{"floor":45.0,"key":"Explosive Potion"},{"floor":46,"key":"Block Potion"}],"is_trial":false,"path_per_floor":["M","?","?","M","?","R","E","M","T","?","R","E","?","M","R","B",null,"M","M","$","M","M","R","E","?","T","M","?","?","R","$","R","B",null,"M","?","$","?","M","R","E","R","T","R","M","E","?","M","R","B"],"character_chosen":"THE_SILENT","items_purchased":["Deadly Poison","Mango","Bag of Preparation","Noxious Fumes"],"campfire_rested":5,"item_purchase_floors":[20,20,31,37],"current_hp_per_floor":[65,65,54,54,54,54,32,31,31,31,52,30,11,7,43,10,57,40,24,38,16,13,53,40,40,40,20,20,20,60,60,60,50,77,77,77,77,77,63,63,61,61,61,61,62,26,26,28,70,0],"gold":164,"neow_bonus":"TEN_PERCENT_HP_BONUS","is_prod":false,"is_daily":false,"chose_seed":false,"campfire_upgraded":4,"win_rate":0,"timestamp":1547643257,"path_taken":["M","?","?","M","?","R","E","M","T","?","R","E","?","M","R","BOSS","M","M","$","M","M","R","E","?","T","M","?","?","R","$","R","BOSS","M","?","$","?","M","R","E","R","T","R","M","E","?","M","R","BOSS"],"build_version":"2019-01-10","purchased_purges":0,"victory":false,"max_hp_per_floor":[72,72,72,72,72,72,72,72,72,72,72,72,72,72,72,72,72,72,72,86,86,86,86,86,86,86,86,86,86,86,86,86,86,86,86,86,86,86,86,86,93,93,93,93,93,93,93,93,93,93],"card_choices":[{"not_picked":["Flying Knee","Dagger Throw"],"picked":"Deadly Poison","floor":1.0},{"not_picked":["Backflip","PiercingWail"],"picked":"Dagger Throw","floor":4.0},{"not_picked":["Acrobatics","Expertise"],"picked":"Infinite Blades","floor":7.0},{"not_picked":["Tactician","Predator"],"picked":"Night Terror","floor":8.0},{"not_picked":["Expertise","Flying Knee"],"picked":"Backflip","floor":12.0},{"not_picked":["Blade Dance","Calculated Gamble"],"picked":"Well Laid Plans","floor":14.0},{"not_picked":["Tools of the Trade","Grand Finale"],"picked":"Wraith Form v2","floor":16.0},{"not_picked":["Underhanded Strike","Quick Slash","Dagger Spray"],"picked":"SKIP","floor":18.0},{"not_picked":["Quick Slash","PiercingWail"],"picked":"Catalyst","floor":19.0},{"not_picked":["Dash","Dagger Throw"],"picked":"Cloak And Dagger","floor":21.0},{"not_picked":["Grand Finale","Dodge and Roll"],"picked":"Backflip","floor":22.0},{"not_picked":["Acrobatics","Bane"],"picked":"PiercingWail","floor":24.0},{"not_picked":["Blur+1","Tactician+1"],"picked":"PiercingWail+1","floor":27.0},{"not_picked":["Adrenaline+1","Grand Finale"],"picked":"After Image","floor":33.0},{"not_picked":["Quick Slash+1","Poisoned Stab","Prepared+1"],"picked":"SKIP","floor":35.0},{"not_picked":["Underhanded Strike","Flying Knee+1"],"picked":"Backflip+1","floor":39.0},{"not_picked":["Poisoned Stab","Heel Hook","Dodge and Roll+1"],"picked":"SKIP","floor":41.0},{"not_picked":["Backflip+1","Setup+1"],"picked":"Escape Plan+1","floor":45.0},{"not_picked":["Concentrate+1","Endless Agony"],"picked":"Wraith Form v2","floor":46},{"not_picked":["All Out Attack","Bane","Dagger Throw+1"],"picked":"SKIP","floor":48}],"player_experience":1896109,"relics_obtained":[{"floor":7.0,"key":"Blue Candle"},{"floor":9.0,"key":"The Specimen"},{"floor":12.0,"key":"Art of War"},{"floor":13.0,"key":"Regal Pillow"},{"floor":24.0,"key":"FossilizedHelix"},{"floor":24.0,"key":"Juzu Bracelet"},{"floor":26.0,"key":"Toxic Egg 2"},{"floor":41.0,"key":"Strawberry"},{"floor":41.0,"key":"Blood Vial"},{"floor":46,"key":"Calipers"},{"floor":46,"key":"Centennial Puzzle"}],"event_choices":[{"damage_healed":0.0,"max_hp_gain":0.0,"max_hp_loss":0.0,"gold_gain":0.0,"event_name":"Living Wall","player_choice":"Grow","floor":2.0,"gold_loss":0.0,"damage_taken":0.0,"cards_upgraded":["Neutralize"]},{"damage_healed":0.0,"max_hp_gain":0.0,"max_hp_loss":0.0,"gold_gain":0.0,"event_name":"Scrap Ooze","player_choice":"Success","floor":3.0,"gold_loss":0.0,"damage_taken":11.0,"relics_obtained":["Dead Branch"]},{"damage_healed":0.0,"max_hp_gain":0.0,"max_hp_loss":0.0,"gold_gain":0.0,"event_name":"Golden Wing","player_choice":"Ignored","floor":5.0,"gold_loss":0.0,"damage_taken":0.0},{"damage_healed":0.0,"max_hp_gain":0.0,"max_hp_loss":0.0,"gold_gain":0.0,"event_name":"Golden Idol","player_choice":"Ignored","floor":10.0,"gold_loss":0.0,"damage_taken":0.0},{"damage_healed":0.0,"max_hp_gain":0.0,"max_hp_loss":0.0,"gold_gain":0.0,"event_name":"Dead Adventurer","player_choice":"Searched \u00271\u0027 times","floor":13.0,"gold_loss":0.0,"damage_taken":0.0},{"damage_healed":0.0,"max_hp_gain":0.0,"max_hp_loss":0.0,"gold_gain":0.0,"event_name":"Forgotten Altar","player_choice":"Smashed Altar","floor":25.0,"gold_loss":0.0,"damage_taken":0.0,"cards_obtained":["Decay"]},{"damage_healed":0.0,"max_hp_gain":0.0,"max_hp_loss":0.0,"gold_gain":0.0,"event_name":"Cursed Tome","player_choice":"Ignored","floor":28.0,"gold_loss":0.0,"damage_taken":0.0},{"damage_healed":0.0,"max_hp_gain":0.0,"max_hp_loss":0.0,"gold_gain":0.0,"cards_transformed":["Strike_G","Strike_G"],"event_name":"Drug Dealer","player_choice":"Became Test Subject","floor":29.0,"gold_loss":0.0,"damage_taken":0.0,"cards_obtained":["Setup","Dash"]},{"damage_healed":0.0,"max_hp_gain":0.0,"max_hp_loss":0.0,"gold_gain":0.0,"event_name":"Mysterious Sphere","player_choice":"Ignored","floor":36.0,"gold_loss":0.0,"damage_taken":0.0},{"cards_removed":["Strike_G"],"damage_healed":0.0,"max_hp_gain":0.0,"max_hp_loss":0.0,"gold_gain":0.0,"event_name":"Purifier","player_choice":"Purged","floor":38.0,"gold_loss":0.0,"damage_taken":0.0},{"cards_removed":["Strike_G"],"damage_healed":0,"gold_gain":0,"player_choice":"Removed Attack","damage_taken":0,"max_hp_gain":0,"max_hp_loss":0,"event_name":"Falling","floor":47,"gold_loss":0}],"is_beta":false,"boss_relics":[{"not_picked":["Ectoplasm","Runic Pyramid"],"picked":"Black Star"},{"not_picked":["WristBlade","Empty Cage"],"picked":"White Beast Statue"}],"items_purged_floors":[],"is_endless":false,"potions_floor_spawned":[4,8,12,16,18,19,22,33,35,39,45,46,48],"killed_by":"Donu and Deca","ascension_level":20}