{"gold_per_floor":[111,4,23,35,0,0,28,28,54,54,54,54,70,113,113,113],"floor_reached":16,"playtime":345,"items_purged":[],"score":216,"play_id":"33cba80b-3a90-4fdb-94dc-c3d4497e10b4","local_time":"20181229185416","is_ascension_mode":true,"campfire_choices":[{"data":"Crippling Poison","floor":6,"key":"SMITH"},{"floor":8,"key":"REST"},{"floor":10,"key":"REST"},{"data":"Finisher","floor":15,"key":"SMITH"}],"neow_cost":"NONE","seed_source_timestamp":5204737927111,"circlet_count":0,"master_deck":["AscendersBane","Defend_G","Defend_G","Defend_G","Defend_G","Defend_G","Strike_G","Strike_G","Strike_G","Strike_G+1","Strike_G","Survivor","Neutralize+1","All Out Attack","Well Laid Plans","Dagger Spray","Cloak And Dagger","Flying Knee","Crippling Poison+1","Dagger Throw","Finisher+1","Slice"],"relics":["Ring of the Snake","NeowsBlessing","Whetstone","Happy Flower","Golden Idol","Dodecahedron","Anchor"],"potions_floor_usage":[14,16],"damage_taken":[{"damage":0,"enemies":"Cultist","floor":1,"turns":1},{"damage":0,"enemies":"Jaw Worm","floor":3,"turns":1},{"damage":0,"enemies":"Small Slimes","floor":4,"turns":1},{"damage":1,"enemies":"Looter","floor":5,"turns":4},{"damage":54,"enemies":"Gremlin Nob","floor":7,"turns":5},{"damage":0,"enemies":"Lots of Slimes","floor":13,"turns":1},{"damage":6,"enemies":"3 Sentries","floor":14,"turns":6},{"damage":25,"enemies":"Hexaghost","floor":16,"turns":9}],"seed_played":"3447852171070331801","potions_obtained":[{"floor":3,"key":"Dexterity Potion"},{"floor":13,"key":"Block Potion"}],"is_trial":false,"path_per_floor":["M","$","M","M","M","R","E","R","T","R","?","?","M","E","R","B"],"character_chosen":"THE_SILENT","items_purchased":["Well Laid Plans","Dagger Spray"],"campfire_rested":2,"item_purchase_floors":[2,2],"current_hp_per_floor":[59,59,59,59,58,58,4,23,23,42,42,31,31,25,25,0],"gold":113,"neow_bonus":"THREE_ENEMY_KILL","is_prod":false,"is_daily":false,"chose_seed":false,"campfire_upgraded":2,"win_rate":0,"timestamp":1546106056,"path_taken":["M","$","M","M","?","R","E","R","T","R","?","?","M","E","R","BOSS"],"build_version":"2018-12-20","purchased_purges":0,"victory":false,"max_hp_per_floor":[66,66,66,66,66,66,66,66,66,66,60,60,60,60,60,60],"card_choices":[{"not_picked":["PiercingWail","Prepared"],"picked":"All Out Attack","floor":1},{"not_picked":["Dagger Spray","Skewer"],"picked":"Cloak And Dagger","floor":3},{"not_picked":["Acrobatics","PiercingWail"],"picked":"Flying Knee","floor":4},{"not_picked":["Blade Dance","Riddle With Holes"],"picked":"Crippling Poison","floor":5},{"not_picked":["Dodge and Roll","Prepared"],"picked":"Dagger Throw","floor":7},{"not_picked":["Underhanded Strike","Catalyst"],"picked":"Finisher","floor":13},{"not_picked":["Acrobatics","Distraction"],"picked":"Slice","floor":14}],"player_experience":1825942,"relics_obtained":[{"floor":7,"key":"Whetstone"},{"floor":9,"key":"Happy Flower"},{"floor":14,"key":"Anchor"}],"event_choices":[{"damage_healed":0,"gold_gain":0,"player_choice":"Lose Max HP","damage_taken":0,"relics_obtained":["Golden Idol"],"max_hp_gain":0,"max_hp_loss":6,"event_name":"Golden Idol","floor":11,"gold_loss":0},{"damage_healed":0,"gold_gain":0,"player_choice":"Success","damage_taken":11,"relics_obtained":["Dodecahedron"],"max_hp_gain":0,"max_hp_loss":0,"event_name":"Scrap Ooze","floor":12,"gold_loss":0}],"is_beta":false,"boss_relics":[],"items_purged_floors":[],"is_endless":false,"potions_floor_spawned":[3,13],"killed_by":"Hexaghost","ascension_level":20}