{"gold_per_floor":[118,50,68,87,162,162,192,192,192,205,205,217,217,247,247,350,350,365,365,377,323,335,335,352,352],"floor_reached":25,"playtime":784,"items_purged":[],"score":238,"play_id":"10896030-b617-463e-ae0d-fcaa99df9553","local_time":"20180801115031","is_ascension_mode":false,"campfire_choices":[{"data":"Bash","floor":6.0,"key":"SMITH"},{"data":"1","floor":8.0,"key":"LIFT"},{"data":"2","floor":11.0,"key":"LIFT"},{"data":"3","floor":15.0,"key":"LIFT"},{"data":"Whirlwind","floor":23.0,"key":"SMITH"}],"neow_cost":"NONE","seed_source_timestamp":0,"circlet_count":0,"master_deck":["Bash+1","Dark Embrace","Seeing Red","Dropkick","Inflame+1","Flex","Twin Strike","Feel No Pain","Spot Weakness","Immolate","Feed","Pommel Strike","Reckless Charge","Corruption","Armaments","Pommel Strike","Dual Wield","Armaments","Body Slam","Hemokinesis","Burning Pact","Seeing Red","Whirlwind+1"],"special_seed":0,"relics":["Burning Blood","Girya","Calipers","The Courier","Pandora\u0027s Box"],"potions_floor_usage":[25],"damage_taken":[{"damage":6.0,"enemies":"Cultist","floor":1.0,"turns":3.0},{"damage":11.0,"enemies":"Jaw Worm","floor":3.0,"turns":3.0},{"damage":3.0,"enemies":"Small Slimes","floor":4.0,"turns":3.0},{"damage":34.0,"enemies":"Gremlin Nob","floor":7.0,"turns":5.0},{"damage":11.0,"enemies":"Gremlin Gang","floor":10.0,"turns":5.0},{"damage":4.0,"enemies":"Blue Slaver","floor":12.0,"turns":3.0},{"damage":0.0,"enemies":"Lagavulin","floor":14.0,"turns":3.0},{"damage":34.0,"enemies":"Hexaghost","floor":16.0,"turns":7.0},{"damage":40.0,"enemies":"3 Byrds","floor":18.0,"turns":4.0},{"damage":5.0,"enemies":"Chosen","floor":20.0,"turns":3.0},{"damage":18.0,"enemies":"3 Cultists","floor":22.0,"turns":4.0},{"damage":5.0,"enemies":"Sentry and Sphere","floor":24.0,"turns":3.0},{"damage":14,"enemies":"Slavers","floor":25,"turns":2}],"seed_played":"-3862058541555300372","potions_obtained":[{"floor":4.0,"key":"BloodPotion"},{"floor":10.0,"key":"Block Potion"},{"floor":12.0,"key":"Explosive Potion"},{"floor":24.0,"key":"Fire Potion"}],"is_trial":false,"path_per_floor":["M","$","M","M","?","R","E","R","T","M","R","M","?","E","R","B",null,"M","?","M","$","M","R","M"],"character_chosen":"IRONCLAD","items_purchased":["Dropkick","Whirlwind"],"campfire_rested":0,"item_purchase_floors":[2,21],"current_hp_per_floor":[80,80,75,78,67,67,47,47,47,42,42,44,44,50,50,22,80,49,41,42,42,30,30,31,17],"gold":352,"neow_bonus":"ONE_RANDOM_RARE_CARD","is_prod":false,"is_daily":false,"chose_seed":false,"campfire_upgraded":2,"win_rate":0,"timestamp":1533117031,"path_taken":["M","$","?","?","?","R","E","R","T","?","R","M","?","E","R","BOSS","M","?","?","$","M","R","M","E"],"build_version":"2018-07-26","purchased_purges":0,"victory":false,"max_hp_per_floor":[80,80,80,80,80,80,80,80,80,80,80,80,80,80,80,80,80,83,83,83,83,83,83,83,83],"card_choices":[{"not_picked":["Clothesline","Clash"],"picked":"Seeing Red","floor":1.0},{"not_picked":["Clash","Warcry"],"picked":"Inflame","floor":3.0},{"not_picked":["Warcry","Sword Boomerang"],"picked":"Flex","floor":4.0},{"not_picked":["Wild Strike","Clothesline"],"picked":"Twin Strike","floor":7.0},{"not_picked":["Bloodletting","Carnage"],"picked":"Feel No Pain","floor":10.0},{"not_picked":["Clash","Fiend Fire"],"picked":"Spot Weakness","floor":12.0},{"not_picked":["Cleave","Twin Strike"],"picked":"Immolate","floor":14.0},{"not_picked":["Barricade","Offering"],"picked":"Feed","floor":16.0},{"not_picked":["Clothesline","Combust+1"],"picked":"Burning Pact","floor":18.0},{"not_picked":["Twin Strike+1","Havoc"],"picked":"Seeing Red","floor":20.0},{"not_picked":["Spot Weakness","Cleave","Armaments"],"picked":"SKIP","floor":22.0},{"not_picked":["Armaments","Heavy Blade+1","Uppercut"],"picked":"SKIP","floor":24.0}],"player_experience":1214477,"relics_obtained":[{"floor":7.0,"key":"Girya"},{"floor":9.0,"key":"Calipers"},{"floor":14.0,"key":"The Courier"}],"event_choices":[{"event_name":"World of Goop","player_choice":"Gather Gold","floor":5.0,"damage_taken":0.0},{"event_name":"Accursed Blacksmith","player_choice":"Forge","floor":13.0,"damage_taken":0.0},{"event_name":"Wheel of Change","player_choice":"Damage","floor":19.0,"damage_taken":0.0}],"is_beta":false,"boss_relics":[{"not_picked":["White Beast Statue","Eternal Feather"],"picked":"Pandora\u0027s Box"}],"items_purged_floors":[],"is_endless":false,"potions_floor_spawned":[4,10,12,24],"killed_by":"Slavers","ascension_level":0}