{"gold_per_floor":[109,10,10,21,96,126,140,140,163,181,197,213,213,89,89,89],"floor_reached":16,"playtime":971,"items_purged":["Strike_G","Strike_G"],"score":241,"play_id":"174af662-4c49-4ea6-b5d1-93b769a00737","local_time":"20190212122258","is_ascension_mode":true,"campfire_choices":[{"data":"Dodge and Roll","floor":8,"key":"SMITH"},{"floor":15,"key":"REST"}],"neow_cost":"NONE","seed_source_timestamp":54948763330300,"circlet_count":0,"master_deck":["AscendersBane","Defend_G","Defend_G","Defend_G","Defend_G","Strike_G","Strike_G","Strike_G","Survivor","Neutralize","Catalyst","Bane","Dodge and Roll+1","Acrobatics","Leg Sweep","Deadly Poison","Distraction","Footwork","Venomology","Bouncing Flask"],"relics":["Ring of the Snake","NeowsBlessing","Oddly Smooth Stone","Tingsha","Smiling Mask"],"potions_floor_usage":[10,12,16,16],"damage_taken":[{"damage":0,"enemies":"Small Slimes","floor":1,"turns":1},{"damage":0,"enemies":"Cultist","floor":4,"turns":1},{"damage":0,"enemies":"Lagavulin","floor":6,"turns":1},{"damage":9,"enemies":"Jaw Worm","floor":7,"turns":5},{"damage":7,"enemies":"Lots of Slimes","floor":10,"turns":10},{"damage":0,"enemies":"Blue Slaver","floor":11,"turns":4},{"damage":5,"enemies":"Gremlin Gang","floor":12,"turns":7},{"damage":61,"enemies":"Slime Boss","floor":16,"turns":12}],"seed_played":"-4906370509849398723","potions_obtained":[{"floor":1,"key":"EssenceOfSteel"},{"floor":4,"key":"EssenceOfSteel"},{"floor":12,"key":"Fire Potion"}],"is_trial":false,"path_per_floor":["?","M","?","?"],"character_chosen":"THE_SILENT","items_purchased":["Bane","Bouncing Flask"],"campfire_rested":1,"item_purchase_floors":[2,14],"current_hp_per_floor":[59,59,59,59,48,48,39,39,39,32,32,27,27,27,46,0],"gold":89,"neow_bonus":"THREE_ENEMY_KILL","is_prod":false,"is_daily":false,"chose_seed":false,"campfire_upgraded":1,"win_rate":0,"timestamp":1549941778,"path_taken":["M","$","?","?","?","E","M","R","T","M","M","M","?","$","R","BOSS"],"build_version":"2019-01-23","purchased_purges":2,"victory":false,"max_hp_per_floor":[66,66,66,66,66,66,66,66,66,66,66,66,66,66,66,66],"card_choices":[{"not_picked":["Calculated Gamble","Slice"],"picked":"Catalyst","floor":1},{"not_picked":["Dagger Throw","Cloak And Dagger"],"picked":"Dodge and Roll","floor":4},{"not_picked":["Catalyst","Outmaneuver"],"picked":"Acrobatics","floor":6},{"not_picked":["Bane","Flying Knee"],"picked":"Leg Sweep","floor":7},{"not_picked":["Blade Dance","Corpse Explosion"],"picked":"Deadly Poison","floor":10},{"not_picked":["Outmaneuver","Blade Dance"],"picked":"Distraction","floor":11},{"not_picked":["PiercingWail","Dodge and Roll"],"picked":"Footwork","floor":12}],"player_experience":355097,"relics_obtained":[{"floor":3,"key":"Oddly Smooth Stone"},{"floor":6,"key":"Tingsha"},{"floor":9,"key":"Smiling Mask"}],"event_choices":[{"damage_healed":0,"gold_gain":0,"player_choice":"Relic","damage_taken":0,"max_hp_gain":0,"max_hp_loss":0,"event_name":"Wheel of Change","floor":3,"gold_loss":0},{"damage_healed":0,"gold_gain":75,"player_choice":"Gather Gold","damage_taken":11,"max_hp_gain":0,"max_hp_loss":0,"event_name":"World of Goop","floor":5,"gold_loss":0},{"damage_healed":0,"gold_gain":0,"cards_transformed":["Defend_G"],"player_choice":"Transformed","damage_taken":0,"max_hp_gain":0,"max_hp_loss":0,"event_name":"Transmorgrifier","floor":13,"gold_loss":0,"cards_obtained":["Venomology"]}],"is_beta":false,"boss_relics":[],"items_purged_floors":[2,14],"is_endless":false,"potions_floor_spawned":[1,4,6,12],"killed_by":"Slime Boss","ascension_level":18}