{"gold_per_floor":[117,137,148,165,184,184,184,203,203,215,256,279,318,330,342,429,441,472,43,60,60,78,78,92,92,162,191,201,201,218,238,238,311,311,328,328,328,345,360,360,360,360,431,431,461,33,58,72,72,72],"floor_reached":51,"playtime":2188,"items_purged":[],"score":1460,"play_id":"2e7a58c2-7b3c-4276-9125-0c3391e782ed","local_time":"20181015145335","is_ascension_mode":true,"campfire_choices":[{"data":"Bash","floor":6.0,"key":"SMITH"},{"data":"Uppercut","floor":10.0,"key":"SMITH"},{"floor":15.0,"key":"REST"},{"data":"Corruption","floor":23.0,"key":"SMITH"},{"data":"Immolate","floor":25.0,"key":"SMITH"},{"data":"Flame Barrier","floor":29.0,"key":"SMITH"},{"floor":32.0,"key":"REST"},{"floor":40.0,"key":"REST"},{"data":"Evolve","floor":42.0,"key":"SMITH"},{"data":"Flame Barrier","floor":44.0,"key":"SMITH"},{"data":"Whirlwind","floor":49.0,"key":"SMITH"}],"neow_cost":"NONE","seed_source_timestamp":0,"circlet_count":0,"master_deck":["Strike_R","Strike_R","Strike_R","Strike_R","Strike_R","Defend_R","Defend_R","Defend_R","Defend_R","Bash+1","AscendersBane","Flame Barrier+1","Evolve+1","Exhume","Corruption+1","Uppercut+1","Clothesline","Demon Form+1","Shrug It Off","Immolate+1","Headbutt+1","Reaper","Shrug It Off","Flame Barrier+1","Battle Trance","Shrug It Off+1","Disarm","Reaper","Heavy Blade+1","Madness","Madness","Body Slam+1","Entrench","Power Through","Whirlwind+1","Battle Trance"],"special_seed":0,"relics":["Burning Blood","MawBank","Regal Pillow","Bag of Preparation","Runic Dome","Bottled Tornado","Kunai","Matryoshka","Philosopher\u0027s Stone","Centennial Puzzle","Paper Frog","Calipers","Mango","Question Card"],"potions_floor_usage":[50,50],"damage_taken":[{"damage":7.0,"enemies":"Cultist","floor":1.0,"turns":4.0},{"damage":1.0,"enemies":"Small Slimes","floor":2.0,"turns":4.0},{"damage":7.0,"enemies":"2 Louse","floor":3.0,"turns":4.0},{"damage":7.0,"enemies":"Looter","floor":4.0,"turns":5.0},{"damage":25.0,"enemies":"Exordium Wildlife","floor":5.0,"turns":5.0},{"damage":8.0,"enemies":"Red Slaver","floor":8.0,"turns":6.0},{"damage":30.0,"enemies":"3 Sentries","floor":11.0,"turns":8.0},{"damage":0.0,"enemies":"2 Fungi Beasts","floor":12.0,"turns":4.0},{"damage":24.0,"enemies":"Gremlin Nob","floor":13.0,"turns":4.0},{"damage":41.0,"enemies":"The Guardian","floor":16.0,"turns":14.0},{"damage":21.0,"enemies":"3 Byrds","floor":18.0,"turns":5.0},{"damage":17.0,"enemies":"Shell Parasite","floor":20.0,"turns":3.0},{"damage":37.0,"enemies":"3 Cultists","floor":22.0,"turns":5.0},{"damage":23.0,"enemies":"Centurion and Healer","floor":24.0,"turns":5.0},{"damage":35.0,"enemies":"Gremlin Leader","floor":27.0,"turns":4.0},{"damage":19.0,"enemies":"Sentry and Sphere","floor":28.0,"turns":5.0},{"damage":18.0,"enemies":"3 Cultists","floor":30.0,"turns":4.0},{"damage":27.0,"enemies":"Shelled Parasite and Fungi","floor":31.0,"turns":5.0},{"damage":38.0,"enemies":"Automaton","floor":33.0,"turns":8.0},{"damage":17.0,"enemies":"Orb Walker","floor":35.0,"turns":4.0},{"damage":16.0,"enemies":"3 Shapes","floor":38.0,"turns":5.0},{"damage":50.0,"enemies":"Sphere and 2 Shapes","floor":39.0,"turns":5.0},{"damage":11.0,"enemies":"Nemesis","floor":45.0,"turns":7.0},{"damage":60.0,"enemies":"2 Orb Walkers","floor":47.0,"turns":5.0},{"damage":31.0,"enemies":"Transient","floor":48.0,"turns":6.0},{"damage":122,"enemies":"Awakened One","floor":50,"turns":10}],"seed_played":"5296622584729162278","potions_obtained":[{"floor":1.0,"key":"SneckoOil"},{"floor":2.0,"key":"Strength Potion"},{"floor":8.0,"key":"Poison Potion"},{"floor":11.0,"key":"Explosive Potion"},{"floor":18.0,"key":"SkillPotion"},{"floor":20.0,"key":"Weak Potion"},{"floor":33.0,"key":"Swift Potion"},{"floor":38.0,"key":"Block Potion"},{"floor":47.0,"key":"Poison Potion"},{"floor":48.0,"key":"Dexterity Potion"}],"is_trial":false,"path_per_floor":["M","M","M","M","M","R","?","M","T","R","E","M","E","?","R","B",null,"M","$","M","?","M","R","M","R","T","E","M","R","M","M","R","B",null,"M","?","$","M","M","R","?","R","T","R","E","$","E","M","R","B"],"character_chosen":"IRONCLAD","items_purchased":["Bottled Tornado","Reaper","Weak Potion","Power Through","Mango"],"campfire_rested":3,"item_purchase_floors":[19,19,19,46,46],"current_hp_per_floor":[74,79,78,77,58,58,58,56,56,56,32,38,20,20,59,24,68,53,53,57,57,76,76,82,82,82,53,64,64,82,61,82,77,81,70,55,55,72,30,69,69,69,69,69,82,96,91,88,88,27],"gold":72,"neow_bonus":"TEN_PERCENT_HP_BONUS","is_prod":false,"is_daily":false,"chose_seed":false,"campfire_upgraded":8,"win_rate":0,"timestamp":1539608015,"path_taken":["M","M","M","M","M","R","?","M","T","R","E","?","E","?","R","BOSS","M","$","M","?","M","R","M","R","T","E","M","R","M","M","R","BOSS","M","?","$","M","M","R","?","R","T","R","E","$","E","M","R","BOSS"],"build_version":"2018-10-11","purchased_purges":0,"victory":true,"max_hp_per_floor":[82,82,82,82,82,82,82,82,82,82,82,82,82,82,82,82,82,82,82,82,82,82,82,82,82,82,82,82,82,82,82,82,82,82,82,82,82,82,82,82,82,82,82,82,82,96,96,96,96,96],"card_choices":[{"not_picked":["Armaments","Anger"],"picked":"Flame Barrier","floor":1.0},{"not_picked":["Thunderclap","Clothesline"],"picked":"Evolve","floor":2.0},{"not_picked":["Dual Wield","Havoc","Combust"],"picked":"SKIP","floor":3.0},{"not_picked":["Combust","Infernal Blade"],"picked":"Exhume","floor":4.0},{"not_picked":["Evolve","Wild Strike"],"picked":"Corruption","floor":5.0},{"not_picked":["Body Slam","Pommel Strike"],"picked":"Uppercut","floor":8.0},{"not_picked":["Fire Breathing","True Grit"],"picked":"Clothesline","floor":11.0},{"not_picked":["Havoc","Ghostly Armor"],"picked":"Demon Form","floor":12.0},{"not_picked":["Warcry","Corruption"],"picked":"Shrug It Off","floor":13.0},{"not_picked":["Barricade","Double Tap"],"picked":"Immolate","floor":16.0},{"not_picked":["Warcry+1","Ghostly Armor"],"picked":"Headbutt+1","floor":18.0},{"not_picked":["Anger","Perfected Strike","Wild Strike+1"],"picked":"SKIP","floor":20.0},{"not_picked":["Clothesline","Spot Weakness","Inflame"],"picked":"SKIP","floor":22.0},{"not_picked":["Searing Blow","Clash"],"picked":"Shrug It Off","floor":24.0},{"not_picked":["Evolve","Headbutt"],"picked":"Flame Barrier","floor":27.0},{"not_picked":["Sever Soul","Sword Boomerang"],"picked":"Battle Trance","floor":28.0},{"not_picked":["Armaments","Thunderclap"],"picked":"Shrug It Off+1","floor":30.0},{"not_picked":["Twin Strike","Body Slam"],"picked":"Disarm","floor":31.0},{"not_picked":["Barricade","Dark Embrace"],"picked":"Reaper","floor":33.0},{"not_picked":["Flex+1","Thunderclap"],"picked":"Heavy Blade+1","floor":35.0},{"not_picked":["Perfected Strike+1","Iron Wave"],"picked":"Body Slam+1","floor":38.0},{"not_picked":["Clothesline","Combust"],"picked":"Entrench","floor":39.0},{"not_picked":["Bloodletting+1","Dual Wield","Warcry+1"],"picked":"SKIP","floor":45.0},{"not_picked":["Uppercut","Thunderclap"],"picked":"Whirlwind","floor":47.0},{"not_picked":["Reckless Charge","Hemokinesis","Sever Soul"],"picked":"Battle Trance","floor":48.0}],"player_experience":1537768,"relics_obtained":[{"floor":9.0,"key":"MawBank"},{"floor":11.0,"key":"Regal Pillow"},{"floor":13.0,"key":"Bag of Preparation"},{"floor":26.0,"key":"Kunai"},{"floor":27.0,"key":"Matryoshka"},{"floor":43.0,"key":"Centennial Puzzle"},{"floor":43.0,"key":"Paper Frog"},{"floor":45.0,"key":"Calipers"},{"floor":47.0,"key":"Question Card"}],"event_choices":[{"event_name":"Purifier","player_choice":"Skipped","floor":7.0,"damage_taken":0.0},{"event_name":"Accursed Blacksmith","player_choice":"Forge","floor":14.0,"damage_taken":0.0},{"event_name":"Vampires","player_choice":"Ignored","floor":21.0,"damage_taken":0.0},{"event_name":"Winding Halls","player_choice":"Embrace Madness","floor":36.0,"damage_taken":0.0},{"event_name":"The Lab","player_choice":"Got Potions","floor":41.0,"damage_taken":0.0}],"is_beta":false,"boss_relics":[{"not_picked":["White Beast Statue","Empty Cage"],"picked":"Runic Dome"},{"not_picked":["Velvet Choker","Black Star"],"picked":"Philosopher\u0027s Stone"}],"items_purged_floors":[],"is_endless":false,"potions_floor_spawned":[1,2,8,11,12,18,20,33,38,47,48],"ascension_level":18}