{"gold_per_floor":[113,41,53,71,71,105,105,105,129,129,147,167,185,215,215,317,317,334,346,361,380,95,95,108,108,135,166,176,176,176,176,176,278,278,294,26,36,36,36,69,83,95,119,119,133,133,144,144,144,144],"floor_reached":50,"playtime":7198,"items_purged":["Defend_G"],"score":556,"play_id":"8666b408-5e6c-4556-ab06-68fdcf6cb965","local_time":"20190209025709","is_ascension_mode":true,"campfire_choices":[{"data":"A Thousand Cuts","floor":7.0,"key":"SMITH"},{"floor":10.0,"key":"REST"},{"floor":15.0,"key":"REST"},{"floor":23.0,"key":"REST"},{"data":"Footwork","floor":25.0,"key":"SMITH"},{"floor":32.0,"key":"REST"},{"floor":44,"key":"REST"},{"floor":46,"key":"REST"},{"data":"Prepared","floor":49,"key":"SMITH"}],"neow_cost":"NONE","seed_source_timestamp":0,"circlet_count":0,"master_deck":["Defend_G","Defend_G","Strike_G","Strike_G","Strike_G","Survivor","Neutralize","A Thousand Cuts+1","Sucker Punch","Well Laid Plans","Crippling Poison","Dash","Crippling Poison","Infinite Blades","Footwork+1","Backflip","Quick Slash","Malaise","Bane+1","Adrenaline+1","Dagger Throw+1","Acrobatics+1","Dagger Throw","Tactician+1","Outmaneuver+1","Prepared+1","Leg Sweep","Glass Knife","Poisoned Stab+1","Flash of Steel","Caltrops","Blur","Leg Sweep","Secret Weapon","Poisoned Stab+1","Caltrops+1","Catalyst+1","Prepared+1","Bane+1"],"special_seed":0,"relics":["Ring of the Snake","Gremlin Horn","Anchor","Torii","Omamori","Boot","Astrolabe","Tingsha","Bronze Scales","Mummified Hand","Necronomicon","MutagenicStrength","Lizard Tail","Ancient Tea Set","Vajra"],"potions_floor_usage":[40,47,50],"damage_taken":[{"damage":2.0,"enemies":"Cultist","floor":1.0,"turns":6.0},{"damage":9.0,"enemies":"2 Louse","floor":3.0,"turns":3.0},{"damage":8.0,"enemies":"Jaw Worm","floor":4.0,"turns":4.0},{"damage":17.0,"enemies":"3 Sentries","floor":6.0,"turns":8.0},{"damage":1.0,"enemies":"Gremlin Gang","floor":11.0,"turns":3.0},{"damage":7.0,"enemies":"Exordium Wildlife","floor":12.0,"turns":4.0},{"damage":0.0,"enemies":"3 Louse","floor":13.0,"turns":3.0},{"damage":14.0,"enemies":"Lagavulin","floor":14.0,"turns":8.0},{"damage":9.0,"enemies":"Hexaghost","floor":16.0,"turns":10.0},{"damage":14.0,"enemies":"Spheric Guardian","floor":18.0,"turns":4.0},{"damage":24.0,"enemies":"2 Thieves","floor":19.0,"turns":5.0},{"damage":1.0,"enemies":"Centurion and Healer","floor":20.0,"turns":6.0},{"damage":1.0,"enemies":"Snake Plant","floor":21.0,"turns":6.0},{"damage":2.0,"enemies":"Snecko","floor":24.0,"turns":6.0},{"damage":12.0,"enemies":"Slavers","floor":27.0,"turns":5.0},{"damage":0.0,"enemies":"Cultist and Chosen","floor":28.0,"turns":4.0},{"damage":14.0,"enemies":"Champ","floor":33.0,"turns":12.0},{"damage":5,"enemies":"3 Shapes","floor":35,"turns":2},{"damage":13,"enemies":"Orb Walker","floor":37,"turns":3},{"damage":38,"enemies":"Giant Head","floor":40,"turns":10},{"damage":19,"enemies":"Maw","floor":41,"turns":7},{"damage":28,"enemies":"Spire Growth","floor":42,"turns":6},{"damage":0,"enemies":"4 Shapes","floor":45,"turns":4},{"damage":8,"enemies":"Transient","floor":47,"turns":5},{"damage":63,"enemies":"Awakened One","floor":50,"turns":7}],"seed_played":"1943630000490076669","potions_obtained":[{"floor":4.0,"key":"Explosive Potion"},{"floor":6.0,"key":"Fruit Juice"},{"floor":13.0,"key":"Block Potion"},{"floor":14.0,"key":"Fire Potion"},{"floor":16.0,"key":"Explosive Potion"},{"floor":20.0,"key":"GamblersBrew"},{"floor":21.0,"key":"GhostInAJar"},{"floor":27.0,"key":"Strength Potion"},{"floor":41,"key":"FearPotion"},{"floor":42,"key":"SteroidPotion"},{"floor":45,"key":"SkillPotion"}],"is_trial":false,"path_per_floor":["M","$","M","M","?","E","R","T","T","R","M","M","M","E","R","B",null,"M","M","M","M","$","R","M","R","T","E","M","?","?","?","R","B",null,"M","$","M","?","?","E","M","M","T","R","M","R","M","?","R","B"],"character_chosen":"THE_SILENT","items_purchased":["Well Laid Plans","Tingsha","Flash of Steel","Caltrops","Blur"],"campfire_rested":6,"item_purchase_floors":[2,22,36,36,36],"current_hp_per_floor":[68,68,59,51,48,36,36,36,36,58,57,50,50,36,58,49,75,61,37,36,35,35,57,55,55,55,43,43,27,27,27,49,35,75,70,70,57,75,75,37,18,27,27,49,49,71,63,63,63,0],"gold":144,"neow_bonus":"ONE_RANDOM_RARE_CARD","is_prod":false,"is_daily":false,"chose_seed":false,"campfire_upgraded":3,"win_rate":0,"timestamp":1549677429,"path_taken":["M","?","M","M","?","E","R","?","T","R","M","M","M","E","R","BOSS","M","M","M","?","$","R","M","R","T","E","M","?","?","?","R","BOSS","M","$","M","?","?","E","M","M","T","R","M","R","M","?","R","BOSS"],"build_version":"2019-01-23","purchased_purges":1,"victory":false,"max_hp_per_floor":[70,70,70,70,70,75,75,75,75,75,75,75,75,75,75,75,75,75,75,75,75,75,75,75,75,75,75,75,75,75,75,75,75,75,75,75,75,75,75,75,75,75,75,75,75,75,75,75,75,75],"card_choices":[{"not_picked":["Flying Knee","Underhanded Strike"],"picked":"Sucker Punch","floor":1.0},{"not_picked":["Setup","Escape Plan"],"picked":"Crippling Poison","floor":3.0},{"not_picked":["Dagger Throw","Poisoned Stab"],"picked":"Dash","floor":4.0},{"not_picked":["Venomology","Cloak And Dagger"],"picked":"Crippling Poison","floor":6.0},{"not_picked":["Prepared","Riddle With Holes"],"picked":"Infinite Blades","floor":11.0},{"not_picked":["Deflect","PiercingWail"],"picked":"Footwork","floor":12.0},{"not_picked":["Quick Slash","Distraction"],"picked":"Backflip","floor":13.0},{"not_picked":["Slice","Blade Dance"],"picked":"Quick Slash","floor":14.0},{"not_picked":["Die Die Die","Glass Knife"],"picked":"Malaise","floor":16.0},{"not_picked":["Sucker Punch","Tactician","Dodge and Roll"],"picked":"SKIP","floor":18.0},{"not_picked":["Finisher","Outmaneuver"],"picked":"Acrobatics+1","floor":19.0},{"not_picked":["Deadly Poison","Blade Dance+1"],"picked":"Dagger Throw","floor":20.0},{"not_picked":["All Out Attack","Deadly Poison","Sucker Punch"],"picked":"SKIP","floor":21.0},{"not_picked":["Bane","All Out Attack"],"picked":"Tactician+1","floor":24.0},{"not_picked":["Poisoned Stab","Dagger Spray"],"picked":"Outmaneuver+1","floor":27.0},{"not_picked":["Acrobatics+1","Blade Dance+1"],"picked":"Prepared","floor":28.0},{"not_picked":["Doppelganger","Phantasmal Killer"],"picked":"Glass Knife","floor":33.0},{"not_picked":["Underhanded Strike","Deflect"],"picked":"Poisoned Stab+1","floor":35},{"not_picked":["Concentrate","Acrobatics"],"picked":"Leg Sweep","floor":37},{"not_picked":["Deep Breath","PanicButton"],"picked":"Secret Weapon","floor":39},{"not_picked":["Dodge and Roll","Bane"],"picked":"Poisoned Stab+1","floor":40},{"not_picked":["Deadly Poison+1","Well Laid Plans"],"picked":"Caltrops+1","floor":41},{"not_picked":["Dodge and Roll","Flechettes"],"picked":"Catalyst+1","floor":42},{"not_picked":["Dodge and Roll+1","Acrobatics"],"picked":"Prepared+1","floor":45},{"not_picked":["Poisoned Stab","Leg Sweep"],"picked":"Bane+1","floor":47}],"player_experience":95872,"relics_obtained":[{"floor":6.0,"key":"Anchor"},{"floor":8.0,"key":"Torii"},{"floor":9.0,"key":"Omamori"},{"floor":14.0,"key":"Boot"},{"floor":26.0,"key":"Bronze Scales"},{"floor":27.0,"key":"Mummified Hand"},{"floor":29.0,"key":"Necronomicon"},{"floor":40,"key":"Ancient Tea Set"},{"floor":43,"key":"Vajra"}],"event_choices":[{"damage_healed":0.0,"max_hp_gain":0.0,"max_hp_loss":0.0,"gold_gain":0.0,"event_name":"Scrap Ooze","player_choice":"Success","floor":5.0,"gold_loss":0.0,"damage_taken":3.0,"relics_obtained":["Gremlin Horn"]},{"damage_healed":0.0,"max_hp_gain":0.0,"max_hp_loss":0.0,"gold_gain":0.0,"event_name":"Cursed Tome","player_choice":"Obtained Book","floor":29.0,"gold_loss":0.0,"damage_taken":16.0},{"damage_healed":0.0,"max_hp_gain":0.0,"max_hp_loss":0.0,"gold_gain":0.0,"event_name":"Drug Dealer","player_choice":"Inject Mutagens","floor":30.0,"gold_loss":0.0,"damage_taken":0.0,"relics_obtained":["MutagenicStrength"]},{"damage_healed":0.0,"max_hp_gain":0.0,"max_hp_loss":0.0,"gold_gain":0.0,"event_name":"The Library","player_choice":"Read","floor":31.0,"gold_loss":0.0,"damage_taken":0.0,"cards_obtained":["Leg Sweep"]},{"damage_healed":19,"gold_gain":0,"player_choice":"Writhe","damage_taken":0,"max_hp_gain":0,"max_hp_loss":0,"event_name":"Winding Halls","floor":38,"gold_loss":0,"cards_obtained":["Writhe"]},{"damage_healed":0,"gold_gain":0,"player_choice":"Memory 1","damage_taken":0,"max_hp_gain":0,"max_hp_loss":0,"event_name":"SensoryStone","floor":39,"gold_loss":0},{"cards_removed":["Defend_G"],"damage_healed":0,"gold_gain":0,"player_choice":"Removed Skill","damage_taken":0,"max_hp_gain":0,"max_hp_loss":0,"event_name":"Falling","floor":48,"gold_loss":0}],"is_beta":false,"boss_relics":[{"not_picked":["Velvet Choker","Cursed Key"],"picked":"Astrolabe"},{"not_picked":["Orrery","Sozu"],"picked":"Lizard Tail"}],"items_purged_floors":[36],"is_endless":false,"potions_floor_spawned":[4,6,13,14,16,20,21,27,41,42,45],"killed_by":"Awakened One","ascension_level":1}