{"gold_per_floor":[114,129,58,73,25,25,40,55,55,70,85,65,26,41,41,141,141,156,171,171,186,33,33,0,15,40,67,79,106,133,195,207,219],"floor_reached":33,"playtime":2667,"items_purged":[],"score":270,"play_id":"a2309c7d-8bac-47d5-9c54-98b484fc4d27","local_time":"20190211010113","daily_mods":["Specialized","Vintage","Terminal"],"is_ascension_mode":false,"campfire_choices":[{"data":"Crippling Poison","floor":6,"key":"SMITH"},{"data":"Masterful Stab","floor":15,"key":"SMITH"},{"data":"Noxious Fumes","floor":23,"key":"SMITH"},{"floor":28,"key":"REST"},{"data":"Crippling Poison","floor":32,"key":"SMITH"}],"neow_cost":"","seed_source_timestamp":312093601423400,"circlet_count":0,"master_deck":["Defend_G","Defend_G","Defend_G","Defend_G","Defend_G","Strike_G","Strike_G","Strike_G","Strike_G","Strike_G","Survivor","Neutralize","Crippling Poison+1","Crippling Poison+1","Crippling Poison","Crippling Poison","Crippling Poison","Masterful Stab+1","Backflip","Crippling Poison","Malaise","Noxious Fumes+1","Heel Hook"],"special_seed":17938,"relics":["Ring of the Snake","Tingsha","Mummified Hand","Shuriken","Torii","WingedGreaves","Meat on the Bone","Shovel","Snake Skull","Question Card","Runic Pyramid","Letter Opener","Smiling Mask","Juzu Bracelet","Bag of Preparation","MawBank","Bottled Tornado","Orichalcum","Potion Belt"],"potions_floor_usage":[],"damage_taken":[{"damage":1,"enemies":"Cultist","floor":1,"turns":4},{"damage":0,"enemies":"Jaw Worm","floor":2,"turns":5},{"damage":0,"enemies":"2 Louse","floor":4,"turns":2},{"damage":2,"enemies":"Large Slime","floor":7,"turns":7},{"damage":1,"enemies":"Gremlin Gang","floor":8,"turns":3},{"damage":1,"enemies":"2 Fungi Beasts","floor":10,"turns":3},{"damage":0,"enemies":"Blue Slaver","floor":11,"turns":4},{"damage":0,"enemies":"Looter","floor":14,"turns":3},{"damage":17,"enemies":"The Guardian","floor":16,"turns":10},{"damage":0,"enemies":"3 Byrds","floor":18,"turns":4},{"damage":1,"enemies":"2 Thieves","floor":19,"turns":4},{"damage":0,"enemies":"Centurion and Healer","floor":21,"turns":7},{"damage":16,"enemies":"3 Cultists","floor":25,"turns":5},{"damage":2,"enemies":"Chosen and Byrds","floor":27,"turns":5},{"damage":1,"enemies":"Sentry and Sphere","floor":29,"turns":5},{"damage":3,"enemies":"Snake Plant","floor":30,"turns":4},{"damage":44,"enemies":"Collector","floor":33,"turns":7}],"seed_played":"6339212738474030288","potions_obtained":[{"floor":8,"key":"SkillPotion"},{"floor":10,"key":"Weak Potion"},{"floor":11,"key":"Energy Potion"},{"floor":14,"key":"SteroidPotion"},{"floor":18,"key":"AttackPotion"}],"is_trial":false,"path_per_floor":["M","M","$","M","$","R","M","M","T","M","M","?","$","M","R","B",null,"M","M","?","M","$","R","?","M","T","M","R","M","M","?","R","B"],"character_chosen":"THE_SILENT","items_purchased":["Masterful Stab","Backflip","Crippling Poison","Noxious Fumes","Heel Hook"],"campfire_rested":1,"item_purchase_floors":[3,5,13,22,22],"current_hp_per_floor":[68,67,66,65,64,63,61,60,60,59,58,57,56,55,54,37,52,51,50,49,48,47,46,45,29,29,27,39,38,35,35,35,0],"gold":219,"neow_bonus":"","is_prod":false,"is_daily":true,"chose_seed":false,"campfire_upgraded":4,"win_rate":0.0,"timestamp":1549864873,"path_taken":["M","M","?","M","$","R","M","M","T","M","M","?","$","?","R","BOSS","M","M","?","M","$","R","?","M","T","M","R","M","M","?","R","BOSS"],"build_version":"2019-01-23","purchased_purges":0,"victory":false,"max_hp_per_floor":[68,67,66,65,64,63,62,61,60,59,58,57,56,55,54,53,52,51,50,49,48,47,46,45,44,43,42,41,40,39,38,37,37],"card_choices":[{"not_picked":["Die Die Die","Phantasmal Killer","Envenom"],"picked":"Malaise","floor":16}],"player_experience":2034,"relics_obtained":[{"floor":1,"key":"Tingsha"},{"floor":2,"key":"Mummified Hand"},{"floor":4,"key":"Shuriken"},{"floor":7,"key":"Torii"},{"floor":8,"key":"WingedGreaves"},{"floor":9,"key":"Meat on the Bone"},{"floor":10,"key":"Shovel"},{"floor":11,"key":"Snake Skull"},{"floor":14,"key":"Question Card"},{"floor":18,"key":"Letter Opener"},{"floor":19,"key":"Smiling Mask"},{"floor":21,"key":"Juzu Bracelet"},{"floor":25,"key":"Bag of Preparation"},{"floor":26,"key":"MawBank"},{"floor":27,"key":"Bottled Tornado"},{"floor":29,"key":"Orichalcum"},{"floor":30,"key":"Potion Belt"}],"event_choices":[{"damage_healed":0,"gold_gain":0,"player_choice":"Bought 1 Potion","damage_taken":0,"max_hp_gain":0,"max_hp_loss":0,"event_name":"The Woman in Blue","floor":12,"gold_loss":0},{"damage_healed":0,"gold_gain":0,"player_choice":"Ignored","damage_taken":0,"max_hp_gain":0,"max_hp_loss":0,"event_name":"Ghosts","floor":20,"gold_loss":0},{"damage_healed":0,"gold_gain":0,"player_choice":"Paid Fearfully","damage_taken":0,"max_hp_gain":0,"max_hp_loss":0,"event_name":"Masked Bandits","floor":24,"gold_loss":33},{"damage_healed":0,"gold_gain":100,"player_choice":"Bet on Murderer","damage_taken":0,"max_hp_gain":0,"max_hp_loss":0,"event_name":"The Joust","floor":31,"gold_loss":50}],"is_beta":false,"boss_relics":[{"not_picked":["Runic Dome","White Beast Statue"],"picked":"Runic Pyramid"}],"items_purged_floors":[],"is_endless":false,"potions_floor_spawned":[8,10,11,14,18,19,29],"killed_by":"Collector","ascension_level":0}