{"gold_per_floor":[110,110,120,133,146,162,181,214,260,260,260,284,304,385,385,504,504,517,517,538,70,105,105,105,143,143,156,156,180,196,219,219,350,350,374,499,102,122,122,157,157,157,157,171,190,190],"floor_reached":46,"playtime":5474,"items_purged":[],"score":526,"play_id":"ca1ec6bb-c361-4057-bbca-63ee3f17f3ce","local_time":"20190128220104","is_ascension_mode":false,"campfire_choices":[{"floor":15,"key":"REST"},{"floor":23,"key":"REST"},{"floor":32,"key":"REST"},{"floor":42,"key":"REST"}],"neow_cost":"NONE","seed_source_timestamp":14268338578173,"circlet_count":0,"master_deck":["Defend_G+1","Defend_G+1","Defend_G+1","Defend_G+1","Defend_G+1","Strike_G+1","Strike_G+1","Strike_G+1","Strike_G+1","Strike_G+1","Survivor","Neutralize","Flying Knee","Outmaneuver","Endless Agony","Blade Dance","Backflip","All Out Attack","Backflip","Infinite Blades","Calculated Gamble","Sucker Punch","A Thousand Cuts","Terror+1","Well Laid Plans","Dash+1","Finisher+1","Ghostly","Ghostly","Ghostly","Ghostly","Ghostly","Deflect","Sucker Punch+1","Dagger Throw+1","Flechettes+1","Calculated Gamble","Adrenaline","Slice+1","Well Laid Plans","Mayhem","Sucker Punch+1","Madness","Madness","Escape Plan+1","Eviscerate+1","Slice+1"],"relics":["Ring of the Snake","Centennial Puzzle","Bronze Scales","Golden Idol","Girya","Black Star","Blood Vial","Molten Egg 2","Red Mask","Pear","Ancient Tea Set","Paper Crane","Runic Pyramid","Calipers","Medical Kit","Kunai","Ornamental Fan","Boot"],"potions_floor_usage":[12,14,14,16,33,33,40,46],"damage_taken":[{"damage":0,"enemies":"Small Slimes","floor":1,"turns":4},{"damage":0,"enemies":"Cultist","floor":3,"turns":5},{"damage":1,"enemies":"Jaw Worm","floor":4,"turns":6},{"damage":5,"enemies":"Looter","floor":5,"turns":3},{"damage":7,"enemies":"Large Slime","floor":6,"turns":9},{"damage":10,"enemies":"Exordium Wildlife","floor":7,"turns":8},{"damage":81,"enemies":"Gremlin Nob","floor":8,"turns":6},{"damage":0,"enemies":"3 Louse","floor":12,"turns":2},{"damage":0,"enemies":"Lots of Slimes","floor":13,"turns":4},{"damage":7,"enemies":"Gremlin Nob","floor":14,"turns":3},{"damage":21,"enemies":"Hexaghost","floor":16,"turns":10},{"damage":22,"enemies":"3 Byrds","floor":18,"turns":4},{"damage":0,"enemies":"Shell Parasite","floor":20,"turns":5},{"damage":41,"enemies":"Masked Bandits","floor":22,"turns":6},{"damage":22,"enemies":"Slavers","floor":25,"turns":5},{"damage":3,"enemies":"Sentry and Sphere","floor":27,"turns":7},{"damage":0,"enemies":"Centurion and Healer","floor":29,"turns":5},{"damage":3,"enemies":"Snake Plant","floor":30,"turns":5},{"damage":10,"enemies":"Snecko","floor":31,"turns":5},{"damage":30,"enemies":"Collector","floor":33,"turns":9},{"damage":0,"enemies":"Orb Walker","floor":35,"turns":5},{"damage":11,"enemies":"Mind Bloom Boss Battle","floor":36,"turns":7},{"damage":3,"enemies":"3 Darklings","floor":38,"turns":6},{"damage":24,"enemies":"Giant Head","floor":40,"turns":11},{"damage":0,"enemies":"Jaw Worm Horde","floor":44,"turns":5},{"damage":21,"enemies":"Spire Growth","floor":45,"turns":7},{"damage":12,"enemies":"4 Shapes","floor":46,"turns":5}],"seed_played":"-792766225003158399","potions_obtained":[{"floor":1,"key":"Energy Potion"},{"floor":2,"key":"FairyPotion"},{"floor":2,"key":"Regen Potion"},{"floor":12,"key":"FearPotion"},{"floor":14,"key":"Weak Potion"},{"floor":22,"key":"Dexterity Potion"},{"floor":29,"key":"Poison Potion"},{"floor":33,"key":"Strength Potion"},{"floor":40,"key":"Fire Potion"},{"floor":44,"key":"Energy Potion"},{"floor":45,"key":"GhostInAJar"}],"is_trial":false,"path_per_floor":["M","?","M","M","M","M","M","E","T","?","?","M","M","?","R","B",null,"M","?","M","$","?","R","?","E","T","M","?","M","M","M","R","B",null,"M","?","$","M","?","E","?","R","T","M","M","M"],"character_chosen":"THE_SILENT","items_purchased":["Blood Vial","Molten Egg 2","Dash+1","Mayhem","Medical Kit"],"campfire_rested":4,"item_purchase_floors":[21,21,21,37,37],"current_hp_per_floor":[77,77,77,76,71,64,54,7,7,7,7,16,16,9,32,11,77,55,55,55,55,16,39,38,26,26,25,25,27,26,18,32,4,48,48,37,37,36,30,8,8,22,22,24,5,0],"gold":190,"neow_bonus":"TEN_PERCENT_HP_BONUS","is_prod":false,"is_daily":false,"chose_seed":false,"campfire_upgraded":0,"win_rate":0.0,"timestamp":1548709264,"path_taken":["M","?","M","M","?","M","M","E","T","?","?","M","M","?","R","BOSS","M","?","M","$","?","R","?","E","T","M","?","?","M","M","R","BOSS","M","?","$","M","?","E","?","R","T","M","?","M"],"build_version":"2019-01-23","purchased_purges":0,"victory":false,"max_hp_per_floor":[77,77,77,77,77,77,77,77,77,77,77,77,77,77,77,77,77,77,77,77,77,77,77,38,48,48,48,48,48,48,48,48,48,48,48,48,48,48,48,48,48,48,48,48,48,48],"card_choices":[{"not_picked":["Caltrops","Quick Slash"],"picked":"Flying Knee","floor":1},{"not_picked":["Acrobatics","Dagger Throw"],"picked":"Outmaneuver","floor":3},{"not_picked":["Deadly Poison","Flying Knee"],"picked":"Endless Agony","floor":4},{"not_picked":["Underhanded Strike","Malaise"],"picked":"Blade Dance","floor":5},{"not_picked":["Acrobatics","Blur"],"picked":"Backflip","floor":6},{"not_picked":["Poisoned Stab","PiercingWail"],"picked":"All Out Attack","floor":7},{"not_picked":["Blur","Reflex"],"picked":"Backflip","floor":8},{"not_picked":["Acrobatics","Sucker Punch"],"picked":"Infinite Blades","floor":12},{"not_picked":["Deadly Poison","Quick Slash"],"picked":"Calculated Gamble","floor":13},{"not_picked":["Acrobatics","Dagger Spray"],"picked":"Sucker Punch","floor":14},{"not_picked":["Bullet Time","Wraith Form v2"],"picked":"A Thousand Cuts","floor":16},{"not_picked":["Deflect","Reflex"],"picked":"Terror+1","floor":18},{"not_picked":["Prepared","Masterful Stab"],"picked":"Well Laid Plans","floor":20},{"not_picked":["Prepared","Acrobatics+1"],"picked":"Finisher+1","floor":22},{"not_picked":["PiercingWail","Dodge and Roll"],"picked":"Deflect","floor":25},{"not_picked":["Dagger Spray+1","Poisoned Stab+1"],"picked":"Sucker Punch+1","floor":27},{"not_picked":["Dash+1","Underhanded Strike+1"],"picked":"Dagger Throw+1","floor":29},{"not_picked":["Backflip","Dagger Spray+1"],"picked":"Flechettes+1","floor":30},{"not_picked":["Underhanded Strike+1","Dagger Throw+1"],"picked":"Calculated Gamble","floor":31},{"not_picked":["Glass Knife+1","Phantasmal Killer"],"picked":"Adrenaline","floor":33},{"not_picked":["Heel Hook+1","Deflect"],"picked":"Slice+1","floor":35},{"not_picked":["PiercingWail","Bouncing Flask"],"picked":"Well Laid Plans","floor":36},{"not_picked":["Calculated Gamble","Poisoned Stab+1"],"picked":"Sucker Punch+1","floor":38},{"not_picked":["Deadly Poison+1","Die Die Die+1"],"picked":"Escape Plan+1","floor":40},{"not_picked":["Reflex","Deadly Poison+1"],"picked":"Eviscerate+1","floor":44},{"not_picked":["Poisoned Stab+1","Dagger Throw+1"],"picked":"Slice+1","floor":45}],"player_experience":19373,"relics_obtained":[{"floor":8,"key":"Centennial Puzzle"},{"floor":9,"key":"Bronze Scales"},{"floor":14,"key":"Girya"},{"floor":22,"key":"Red Mask"},{"floor":25,"key":"Pear"},{"floor":25,"key":"Ancient Tea Set"},{"floor":26,"key":"Paper Crane"},{"floor":36,"key":"Calipers"},{"floor":40,"key":"Kunai"},{"floor":40,"key":"Ornamental Fan"},{"floor":43,"key":"Boot"}],"event_choices":[{"damage_healed":0,"gold_gain":0,"player_choice":"Got Potions","damage_taken":0,"max_hp_gain":0,"max_hp_loss":0,"event_name":"Lab","floor":2,"gold_loss":0},{"damage_healed":0,"gold_gain":0,"player_choice":"Ignored","damage_taken":0,"max_hp_gain":0,"max_hp_loss":0,"event_name":"Liars Game","floor":10,"gold_loss":0},{"damage_healed":0,"gold_gain":0,"player_choice":"Take Wound","damage_taken":0,"relics_obtained":["Golden Idol"],"max_hp_gain":0,"max_hp_loss":0,"event_name":"Golden Idol","floor":11,"gold_loss":0,"cards_obtained":["Injury"]},{"damage_healed":0,"gold_gain":0,"player_choice":"Searched \u00271\u0027 times","damage_taken":0,"max_hp_gain":0,"max_hp_loss":0,"event_name":"Dead Adventurer","floor":14,"gold_loss":0},{"damage_healed":0,"gold_gain":0,"player_choice":"Simplicity","damage_taken":0,"max_hp_gain":0,"max_hp_loss":0,"event_name":"Back to Basics","floor":19,"gold_loss":0,"cards_upgraded":["Defend_G","Defend_G","Defend_G","Defend_G","Defend_G","Strike_G","Strike_G","Strike_G","Strike_G","Strike_G"]},{"damage_healed":0,"gold_gain":0,"player_choice":"Fought Bandits","damage_taken":0,"max_hp_gain":0,"max_hp_loss":0,"event_name":"Masked Bandits","floor":22,"gold_loss":0},{"damage_healed":0,"gold_gain":0,"player_choice":"Became a Ghost","damage_taken":0,"max_hp_gain":0,"max_hp_loss":39,"event_name":"Ghosts","floor":24,"gold_loss":0,"cards_obtained":["Ghostly","Ghostly","Ghostly","Ghostly","Ghostly"]},{"cards_removed":["Injury"],"damage_healed":0,"gold_gain":0,"player_choice":"Removed Curses","damage_taken":0,"max_hp_gain":0,"max_hp_loss":0,"event_name":"Fountain of Cleansing","floor":28,"gold_loss":0},{"damage_healed":0,"gold_gain":0,"player_choice":"Fight","damage_taken":0,"max_hp_gain":0,"max_hp_loss":0,"event_name":"MindBloom","floor":36,"gold_loss":0},{"damage_healed":0,"gold_gain":0,"player_choice":"Embrace Madness","damage_taken":6,"max_hp_gain":0,"max_hp_loss":0,"event_name":"Winding Halls","floor":39,"gold_loss":0,"cards_obtained":["Madness","Madness"]},{"damage_healed":0,"gold_gain":0,"player_choice":"Ignored","damage_taken":0,"max_hp_gain":0,"max_hp_loss":0,"event_name":"SecretPortal","floor":41,"gold_loss":0}],"is_beta":false,"boss_relics":[{"not_picked":["Coffee Dripper","Orrery"],"picked":"Black Star"},{"not_picked":["Tiny House","Eternal Feather"],"picked":"Runic Pyramid"}],"items_purged_floors":[],"is_endless":false,"potions_floor_spawned":[1,4,5,12,14,22,29,33,40,44,45],"killed_by":"4 Shapes","ascension_level":0}