{"gold_per_floor":[118,118,128,128,93,124,50,50,76,90,90,106,22,102,102,197,197,207,207,122,147,158,158,191,191],"floor_reached":25,"playtime":1574,"items_purged":[],"score":242,"play_id":"274ae7ba-ca41-4497-bd80-9ce893117341","local_time":"20190124221056","is_ascension_mode":false,"campfire_choices":[{"floor":8,"key":"REST"},{"floor":15,"key":"REST"},{"data":"Fiend Fire","floor":23,"key":"SMITH"}],"neow_cost":"NONE","seed_source_timestamp":2833681196939999,"circlet_count":0,"master_deck":["Defend_R","Defend_R","Defend_R","Defend_R","Offering","Twin Strike","Power Through","Rampage","Perfected Strike","Twin Strike","Shrug It Off","Bash","Pommel Strike","Swift Strike","Fiend Fire+1","Anger","Bite","Bite","Bite","Bite","Bite","Hemokinesis+1","Rupture+1"],"relics":["Burning Blood","Calipers","Lantern","Regal Pillow","Mummified Hand","Eternal Feather","PreservedInsect","Vajra","Mango"],"potions_floor_usage":[16,25],"damage_taken":[{"damage":6,"enemies":"Jaw Worm","floor":1,"turns":4},{"damage":10,"enemies":"2 Louse","floor":3,"turns":3},{"damage":57,"enemies":"Gremlin Nob","floor":6,"turns":7},{"damage":0,"enemies":"Cultist","floor":10,"turns":3},{"damage":2,"enemies":"Large Slime","floor":12,"turns":5},{"damage":57,"enemies":"Hexaghost","floor":16,"turns":9},{"damage":22,"enemies":"Spheric Guardian","floor":18,"turns":5},{"damage":11,"enemies":"3 Byrds","floor":22,"turns":5},{"damage":41,"enemies":"Slavers","floor":24,"turns":4},{"damage":48,"enemies":"Snake Plant","floor":25,"turns":3}],"seed_played":"-4215816589768494005","potions_obtained":[{"floor":10,"key":"FearPotion"},{"floor":16,"key":"Ancient Potion"}],"is_trial":false,"path_per_floor":["?","?","?","$","M","?","M","$","T","?","?","T","M"],"character_chosen":"IRONCLAD","items_purchased":["Perfected Strike","Twin Strike","Swift Strike"],"campfire_rested":2,"item_purchase_floors":[7,7,13],"current_hp_per_floor":[80,80,76,64,80,29,29,53,53,59,59,63,63,63,80,29,80,64,56,56,56,56,56,39,0],"gold":191,"neow_bonus":"TRANSFORM_CARD","is_prod":false,"is_daily":false,"chose_seed":false,"campfire_upgraded":1,"win_rate":0.0,"timestamp":1548328256,"path_taken":["M","?","M","?","?","E","?","R","T","?","?","?","?","?","R","BOSS","M","?","?","?","M","R","E","?"],"build_version":"2019-01-23","purchased_purges":0,"victory":false,"max_hp_per_floor":[80,80,80,80,80,80,80,80,80,80,80,80,80,80,80,80,80,80,56,56,56,56,56,70,70],"card_choices":[{"not_picked":["Body Slam","Perfected Strike"],"picked":"Twin Strike","floor":1},{"not_picked":["Uppercut","Fire Breathing"],"picked":"Power Through","floor":3},{"not_picked":["Power Through","Perfected Strike"],"picked":"Rampage","floor":6},{"not_picked":["Pommel Strike","Thunderclap"],"picked":"Shrug It Off","floor":10},{"not_picked":["Armaments","Clothesline"],"picked":"Pommel Strike","floor":12},{"not_picked":["Offering","Barricade"],"picked":"Fiend Fire","floor":16},{"not_picked":["Searing Blow","Clash"],"picked":"Anger","floor":18},{"not_picked":["Sever Soul","Shrug It Off+1"],"picked":"Hemokinesis+1","floor":22},{"not_picked":["Double Tap","Berserk"],"picked":"Rupture+1","floor":24}],"player_experience":1690,"relics_obtained":[{"floor":6,"key":"Lantern"},{"floor":9,"key":"Regal Pillow"},{"floor":14,"key":"Mummified Hand"},{"floor":21,"key":"Vajra"},{"floor":24,"key":"Mango"}],"event_choices":[{"damage_healed":0,"gold_gain":0,"player_choice":"Ignored","damage_taken":0,"max_hp_gain":0,"max_hp_loss":0,"event_name":"Liars Game","floor":2,"gold_loss":0},{"damage_healed":0,"gold_gain":0,"player_choice":"Success","damage_taken":12,"relics_obtained":["Calipers"],"max_hp_gain":0,"max_hp_loss":0,"event_name":"Scrap Ooze","floor":4,"gold_loss":0},{"damage_healed":20,"gold_gain":0,"player_choice":"Healed","damage_taken":0,"max_hp_gain":0,"max_hp_loss":0,"event_name":"The Cleric","floor":5,"gold_loss":35},{"damage_healed":0,"gold_gain":0,"player_choice":"1 cards matched","damage_taken":0,"max_hp_gain":0,"max_hp_loss":0,"event_name":"Match and Keep!","floor":11,"gold_loss":0,"cards_obtained":["Bash"]},{"damage_healed":0,"gold_gain":0,"player_choice":"Became a vampire","damage_taken":0,"max_hp_gain":0,"max_hp_loss":24,"event_name":"Vampires","floor":19,"gold_loss":0,"cards_obtained":["Bite","Bite","Bite","Bite","Bite"]},{"damage_healed":0,"gold_gain":0,"player_choice":"Obtained Relic","damage_taken":0,"relics_obtained":["PreservedInsect"],"max_hp_gain":0,"max_hp_loss":0,"event_name":"Addict","floor":20,"gold_loss":85}],"is_beta":false,"boss_relics":[{"not_picked":["Coffee Dripper","Black Star"],"picked":"Eternal Feather"}],"items_purged_floors":[],"is_endless":false,"potions_floor_spawned":[10,16],"killed_by":"Snake Plant","ascension_level":0}