{"path_per_floor":["M","?","M","?","M","R","E","?","T","R","M","R","?","$","R","B",null,"M","M","?","M","M","R","?","M","T","R","$","E","$","$","R"],"character_chosen":"IRONCLAD","items_purchased":["Vajra","Warcry","Trip","Fire Potion","Headbutt"],"gold_per_floor":[111,111,131,131,149,149,175,155,155,155,172,172,172,97,97,216,216,236,252,252,267,287,287,287,305,386,386,79,113,65,40,40,40],"floor_reached":33,"campfire_rested":3,"playtime":1227,"item_purchase_floors":[28,28,28,30,31],"current_hp_per_floor":[73,66,66,71,77,77,55,55,55,55,52,52,52,52,52,58,85,78,63,63,59,31,56,56,18,18,43,43,33,33,33,58,0],"items_purged":["Injury"],"gold":40,"score":313,"play_id":"2f131fcb-f09c-458d-b034-5b25a7617010","local_time":"20180526202619","is_prod":false,"is_daily":false,"chose_seed":false,"is_ascension_mode":false,"campfire_upgraded":4,"win_rate":0,"timestamp":1527359179,"campfire_choices":[{"data":"Perfected Strike","floor":6,"key":"SMITH"},{"data":"Armaments","floor":10,"key":"SMITH"},{"data":"Bash","floor":12,"key":"SMITH"},{"data":"Wild Strike","floor":15,"key":"SMITH"},{"floor":23,"key":"REST"},{"floor":27,"key":"REST"},{"floor":32,"key":"REST"}],"path_taken":["M","?","M","?","M","R","E","?","T","R","M","R","?","$","R","BOSS","M","M","?","M","?","R","?","?","T","R","$","E","?","$","R","BOSS"],"build_version":"2018-05-25","seed_source_timestamp":1539092411383053,"purchased_purges":1,"victory":false,"master_deck":["Strike_R","Strike_R","Strike_R","Strike_R","Strike_R","Defend_R","Defend_R","Defend_R","Bash+1","Wild Strike+1","Perfected Strike+1","Armaments+1","Reaper","Feel No Pain","True Grit","Havoc","Cleave","Havoc+1","Warcry","Trip","Reckless Charge+1","Headbutt"],"max_hp_per_floor":[80,80,80,85,85,85,85,85,85,85,85,85,85,85,85,85,85,85,85,85,85,85,85,85,85,85,85,85,85,85,85,85,85],"relics":["Burning Blood","Boot","Bag of Preparation","Kunai","Golden Idol","Lizard Tail","Paper Frog","Vajra","Pen Nib"],"card_choices":[{"not_picked":["Power Through","Bloodletting","Sword Boomerang"],"picked":"SKIP","floor":1},{"not_picked":["Burning Pact","Ghostly Armor"],"picked":"Wild Strike","floor":3},{"not_picked":["Headbutt","Twin Strike"],"picked":"Perfected Strike","floor":5},{"not_picked":["Twin Strike","Searing Blow"],"picked":"Armaments","floor":7},{"not_picked":["Pummel","Combust","Heavy Blade"],"picked":"SKIP","floor":11},{"not_picked":["Berserk","Bludgeon"],"picked":"Reaper","floor":16},{"not_picked":["Headbutt","Body Slam+1"],"picked":"Feel No Pain","floor":18},{"not_picked":["Shrug It Off+1","Warcry"],"picked":"True Grit","floor":19},{"not_picked":["Twin Strike+1","Blood for Blood"],"picked":"Havoc","floor":21},{"not_picked":["Armaments","Thunderclap"],"picked":"Cleave","floor":22},{"not_picked":["Shrug It Off","Searing Blow"],"picked":"Havoc+1","floor":25},{"not_picked":["Rampage","Warcry"],"picked":"Reckless Charge+1","floor":29}],"player_experience":790663,"potions_floor_usage":[16,16,25,29,29,33],"damage_taken":[{"damage":13,"enemies":"2 Louse","floor":1,"turns":3},{"damage":6,"enemies":"Jaw Worm","floor":3,"turns":3},{"damage":0,"enemies":"Cultist","floor":5,"turns":2},{"damage":28,"enemies":"Gremlin Nob","floor":7,"turns":4},{"damage":9,"enemies":"Blue Slaver","floor":11,"turns":3},{"damage":0,"enemies":"Slime Boss","floor":16,"turns":3},{"damage":13,"enemies":"Chosen","floor":18,"turns":4},{"damage":27,"enemies":"3 Byrds","floor":19,"turns":6},{"damage":15,"enemies":"Centurion and Healer","floor":21,"turns":10},{"damage":34,"enemies":"Snake Plant","floor":22,"turns":5},{"damage":44,"enemies":"3 Cultists","floor":25,"turns":6},{"damage":75,"enemies":"Gremlin Leader","floor":29,"turns":10},{"damage":87,"enemies":"Collector","floor":33,"turns":8}],"relics_obtained":[{"floor":7,"key":"Bag of Preparation"},{"floor":9,"key":"Kunai"},{"floor":26,"key":"Paper Frog"},{"floor":29,"key":"Pen Nib"}],"event_choices":[{"event_name":"Golden Wing","player_choice":"Card Removal","floor":2,"damage_taken":0},{"event_name":"Big Fish","player_choice":"Donut","floor":4,"damage_taken":0},{"event_name":"The Woman in Blue","player_choice":"Bought 1 Potion","floor":8,"damage_taken":0},{"event_name":"Golden Idol","player_choice":"Take Wound","floor":13,"damage_taken":0},{"event_name":"Beggar","player_choice":"Ignored","floor":20,"damage_taken":0},{"event_name":"Vampires","player_choice":"Ignored","floor":24,"damage_taken":0}],"boss_relics":[{"not_picked":["Black Blood","Eternal Feather"],"picked":"Lizard Tail"}],"items_purged_floors":[14],"potions_floor_spawned":[1,7,16,22,25,29],"seed_played":"8350742276247647650","killed_by":"Collector","ascension_level":0,"potions_obtained":[{"floor":1,"key":"SteroidPotion"},{"floor":7,"key":"Swift Potion"},{"floor":8,"key":"SteroidPotion"},{"floor":16,"key":"PowerPotion"},{"floor":22,"key":"Fire Potion"},{"floor":25,"key":"Fire Potion"},{"floor":29,"key":"Energy Potion"}],"is_trial":false}