{"gold_per_floor":[360,310,323,16,32,58,35,35,35,49,64,64,83,116,116,217,217,228,143,159,159,176,176,176],"floor_reached":24,"playtime":2319,"items_purged":["Defend_G"],"score":218,"play_id":"36b45a5f-1625-4680-a604-52d8458578df","local_time":"20190210162237","is_ascension_mode":true,"campfire_choices":[{"floor":8,"key":"REST"},{"data":"Setup","floor":15,"key":"SMITH"},{"floor":23,"key":"REST"}],"neow_cost":"PERCENT_DAMAGE","seed_source_timestamp":233918314237005,"circlet_count":0,"master_deck":["Defend_G","Defend_G","Defend_G","Defend_G","Strike_G","Strike_G","Strike_G","Strike_G","Survivor","Neutralize","Deflect","Leg Sweep","Setup+1","Eviscerate","Unload","Well Laid Plans","Riddle With Holes","Underhanded Strike","After Image","Acrobatics","Prepared","Corpse Explosion","Setup+1","Quick Slash+1","Expertise"],"relics":["Ring of the Snake","Gambling Chip","Calipers","Art of War","Pantograph","Sozu","Ginger"],"potions_floor_usage":[6,6,14,20],"damage_taken":[{"damage":0,"enemies":"Small Slimes","floor":1,"turns":4},{"damage":0,"enemies":"Jaw Worm","floor":3,"turns":5},{"damage":0,"enemies":"2 Louse","floor":5,"turns":2},{"damage":21,"enemies":"Gremlin Nob","floor":6,"turns":5},{"damage":0,"enemies":"Looter","floor":10,"turns":3},{"damage":0,"enemies":"2 Fungi Beasts","floor":11,"turns":5},{"damage":0,"enemies":"Exordium Wildlife","floor":13,"turns":3},{"damage":11,"enemies":"Lagavulin","floor":14,"turns":6},{"damage":38,"enemies":"Hexaghost","floor":16,"turns":17},{"damage":15,"enemies":"2 Thieves","floor":18,"turns":4},{"damage":8,"enemies":"3 Byrds","floor":20,"turns":4},{"damage":10,"enemies":"Sentry and Sphere","floor":22,"turns":4},{"damage":49,"enemies":"Gremlin Leader","floor":24,"turns":7}],"seed_played":"-5099102913586982124","potions_obtained":[{"floor":1,"key":"SteroidPotion"},{"floor":5,"key":"PowerPotion"},{"floor":11,"key":"SteroidPotion"},{"floor":14,"key":"GamblersBrew"},{"floor":16,"key":"Ancient Potion"}],"is_trial":false,"path_per_floor":["M","?","M","$","M","E","$","R","T","M","M","?","M","E","R","B",null,"M","?","M","?","M","R","E"],"character_chosen":"THE_SILENT","items_purchased":["Setup","Eviscerate","Unload","Underhanded Strike"],"campfire_rested":2,"item_purchase_floors":[4,4,4,7],"current_hp_per_floor":[49,49,49,49,49,28,28,49,49,49,49,37,37,26,26,13,70,55,55,47,34,24,46,0],"gold":176,"neow_bonus":"TWO_FIFTY_GOLD","is_prod":false,"is_daily":false,"chose_seed":false,"campfire_upgraded":1,"win_rate":0,"timestamp":1549812157,"path_taken":["M","?","M","$","M","E","?","R","T","M","M","?","M","E","R","BOSS","M","?","M","?","M","R","E"],"build_version":"2019-01-23","purchased_purges":1,"victory":false,"max_hp_per_floor":[70,70,70,70,70,70,70,70,70,70,70,70,70,70,70,70,70,70,70,70,75,75,75,75],"card_choices":[{"not_picked":["Bane","Deadly Poison"],"picked":"Deflect","floor":1},{"not_picked":["Blur","Acrobatics"],"picked":"Leg Sweep","floor":3},{"not_picked":["Concentrate","Deadly Poison"],"picked":"Well Laid Plans","floor":5},{"not_picked":["Endless Agony","Slice"],"picked":"Riddle With Holes","floor":6},{"not_picked":["Flechettes","PiercingWail"],"picked":"After Image","floor":10},{"not_picked":["Blade Dance","Deadly Poison"],"picked":"Acrobatics","floor":11},{"not_picked":["Dagger Spray","Blur","Choke"],"picked":"SKIP","floor":13},{"not_picked":["Escape Plan","Poisoned Stab"],"picked":"Prepared","floor":14},{"not_picked":["Venomology","Storm of Steel"],"picked":"Corpse Explosion","floor":16},{"not_picked":["Bane","Masterful Stab"],"picked":"Setup+1","floor":18},{"not_picked":["Outmaneuver+1","Caltrops"],"picked":"Quick Slash+1","floor":20},{"not_picked":["Deflect","Deadly Poison"],"picked":"Expertise","floor":22}],"player_experience":136608,"relics_obtained":[{"floor":6,"key":"Gambling Chip"},{"floor":9,"key":"Calipers"},{"floor":14,"key":"Pantograph"}],"event_choices":[{"cards_removed":["Strike_G"],"damage_healed":0,"gold_gain":0,"player_choice":"Card Removal","damage_taken":0,"max_hp_gain":0,"max_hp_loss":0,"event_name":"The Cleric","floor":2,"gold_loss":50},{"damage_healed":0,"gold_gain":0,"player_choice":"Success","damage_taken":12,"relics_obtained":["Art of War"],"max_hp_gain":0,"max_hp_loss":0,"event_name":"Scrap Ooze","floor":12,"gold_loss":0},{"damage_healed":0,"gold_gain":0,"player_choice":"Obtained Relic","damage_taken":0,"relics_obtained":["Ginger"],"max_hp_gain":0,"max_hp_loss":0,"event_name":"Addict","floor":19,"gold_loss":85},{"damage_healed":0,"gold_gain":0,"player_choice":"Shed Blood","damage_taken":18,"max_hp_gain":5,"max_hp_loss":0,"event_name":"Forgotten Altar","floor":21,"gold_loss":0}],"is_beta":false,"boss_relics":[{"not_picked":["Busted Crown","Runic Pyramid"],"picked":"Sozu"}],"items_purged_floors":[4],"is_endless":false,"potions_floor_spawned":[1,5,11,14,16,20],"killed_by":"Gremlin Leader","ascension_level":1}