{"path_per_floor":["M","?","?","M","M","R","M","E","T","R","M","R","$","?","R","B",null,"M","?","M","$","M","R"],"character_chosen":"IRONCLAD","items_purchased":["Juzu Bracelet","Feed","Flex"],"gold_per_floor":[359,534,484,498,516,516,528,554,554,554,571,571,187,166,166,267,267,280,280,299,146,161,161],"floor_reached":24,"campfire_rested":2,"playtime":965,"current_hp_per_floor":[58,58,58,56,44,44,28,16,16,40,46,46,46,46,46,30,68,46,46,43,43,11,35],"items_purged":["Doubt","Writhe"],"gold":161,"score":281,"play_id":"b26e177b-bbea-43a3-9103-e1017db66490","local_time":"20180315213732","is_prod":false,"is_daily":false,"is_ascension_mode":true,"campfire_upgraded":3,"timestamp":1521146252,"path_taken":["M","?","?","?","?","R","M","E","T","R","M","R","$","?","R","BOSS","M","?","M","$","M","R","M"],"build_version":"2018-03-09","purchased_purges":2,"victory":false,"master_deck":["Strike_R","Strike_R","Strike_R","Strike_R","Strike_R","Defend_R","Defend_R+1","Defend_R","Defend_R","Bash","Flex","Searing Blow+3","Thunderclap","Cleave","Flex+1","Feed","Limit Break","Flex+1","Flex"],"max_hp_per_floor":[80,80,80,80,80,80,80,80,80,80,80,80,80,80,80,80,80,80,80,83,83,83,83],"relics":["Burning Blood","Bag of Marbles","Pantograph","Juzu Bracelet","Runic Dome","War Paint"],"card_choices":[{"not_picked":["Sword Boomerang","Iron Wave"],"picked":"Flex"},{"not_picked":["Warcry","Sentinel"],"picked":"Searing Blow"},{"not_picked":["Sever Soul","True Grit"],"picked":"Thunderclap"},{"not_picked":["Entrench","Corruption"],"picked":"Cleave"},{"not_picked":["Clothesline","Spot Weakness"],"picked":"Flex"},{"not_picked":["Fiend Fire","Feed"],"picked":"Limit Break"},{"not_picked":["Havoc","True Grit"],"picked":"Flex"}],"player_experience":302614,"potions_floor_usage":[8,16],"damage_taken":[{"damage":20,"enemies":"Cultist","floor":1,"turns":5},{"damage":8,"enemies":"2 Louse","floor":4,"turns":4},{"damage":18,"enemies":"Jaw Worm","floor":5,"turns":4},{"damage":22,"enemies":"Blue Slaver","floor":7,"turns":5},{"damage":18,"enemies":"Gremlin Nob","floor":8,"turns":4},{"damage":0,"enemies":"3 Louse","floor":11,"turns":2},{"damage":47,"enemies":"The Guardian","floor":16,"turns":10},{"damage":28,"enemies":"Spheric Guardian","floor":18,"turns":5},{"damage":12,"enemies":"3 Byrds","floor":20,"turns":4},{"damage":38,"enemies":"Snake Plant","floor":22,"turns":3},{"damage":38,"enemies":"Centurion and Healer","floor":24,"turns":3}],"event_choices":[{"event_name":"Liars Game","player_choice":"agreed","floor":2,"damage_taken":0},{"event_name":"The Cleric","player_choice":"Card Removal","floor":3,"damage_taken":0},{"event_name":"World of Goop","player_choice":"Left","floor":14,"damage_taken":0},{"event_name":"The Mausoleum","player_choice":"Yes","floor":19,"damage_taken":0}],"boss_relics":[{"not_picked":["Question Card","Eternal Feather"],"picked":"Runic Dome"}],"potions_floor_spawned":[4,7,8,18,20],"seed_played":"2230702507859577990","killed_by":"Centurion and Healer","ascension_level":6,"is_trial":false}