{"gold_per_floor":[111,124,135,135,145,174,185,227,227,86,86,124,150,174,186,298,310,332,362,298,317,332,332,358,375,398,398,414,425,459,475,475,579,579,589,589,269,286,286,315,330,330,330,341,251,128,140,175,175,175],"floor_reached":51,"playtime":1604,"items_purged":["Wild Strike"],"score":1042,"play_id":"dacf7b54-861c-4e70-b6da-3c392600dfee","local_time":"20181008173427","daily_mods":["Draft","Vintage","Diverse","Heirloom"],"is_ascension_mode":false,"campfire_choices":[{"floor":11,"key":"DIG"},{"floor":15,"key":"DIG"},{"floor":23,"key":"DIG"},{"floor":27,"key":"DIG"},{"floor":32,"key":"DIG"},{"floor":42,"key":"DIG"},{"floor":49,"key":"DIG"}],"neow_cost":"","seed_source_timestamp":0,"circlet_count":0,"master_deck":["Ball Lightning","Rebound","Gash","Corruption","Seeing Red+1","Feel No Pain+1","Second Wind","Calculated Gamble","Go for the Eyes","Streamline","Spot Weakness+1","Leap+1","Dagger Spray+1","Ball Lightning","Footwork","Backflip","Pommel Strike","Predator","Hyperbeam","FTL+1","Chill+1","Buffer","Madness+1","Apotheosis+1","Purity+1","Sucker Punch+1","Flex+1","Ghostly Armor+1"],"relics":["Burning Blood","Unceasing Top","StoneCalendar","Meat on the Bone","Bottled Lightning","Magic Flower","Strawberry","Mercury Hourglass","Tiny Chest","Shovel","MawBank","Omamori","Ancient Tea Set","Mango","Pen Nib","War Paint","Runic Dome","Art of War","PreservedInsect","Blood Vial","Dream Catcher","Toxic Egg 2","Bag of Marbles","Potion Belt","Whetstone","Bronze Scales","Pear","Boot","Pantograph","Bottled Flame","Gremlin Horn","Dodecahedron","Coffee Dripper","Sundial","Kunai","Bird Faced Urn","Lantern","Juzu Bracelet","Pocketwatch","Singing Bowl","Anchor","Ornamental Fan","Vajra","Molten Egg 2"],"potions_floor_usage":[8,8,33,33,50,50],"damage_taken":[{"damage":0,"enemies":"Jaw Worm","floor":1,"turns":2},{"damage":0,"enemies":"Cultist","floor":2,"turns":3},{"damage":0,"enemies":"Small Slimes","floor":3,"turns":2},{"damage":13,"enemies":"Exordium Thugs","floor":5,"turns":4},{"damage":24,"enemies":"Gremlin Nob","floor":6,"turns":4},{"damage":12,"enemies":"Exordium Wildlife","floor":7,"turns":2},{"damage":7,"enemies":"3 Louse","floor":8,"turns":2},{"damage":4,"enemies":"3 Sentries","floor":12,"turns":3},{"damage":0,"enemies":"Blue Slaver","floor":13,"turns":2},{"damage":8,"enemies":"Lots of Slimes","floor":14,"turns":2},{"damage":15,"enemies":"The Guardian","floor":16,"turns":6},{"damage":0,"enemies":"3 Byrds","floor":18,"turns":3},{"damage":3,"enemies":"Chosen","floor":19,"turns":2},{"damage":0,"enemies":"Centurion and Healer","floor":21,"turns":3},{"damage":5,"enemies":"Cultist and Chosen","floor":22,"turns":4},{"damage":0,"enemies":"Slavers","floor":24,"turns":1},{"damage":0,"enemies":"3 Cultists","floor":25,"turns":2},{"damage":0,"enemies":"Chosen and Byrds","floor":28,"turns":1},{"damage":2,"enemies":"Centurion and Healer","floor":29,"turns":4},{"damage":0,"enemies":"Gremlin Leader","floor":30,"turns":2},{"damage":1,"enemies":"Shelled Parasite and Fungi","floor":31,"turns":2},{"damage":15,"enemies":"Collector","floor":33,"turns":4},{"damage":0,"enemies":"3 Darklings","floor":35,"turns":1},{"damage":6,"enemies":"Orb Walker","floor":38,"turns":1},{"damage":18,"enemies":"Nemesis","floor":40,"turns":3},{"damage":0,"enemies":"Transient","floor":41,"turns":5},{"damage":0,"enemies":"4 Shapes","floor":44,"turns":1},{"damage":0,"enemies":"Reptomancer","floor":47,"turns":2},{"damage":0,"enemies":"2 Orb Walkers","floor":48,"turns":1},{"damage":0,"enemies":"Awakened One","floor":50,"turns":4}],"seed_played":"-5270552269977531126","potions_obtained":[{"floor":3,"key":"Weak Potion"},{"floor":6,"key":"GamblersBrew"},{"floor":7,"key":"SkillPotion"},{"floor":16,"key":"SkillPotion"},{"floor":18,"key":"Fire Potion"},{"floor":25,"key":"FearPotion"},{"floor":33,"key":"FearPotion"},{"floor":38,"key":"GamblersBrew"},{"floor":40,"key":"Ancient Potion"}],"is_trial":true,"path_per_floor":["M","M","M","?","M","E","M","M","T","$","R","E","M","M","R","B",null,"M","M","$","M","M","R","E","M","T","R","M","M","E","M","R","B",null,"M","?","$","M","?","E","M","R","T","M","?","$","M","E","R","B"],"character_chosen":"IRONCLAD","items_purchased":["Footwork","Backflip","Pommel Strike","FTL","Kunai","Flex+1","Ghostly Armor+1"],"campfire_rested":0,"item_purchase_floors":[10,10,10,20,37,46,46],"current_hp_per_floor":[80,80,80,80,73,65,62,64,64,64,64,69,78,93,93,87,101,101,101,101,101,101,101,101,101,101,101,111,111,111,111,111,105,111,111,111,111,111,101,98,111,111,111,111,111,111,111,113,113,113],"gold":175,"neow_bonus":"","is_prod":false,"is_daily":false,"chose_seed":false,"campfire_upgraded":0,"win_rate":0,"timestamp":1539012867,"path_taken":["M","M","M","?","?","E","M","M","T","?","R","E","M","M","R","BOSS","M","M","$","M","M","R","E","M","T","R","M","M","E","M","R","BOSS","M","?","$","M","?","E","M","R","T","M","?","$","M","E","R","BOSS"],"build_version":"2018-10-04v2","purchased_purges":1,"victory":true,"max_hp_per_floor":[80,80,80,80,80,87,87,87,87,87,87,87,87,101,101,101,101,101,101,101,101,101,101,101,101,101,101,111,111,111,111,111,111,111,111,111,111,111,111,111,111,111,111,111,111,111,111,113,113,113],"card_choices":[{"not_picked":["Cloak And Dagger","Concentrate"],"picked":"Ball Lightning","floor":0},{"not_picked":["Sword Boomerang","Redo"],"picked":"Rebound","floor":0},{"not_picked":["Redo","Barrage"],"picked":"Turbo","floor":0},{"not_picked":["Bloodletting","Flex"],"picked":"Gash","floor":0},{"not_picked":["Finisher","Inflame"],"picked":"Corruption","floor":0},{"not_picked":["Leap","Redo"],"picked":"Seeing Red","floor":0},{"not_picked":["Auto Shields","Bloodletting"],"picked":"Wild Strike","floor":0},{"not_picked":["Aggregate","Rebound"],"picked":"Feel No Pain","floor":0},{"not_picked":["Concentrate","Gash"],"picked":"Second Wind","floor":0},{"not_picked":["Gash","Thunderclap"],"picked":"Calculated Gamble","floor":0},{"not_picked":["Poisoned Stab","Steam"],"picked":"Go for the Eyes","floor":0},{"not_picked":["Concentrate","Scrape"],"picked":"Streamline","floor":0},{"not_picked":["Sweeping Beam","Turbo"],"picked":"Spot Weakness","floor":0},{"not_picked":["Outmaneuver","Escape Plan"],"picked":"Leap","floor":0},{"not_picked":["Armaments","Defragment"],"picked":"Dagger Spray","floor":0},{"not_picked":["Fusion","Hello World"],"picked":"Ball Lightning","floor":6},{"not_picked":["Pommel Strike","Hemokinesis"],"picked":"Predator","floor":12},{"not_picked":["Reboot","Fission"],"picked":"Hyperbeam","floor":16},{"not_picked":["Rupture","Clash+1"],"picked":"Chill+1","floor":24},{"not_picked":["Aggregate+1","Streamline+1","Steam+1"],"picked":"SKIP","floor":30},{"not_picked":["Electrodynamics","Dark Embrace"],"picked":"Buffer","floor":33},{"not_picked":["Jack Of All Trades+1","Magnetism"],"picked":"Madness+1","floor":39},{"not_picked":["Flash of Steel","Bandage Up+1"],"picked":"Apotheosis+1","floor":39},{"not_picked":["Violence+1","Mind Blast"],"picked":"Purity+1","floor":39},{"not_picked":["Shrug It Off+1","Reprogram+1"],"picked":"Sucker Punch+1","floor":40},{"not_picked":["Sweeping Beam+1","Dark Embrace","Thunderclap+1"],"picked":"Singing Bowl","floor":48}],"player_experience":1521911,"relics_obtained":[{"floor":1,"key":"StoneCalendar"},{"floor":2,"key":"Meat on the Bone"},{"floor":3,"key":"Bottled Lightning"},{"floor":5,"key":"Magic Flower"},{"floor":6,"key":"Strawberry"},{"floor":7,"key":"Mercury Hourglass"},{"floor":8,"key":"Tiny Chest"},{"floor":9,"key":"Shovel"},{"floor":11,"key":"MawBank"},{"floor":12,"key":"Omamori"},{"floor":13,"key":"Ancient Tea Set"},{"floor":14,"key":"Mango"},{"floor":15,"key":"Pen Nib"},{"floor":16,"key":"War Paint"},{"floor":18,"key":"Art of War"},{"floor":19,"key":"PreservedInsect"},{"floor":21,"key":"Blood Vial"},{"floor":22,"key":"Dream Catcher"},{"floor":23,"key":"Toxic Egg 2"},{"floor":24,"key":"Bag of Marbles"},{"floor":25,"key":"Potion Belt"},{"floor":26,"key":"Whetstone"},{"floor":27,"key":"Bronze Scales"},{"floor":28,"key":"Pear"},{"floor":29,"key":"Boot"},{"floor":30,"key":"Pantograph"},{"floor":31,"key":"Bottled Flame"},{"floor":32,"key":"Gremlin Horn"},{"floor":33,"key":"Dodecahedron"},{"floor":35,"key":"Sundial"},{"floor":38,"key":"Bird Faced Urn"},{"floor":40,"key":"Lantern"},{"floor":41,"key":"Juzu Bracelet"},{"floor":42,"key":"Pocketwatch"},{"floor":43,"key":"Singing Bowl"},{"floor":44,"key":"Anchor"},{"floor":47,"key":"Ornamental Fan"},{"floor":48,"key":"Vajra"},{"floor":49,"key":"Molten Egg 2"}],"event_choices":[{"event_name":"Upgrade Shrine","player_choice":"Upgraded","floor":4,"damage_taken":0},{"event_name":"Tomb of Lord Red Mask","player_choice":"Ignored","floor":36,"damage_taken":0},{"event_name":"SensoryStone","player_choice":"Memory 3","floor":39,"damage_taken":0},{"event_name":"Designer","player_choice":"Full Service","floor":45,"damage_taken":0}],"is_beta":false,"boss_relics":[{"not_picked":["Lizard Tail","Mark of Pain"],"picked":"Runic Dome"},{"not_picked":["Pandora\u0027s Box","Cursed Key"],"picked":"Coffee Dripper"}],"items_purged_floors":[37],"is_endless":false,"potions_floor_spawned":[3,6,7,16,18,22,25,33,38,40,41,47],"ascension_level":0}