{"path_per_floor":["M","?","M","M","$","E","$","M","T","E","M","R","M","M","R","B",null,"M","$","?","?","M","R","E","R","T","E","R","M","?","E","R"],"character_chosen":"IRONCLAD","items_purchased":["Vajra","Battle Trance","Capacitor"],"gold_per_floor":[118,118,137,150,150,180,26,41,41,67,83,83,97,109,109,183,183,197,83,83,83,99,99,131,131,131,165,165,177,177,204,204,204],"floor_reached":33,"campfire_rested":1,"playtime":1243,"item_purchase_floors":[7,19,19],"current_hp_per_floor":[65,65,71,75,75,58,58,53,53,50,56,56,62,68,68,52,69,53,53,53,53,55,55,40,40,40,32,32,38,30,16,38,0],"items_purged":[],"gold":204,"score":551,"play_id":"3ff938d3-8e79-40c8-a0e6-ba53630ffb68","local_time":"20180615131311","daily_mods":["Draft","Diverse"],"is_prod":false,"is_daily":false,"chose_seed":true,"is_ascension_mode":true,"campfire_upgraded":5,"win_rate":0,"timestamp":1529061191,"campfire_choices":[{"data":"Double Energy","floor":12,"key":"SMITH"},{"data":"Beam Cell","floor":15,"key":"SMITH"},{"data":"Sucker Punch","floor":23,"key":"SMITH"},{"data":"Dagger Spray","floor":25,"key":"SMITH"},{"data":"Adrenaline","floor":28,"key":"SMITH"},{"floor":32,"key":"REST"}],"path_taken":["M","?","M","M","$","E","?","M","T","E","?","R","M","M","R","BOSS","M","$","?","?","M","R","E","R","T","E","R","?","?","E","R","BOSS"],"build_version":"2018-06-14v2","seed_source_timestamp":3241078162231842,"purchased_purges":0,"victory":false,"master_deck":["AscendersBane","Flying Knee","Evolve","Rebound","Ball Lightning","Sucker Punch+1","Sweeping Beam","Turbo","Cold Snap","Loop","Clothesline","Iron Wave","Sucker Punch","Stack","Conserve Battery","Double Energy+1","Choke","Leap","Dagger Spray+1","Dash","Beam Cell+1","Adrenaline+1","Backflip","Battle Trance","Capacitor","Stack","Ball Lightning+1","Immolate"],"max_hp_per_floor":[75,75,75,75,75,75,75,75,75,75,75,75,75,75,75,75,75,75,75,75,75,75,75,75,75,75,75,75,75,75,75,75,75],"special_seed":50471966854428,"relics":["Burning Blood","Omamori","Vajra","Ancient Tea Set","Bottled Tornado","Sozu","Gremlin Horn","Kunai","Dodecahedron","The Courier"],"card_choices":[{"not_picked":["Heavy Blade","Cloak And Dagger"],"picked":"Flying Knee","floor":0},{"not_picked":["Entrench","Bloodletting"],"picked":"Evolve","floor":0},{"not_picked":["Dodge and Roll","True Grit"],"picked":"Rebound","floor":0},{"not_picked":["Bane","Prepared"],"picked":"Ball Lightning","floor":0},{"not_picked":["Headbutt","Perfected Strike"],"picked":"Sucker Punch","floor":0},{"not_picked":["Combust","Evolve"],"picked":"Sweeping Beam","floor":0},{"not_picked":["Quick Slash","Pommel Strike"],"picked":"Turbo","floor":0},{"not_picked":["Coolheaded","Corruption"],"picked":"Cold Snap","floor":0},{"not_picked":["Outmaneuver","PiercingWail"],"picked":"Loop","floor":0},{"not_picked":["Second Wind","Undo"],"picked":"Clothesline","floor":0},{"not_picked":["Darkness","Undo"],"picked":"Iron Wave","floor":0},{"not_picked":["Cleave","Deadly Poison"],"picked":"Sucker Punch","floor":0},{"not_picked":["Rupture","Sever Soul"],"picked":"Stack","floor":0},{"not_picked":["Searing Blow","Go for the Eyes"],"picked":"Conserve Battery","floor":0},{"not_picked":["Clothesline","Anger"],"picked":"Double Energy","floor":1},{"not_picked":["Aggregate","Clash"],"picked":"Choke","floor":3},{"not_picked":["Bludgeon","Twin Strike"],"picked":"Leap","floor":4},{"not_picked":["Sword Boomerang","Exhume","PiercingWail"],"picked":"SKIP","floor":6},{"not_picked":["Pommel Strike","Clothesline","Blood for Blood"],"picked":"SKIP","floor":8},{"not_picked":["Deflect","Sentinel"],"picked":"Dagger Spray","floor":10},{"not_picked":["Flying Knee","Quick Slash","Go for the Eyes"],"picked":"SKIP","floor":11},{"not_picked":["Heel Hook","Escape Plan"],"picked":"Dash","floor":13},{"not_picked":["Force Field","Warcry"],"picked":"Beam Cell","floor":14},{"not_picked":["Feed","Exhume"],"picked":"Adrenaline","floor":16},{"not_picked":["Outmaneuver","Clothesline"],"picked":"Backflip","floor":18},{"not_picked":["Clash","Anger"],"picked":"Stack","floor":22},{"not_picked":["Anger","Thunder Strike","Prepared"],"picked":"SKIP","floor":24},{"not_picked":["PiercingWail","Coolheaded+1"],"picked":"Ball Lightning+1","floor":27},{"not_picked":["Catalyst","Terror","Loop"],"picked":"SKIP","floor":29},{"not_picked":["Body Slam","Steam+1"],"picked":"Immolate","floor":31}],"player_experience":860170,"potions_floor_usage":[24,27],"damage_taken":[{"damage":9,"enemies":"Jaw Worm","floor":1,"turns":2},{"damage":0,"enemies":"Small Slimes","floor":3,"turns":3},{"damage":0,"enemies":"Cultist","floor":4,"turns":3},{"damage":23,"enemies":"Gremlin Nob","floor":6,"turns":4},{"damage":11,"enemies":"Lots of Slimes","floor":8,"turns":3},{"damage":9,"enemies":"3 Sentries","floor":10,"turns":5},{"damage":0,"enemies":"Large Slime","floor":11,"turns":4},{"damage":0,"enemies":"2 Fungi Beasts","floor":13,"turns":2},{"damage":0,"enemies":"Looter","floor":14,"turns":3},{"damage":22,"enemies":"Hexaghost","floor":16,"turns":8},{"damage":22,"enemies":"2 Thieves","floor":18,"turns":3},{"damage":4,"enemies":"3 Byrds","floor":22,"turns":5},{"damage":21,"enemies":"Book of Stabbing","floor":24,"turns":6},{"damage":14,"enemies":"Gremlin Leader","floor":27,"turns":5},{"damage":0,"enemies":"Cultist and Chosen","floor":29,"turns":6},{"damage":20,"enemies":"Slavers","floor":31,"turns":4},{"damage":64,"enemies":"Automaton","floor":33,"turns":6}],"relics_obtained":[{"floor":6,"key":"Omamori"},{"floor":9,"key":"Ancient Tea Set"},{"floor":10,"key":"Bottled Tornado"},{"floor":24,"key":"Gremlin Horn"},{"floor":26,"key":"Kunai"},{"floor":27,"key":"Dodecahedron"},{"floor":31,"key":"The Courier"}],"event_choices":[{"event_name":"The Cleric","player_choice":"Leave","floor":2,"damage_taken":0},{"event_name":"Ghosts","player_choice":"Ignored","floor":20,"damage_taken":0},{"event_name":"Beggar","player_choice":"Ignored","floor":21,"damage_taken":0},{"event_name":"Knowing Skull","player_choice":"","floor":30,"damage_taken":0}],"boss_relics":[{"not_picked":["Snecko Eye","Busted Crown"],"picked":"Sozu"}],"items_purged_floors":[],"is_endless":false,"potions_floor_spawned":[4,8,10,18,31],"seed_played":"4489526968167089164","killed_by":"Automaton","ascension_level":15,"potions_obtained":[{"floor":4,"key":"Strength Potion"},{"floor":8,"key":"Dexterity Potion"}],"is_trial":true}