{"gold_per_floor":[111,111,53,203,256,588,601,601,648,672,324,358,376,407,407,481,481,500,514,117,97,115,115,133,133,156,187,187,204,204,204,204,283,283,295,127,177,54,104,104,132,132,156,206,226,226,243,261,261,261,261],"floor_reached":52,"playtime":2013,"items_purged":["Doubt"],"score":1903,"play_id":"8845a69c-11bf-43b6-b85a-f6316db51d75","local_time":"20181106112305","is_ascension_mode":true,"campfire_choices":[{"data":"Cleave","floor":8,"key":"SMITH"},{"floor":15,"key":"REST"},{"data":"Barricade","floor":23,"key":"SMITH"},{"data":"Sword Boomerang","floor":25,"key":"SMITH"},{"data":"Body Slam","floor":28,"key":"SMITH"},{"data":"Corruption","floor":30,"key":"SMITH"},{"floor":32,"key":"REST"},{"data":"Feel No Pain","floor":40,"key":"SMITH"},{"data":"True Grit","floor":42,"key":"SMITH"},{"data":"Shockwave","floor":46,"key":"SMITH"},{"data":"Shrug It Off","floor":49,"key":"SMITH"}],"neow_cost":"NONE","seed_source_timestamp":3723696948226765,"circlet_count":0,"master_deck":["AscendersBane","Strike_R","Strike_R","Strike_R","Defend_R","Defend_R","Defend_R","Defend_R","Body Slam+1","Shrug It Off+1","Ghostly Armor","Cleave+1","Shockwave+1","True Grit+1","Flex+1","Barricade+1","Entrench+1","Reaper","Pommel Strike","Ghostly Armor+1","Immolate","Sword Boomerang+1","Evolve+1","Corruption+1","Impervious+1","Shrug It Off+1","Shrug It Off+1","Feel No Pain+1","Ghostly Armor+1","Madness+1","Madness+1","Headbutt","Entrench+1","True Grit+1"],"relics":["Burning Blood","NeowsBlessing","Old Coin","Potion Belt","Odd Mushroom","ClockworkSouvenir","Toxic Egg 2","Gremlin Horn","Velvet Choker","Bronze Scales","Boot","Bag of Preparation","SsserpentHead","Empty Cage","Anchor","Bag of Marbles","Pen Nib"],"potions_floor_usage":[12,22,24,33,47,50],"damage_taken":[{"damage":0,"enemies":"Small Slimes","floor":1,"turns":1},{"damage":0,"enemies":"Gremlin Nob","floor":6,"turns":1},{"damage":0,"enemies":"Jaw Worm","floor":7,"turns":1},{"damage":22,"enemies":"The Mushroom Lair","floor":10,"turns":6},{"damage":17,"enemies":"3 Sentries","floor":12,"turns":8},{"damage":1,"enemies":"Cultist","floor":13,"turns":3},{"damage":23,"enemies":"Gremlin Nob","floor":14,"turns":4},{"damage":46,"enemies":"Slime Boss","floor":16,"turns":13},{"damage":24,"enemies":"3 Byrds","floor":18,"turns":7},{"damage":16,"enemies":"Shell Parasite","floor":19,"turns":6},{"damage":0,"enemies":"Centurion and Healer","floor":22,"turns":7},{"damage":13,"enemies":"Cultist and Chosen","floor":24,"turns":5},{"damage":36,"enemies":"Book of Stabbing","floor":27,"turns":5},{"damage":22,"enemies":"Sentry and Sphere","floor":29,"turns":6},{"damage":2,"enemies":"Collector","floor":33,"turns":11},{"damage":6,"enemies":"3 Darklings","floor":35,"turns":5},{"damage":1,"enemies":"Giant Head","floor":41,"turns":7},{"damage":1,"enemies":"3 Shapes","floor":45,"turns":2},{"damage":19,"enemies":"Transient","floor":47,"turns":6},{"damage":0,"enemies":"4 Shapes","floor":48,"turns":1},{"damage":28,"enemies":"Time Eater","floor":50,"turns":13},{"damage":43,"enemies":"Donu and Deca","floor":51,"turns":7}],"seed_played":"3385620676505628803","potions_obtained":[{"floor":1,"key":"Ancient Potion"},{"floor":10,"key":"Swift Potion"},{"floor":16,"key":"AttackPotion"},{"floor":18,"key":"Block Potion"},{"floor":24,"key":"Explosive Potion"},{"floor":27,"key":"Fire Potion"},{"floor":45,"key":"FearPotion"},{"floor":47,"key":"GamblersBrew"}],"is_trial":false,"path_per_floor":["M","?","$","?","?","E","M","R","T","?","$","E","M","E","R","B",null,"M","M","$","?","M","R","M","R","T","E","R","M","R","?","R","B",null,"M","$","?","$","?","R","E","R","T","?","M","R","M","M","R","B","B",null],"character_chosen":"IRONCLAD","items_purchased":["Shrug It Off","ClockworkSouvenir","True Grit","Bronze Scales","Immolate","Regen Potion","Shrug It Off+1","Anchor","Feel No Pain","Ghostly Armor+1"],"campfire_rested":2,"item_purchase_floors":[3,11,11,20,20,20,36,36,38,38],"current_hp_per_floor":[74,74,74,74,74,75,75,75,75,59,59,48,53,36,58,18,61,47,38,38,38,71,71,64,64,64,46,46,30,30,30,52,68,73,75,75,75,75,61,61,66,66,66,66,75,75,62,68,68,48,38],"gold":261,"neow_bonus":"THREE_ENEMY_KILL","is_prod":false,"is_daily":false,"chose_seed":false,"campfire_upgraded":9,"win_rate":0,"timestamp":1541499785,"path_taken":["M","?","$","?","?","E","M","R","T","?","$","E","M","E","R","BOSS","M","M","$","?","?","R","M","R","T","E","R","M","R","?","R","BOSS","M","?","?","$","?","R","E","R","T","?","M","R","M","M","R","BOSS","BOSS"],"build_version":"2018-11-01","purchased_purges":1,"victory":true,"max_hp_per_floor":[75,75,75,75,75,75,75,75,75,75,75,75,75,75,75,75,75,75,75,75,75,75,75,75,75,75,75,75,75,75,75,75,75,75,75,75,75,75,75,75,75,75,75,75,75,75,75,75,75,75,75],"card_choices":[{"not_picked":["Armaments","Inflame"],"picked":"Body Slam","floor":1},{"not_picked":["Havoc","Berserk"],"picked":"Ghostly Armor","floor":6},{"not_picked":["Havoc","Sentinel"],"picked":"Cleave","floor":7},{"not_picked":["Perfected Strike","Reckless Charge"],"picked":"Shockwave","floor":10},{"not_picked":["Infernal Blade","Reckless Charge"],"picked":"Flex","floor":12},{"not_picked":["Perfected Strike","Clash"],"picked":"Barricade","floor":13},{"not_picked":["Thunderclap","Heavy Blade"],"picked":"Entrench+1","floor":14},{"not_picked":["Barricade","Berserk"],"picked":"Reaper","floor":16},{"not_picked":["Bloodletting+1","Combust"],"picked":"Pommel Strike","floor":18},{"not_picked":["Wild Strike+1","Iron Wave"],"picked":"Ghostly Armor+1","floor":19},{"not_picked":["Rampage","Sever Soul"],"picked":"Sword Boomerang","floor":22},{"not_picked":["Clash","Rampage","Perfected Strike"],"picked":"SKIP","floor":24},{"not_picked":["Clothesline","Warcry+1"],"picked":"Evolve+1","floor":27},{"not_picked":["Sentinel+1","Warcry+1"],"picked":"Corruption","floor":29},{"not_picked":["Berserk","Demon Form"],"picked":"Impervious+1","floor":33},{"not_picked":["Reckless Charge","Anger"],"picked":"Shrug It Off+1","floor":35},{"not_picked":["Evolve","Headbutt","Sword Boomerang+1"],"picked":"SKIP","floor":41},{"not_picked":["Blood for Blood","Combust"],"picked":"Headbutt","floor":45},{"not_picked":["Flex+1","Seeing Red+1"],"picked":"Entrench+1","floor":47},{"not_picked":["Rupture","Power Through+1"],"picked":"True Grit+1","floor":48}],"player_experience":1603099,"relics_obtained":[{"floor":6,"key":"Old Coin"},{"floor":9,"key":"Potion Belt"},{"floor":10,"key":"Odd Mushroom"},{"floor":12,"key":"Toxic Egg 2"},{"floor":14,"key":"Gremlin Horn"},{"floor":26,"key":"Boot"},{"floor":27,"key":"Bag of Preparation"},{"floor":41,"key":"Bag of Marbles"},{"floor":43,"key":"Pen Nib"}],"event_choices":[{"damage_healed":0,"gold_gain":0,"player_choice":"Grow","damage_taken":0,"max_hp_gain":0,"max_hp_loss":0,"event_name":"Living Wall","floor":2,"gold_loss":0,"cards_upgraded":["Bash"]},{"damage_healed":0,"gold_gain":150,"player_choice":"AGREE","damage_taken":0,"max_hp_gain":0,"max_hp_loss":0,"event_name":"Liars Game","floor":4,"gold_loss":0,"cards_obtained":["Doubt"]},{"damage_healed":0,"gold_gain":53,"player_choice":"Gained Gold","damage_taken":0,"max_hp_gain":0,"max_hp_loss":0,"event_name":"Golden Wing","floor":5,"gold_loss":0},{"damage_healed":0,"gold_gain":0,"player_choice":"Fought Mushrooms","damage_taken":0,"max_hp_gain":0,"max_hp_loss":0,"event_name":"Mushrooms","floor":10,"gold_loss":0},{"damage_healed":0,"gold_gain":0,"player_choice":"Bought 1 Potion","damage_taken":0,"max_hp_gain":0,"max_hp_loss":0,"event_name":"The Woman in Blue","floor":21,"gold_loss":0},{"damage_healed":0,"gold_gain":0,"player_choice":"Trade","damage_taken":0,"relics_obtained":["SsserpentHead"],"max_hp_gain":0,"max_hp_loss":0,"event_name":"FaceTrader","floor":31,"gold_loss":0},{"damage_healed":0,"gold_gain":0,"player_choice":"Ignored","damage_taken":0,"max_hp_gain":0,"max_hp_loss":0,"event_name":"Tomb of Lord Red Mask","floor":37,"gold_loss":0},{"damage_healed":0,"gold_gain":0,"player_choice":"Embrace Madness","damage_taken":14,"max_hp_gain":0,"max_hp_loss":0,"event_name":"Winding Halls","floor":39,"gold_loss":0,"cards_obtained":["Madness","Madness"]},{"cards_removed":["Bash"],"damage_healed":0,"gold_gain":0,"player_choice":"Removed Attack","damage_taken":0,"max_hp_gain":0,"max_hp_loss":0,"event_name":"Falling","floor":44,"gold_loss":0}],"is_beta":false,"boss_relics":[{"not_picked":["Sozu","Orrery"],"picked":"Velvet Choker"},{"not_picked":["Fusion Hammer","Mark of Pain"],"picked":"Empty Cage"}],"items_purged_floors":[11],"is_endless":false,"potions_floor_spawned":[1,10,16,18,24,27,45,47,48],"ascension_level":20}