{"gold_per_floor":[119,136,6,20,30,30,62,62,116,116,147,147,147,170,170,263,263,276,366,380,108,108],"floor_reached":22,"playtime":731,"items_purged":["Strike_R","Strike_R"],"score":388,"play_id":"21d81311-f230-4768-88c1-e8b29342753d","local_time":"20190111111233","is_ascension_mode":true,"campfire_choices":[{"data":"Combust","floor":6,"key":"SMITH"},{"data":"Whirlwind","floor":8,"key":"SMITH"},{"data":"Bash","floor":12,"key":"SMITH"},{"data":"Shrug It Off","floor":15,"key":"SMITH"}],"neow_cost":"NONE","seed_source_timestamp":334039809750499,"circlet_count":0,"master_deck":["AscendersBane","Strike_R","Strike_R","Defend_R","Defend_R","Defend_R","Defend_R","Bash+1","Combust+1","Iron Wave","Whirlwind+1","Shrug It Off+1","Rupture","Feed","Pummel+1","Reaper"],"relics":["Burning Blood","Singing Bowl","Bronze Scales","Pen Nib","Golden Idol","Runic Cube"],"potions_floor_usage":[7,16,22,22],"damage_taken":[{"damage":17,"enemies":"Jaw Worm","floor":1,"turns":5},{"damage":3,"enemies":"2 Louse","floor":2,"turns":3},{"damage":1,"enemies":"Cultist","floor":4,"turns":3},{"damage":9,"enemies":"Looter","floor":5,"turns":4},{"damage":10,"enemies":"Gremlin Nob","floor":7,"turns":3},{"damage":18,"enemies":"Lagavulin","floor":11,"turns":6},{"damage":3,"enemies":"Exordium Thugs","floor":14,"turns":3},{"damage":28,"enemies":"Slime Boss","floor":16,"turns":7},{"damage":4,"enemies":"3 Byrds","floor":18,"turns":2},{"damage":38,"enemies":"Shell Parasite","floor":20,"turns":9},{"damage":44,"enemies":"Snake Plant","floor":22,"turns":4}],"seed_played":"-1709215129682881467","potions_obtained":[{"floor":1,"key":"Fire Potion"},{"floor":14,"key":"Regen Potion"},{"floor":16,"key":"EssenceOfSteel"}],"is_trial":false,"path_per_floor":["M","M","$","M","M","R","E","R","T","?","E","R","?","M","R","B",null,"M","?","M","$","M"],"character_chosen":"IRONCLAD","items_purchased":["Fire Potion","Reaper"],"campfire_rested":0,"item_purchase_floors":[3,21],"current_hp_per_floor":[57,60,60,65,62,62,58,58,58,51,41,41,41,46,46,24,60,64,50,18,18,0],"gold":108,"neow_bonus":"THREE_CARDS","is_prod":false,"is_daily":false,"chose_seed":false,"campfire_upgraded":4,"win_rate":0,"timestamp":1547201553,"path_taken":["M","M","$","M","M","R","E","R","T","?","E","R","?","M","R","BOSS","M","?","M","$","M"],"build_version":"2019-01-10","purchased_purges":2,"victory":false,"max_hp_per_floor":[75,75,75,75,75,75,75,75,75,75,77,77,70,72,72,72,72,74,74,74,74,74],"card_choices":[{"not_picked":["Twin Strike","Flex"],"picked":"Combust","floor":0},{"not_picked":["Pummel","Flex"],"picked":"Iron Wave","floor":1},{"not_picked":["Flex","Heavy Blade","Seeing Red"],"picked":"SKIP","floor":2},{"not_picked":["Iron Wave","Armaments"],"picked":"Whirlwind","floor":4},{"not_picked":["Twin Strike","Searing Blow"],"picked":"Shrug It Off","floor":5},{"not_picked":["Flex","Uppercut"],"picked":"Rupture","floor":7},{"not_picked":["Clash","Body Slam","Double Tap"],"picked":"Singing Bowl","floor":11},{"not_picked":["Iron Wave","Clash","Sever Soul"],"picked":"Singing Bowl","floor":14},{"not_picked":["Impervious","Reaper"],"picked":"Feed","floor":16},{"not_picked":["Power Through","Flex","Pommel Strike"],"picked":"Singing Bowl","floor":18},{"not_picked":["Clothesline","Reckless Charge"],"picked":"Pummel+1","floor":20}],"player_experience":1867105,"relics_obtained":[{"floor":7,"key":"Singing Bowl"},{"floor":9,"key":"Bronze Scales"},{"floor":11,"key":"Pen Nib"}],"event_choices":[{"cards_removed":["Strike_R"],"damage_healed":0,"gold_gain":0,"player_choice":"Card Removal","damage_taken":7,"max_hp_gain":0,"max_hp_loss":0,"event_name":"Golden Wing","floor":10,"gold_loss":0},{"damage_healed":0,"gold_gain":0,"player_choice":"Lose Max HP","damage_taken":0,"relics_obtained":["Golden Idol"],"max_hp_gain":0,"max_hp_loss":7,"event_name":"Golden Idol","floor":13,"gold_loss":0},{"damage_healed":0,"gold_gain":90,"player_choice":"GOLD ","damage_taken":14,"max_hp_gain":0,"max_hp_loss":0,"event_name":"Knowing Skull","floor":19,"potions_obtained":[],"gold_loss":0,"cards_obtained":[]}],"is_beta":false,"boss_relics":[{"not_picked":["Philosopher\u0027s Stone","Runic Dome"],"picked":"Runic Cube"}],"items_purged_floors":[3,21],"is_endless":false,"potions_floor_spawned":[1,14,16],"killed_by":"Snake Plant","ascension_level":20}