{"gold_per_floor":[109,119,119,134,134,134,463,475,475,485,500,517,546,559,559,630,630,641,156,174,188,188,220,220,249,274,274,294,325,344,354,354,354],"floor_reached":33,"playtime":2356,"items_purged":["Strike_G"],"score":671,"play_id":"4dfabc85-3c29-4d2f-a10e-7893d7e16bd9","local_time":"20190129142519","is_ascension_mode":true,"campfire_choices":[{"data":"Backstab","floor":6,"key":"SMITH"},{"floor":15,"key":"REST"},{"floor":24,"key":"REST"},{"floor":27,"key":"REST"},{"floor":32,"key":"REST"}],"neow_cost":"NONE","seed_source_timestamp":100980523882854,"circlet_count":0,"master_deck":["AscendersBane","Defend_G","Defend_G+1","Defend_G","Defend_G","Defend_G","Strike_G","Strike_G","Strike_G+1","Strike_G","Survivor","Neutralize+1","Well Laid Plans","Backstab+1","Dagger Throw+1","Finisher","Deadly Poison+1","Dagger Throw","Backflip","Wraith Form v2","Bouncing Flask","Acrobatics+1","Crippling Poison","Footwork","Footwork"],"relics":["Ring of the Snake","Whetstone","Sundial","Old Coin","Mango","Bottled Lightning","Snecko Eye","Bag of Marbles","War Paint","FaceOfCleric","Omamori","Strawberry","Vajra","Anchor"],"potions_floor_usage":[7,16,16,23,23,29,33],"damage_taken":[{"damage":0,"enemies":"Cultist","floor":1,"turns":4},{"damage":1,"enemies":"Jaw Worm","floor":2,"turns":5},{"damage":2,"enemies":"2 Louse","floor":4,"turns":3},{"damage":7,"enemies":"3 Sentries","floor":7,"turns":10},{"damage":2,"enemies":"Lots of Slimes","floor":8,"turns":5},{"damage":6,"enemies":"Looter","floor":10,"turns":3},{"damage":0,"enemies":"Large Slime","floor":11,"turns":3},{"damage":0,"enemies":"Blue Slaver","floor":12,"turns":3},{"damage":22,"enemies":"Gremlin Nob","floor":13,"turns":4},{"damage":4,"enemies":"Exordium Thugs","floor":14,"turns":4},{"damage":25,"enemies":"Slime Boss","floor":16,"turns":9},{"damage":2,"enemies":"Chosen","floor":18,"turns":4},{"damage":11,"enemies":"3 Byrds","floor":20,"turns":6},{"damage":10,"enemies":"Centurion and Healer","floor":21,"turns":7},{"damage":19,"enemies":"Book of Stabbing","floor":23,"turns":6},{"damage":29,"enemies":"Gremlin Leader","floor":25,"turns":8},{"damage":10,"enemies":"3 Cultists","floor":28,"turns":5},{"damage":16,"enemies":"Book of Stabbing","floor":29,"turns":7},{"damage":19,"enemies":"Cultist and Chosen","floor":30,"turns":8},{"damage":2,"enemies":"Snecko","floor":31,"turns":5},{"damage":37,"enemies":"Champ","floor":33,"turns":13}],"seed_played":"1487601325937706741","potions_obtained":[{"floor":1,"key":"Ancient Potion"},{"floor":2,"key":"Fire Potion"},{"floor":7,"key":"Explosive Potion"},{"floor":8,"key":"SteroidPotion"},{"floor":18,"key":"GhostInAJar"},{"floor":20,"key":"Dexterity Potion"},{"floor":25,"key":"SkillPotion"},{"floor":28,"key":"Strength Potion"}],"is_trial":false,"path_per_floor":["M","M","?","M","?","R","E","M","T","M","M","M","E","M","R","B",null,"M","$","M","M","?","E","R","E","T","R","M","E","M","M","R","B"],"character_chosen":"THE_SILENT","items_purchased":["Bouncing Flask","Bag of Marbles","War Paint"],"campfire_rested":4,"item_purchase_floors":[19,19,19],"current_hp_per_floor":[59,58,32,30,30,30,23,21,35,29,29,29,7,3,27,2,61,59,59,48,38,38,20,44,23,23,49,40,25,7,6,33,0],"gold":354,"neow_bonus":"RANDOM_COMMON_RELIC","is_prod":false,"is_daily":false,"chose_seed":false,"campfire_upgraded":1,"win_rate":0,"timestamp":1548768319,"path_taken":["M","M","?","M","?","R","E","M","T","M","?","M","E","M","R","BOSS","M","$","M","M","?","E","R","E","T","R","?","E","M","M","R","BOSS"],"build_version":"2019-01-23","purchased_purges":1,"victory":false,"max_hp_per_floor":[66,66,66,66,66,66,66,66,80,80,80,80,80,80,80,80,80,80,80,80,80,80,81,81,89,89,89,90,91,92,93,93,93],"card_choices":[{"not_picked":["Crippling Poison","Expertise"],"picked":"Well Laid Plans","floor":1},{"not_picked":["Well Laid Plans","Flechettes"],"picked":"Backstab","floor":2},{"not_picked":["All Out Attack","PiercingWail"],"picked":"Dagger Throw","floor":4},{"not_picked":["PiercingWail","Cloak And Dagger"],"picked":"Finisher","floor":7},{"not_picked":["Terror","Distraction"],"picked":"Deadly Poison","floor":8},{"not_picked":["Distraction","Tactician"],"picked":"Dagger Throw","floor":10},{"not_picked":["Blade Dance","Deflect","Slice"],"picked":"SKIP","floor":11},{"not_picked":["Eviscerate","Deflect","Backflip"],"picked":"SKIP","floor":12},{"not_picked":["Tactician","Prepared"],"picked":"Backflip","floor":13},{"not_picked":["Dodge and Roll","Setup","Backflip"],"picked":"SKIP","floor":14},{"not_picked":["Venomology","After Image"],"picked":"Wraith Form v2","floor":16},{"not_picked":["Deflect","Deadly Poison","Poisoned Stab"],"picked":"SKIP","floor":18},{"not_picked":["Distraction+1","Outmaneuver","Flying Knee"],"picked":"SKIP","floor":20},{"not_picked":["Underhanded Strike","Storm of Steel","Dodge and Roll"],"picked":"SKIP","floor":21},{"not_picked":["Poisoned Stab","Dagger Throw"],"picked":"Acrobatics+1","floor":23},{"not_picked":["Calculated Gamble","Blade Dance","Slice"],"picked":"SKIP","floor":25},{"not_picked":["Dagger Throw","Bane"],"picked":"Crippling Poison","floor":28},{"not_picked":["Accuracy","Dagger Throw"],"picked":"Footwork","floor":29},{"not_picked":["Unload","Well Laid Plans+1"],"picked":"Footwork","floor":30},{"not_picked":["Cloak And Dagger","Flying Knee+1","Slice+1"],"picked":"SKIP","floor":31}],"player_experience":1939398,"relics_obtained":[{"floor":7,"key":"Old Coin"},{"floor":9,"key":"Mango"},{"floor":13,"key":"Bottled Lightning"},{"floor":23,"key":"Omamori"},{"floor":25,"key":"Strawberry"},{"floor":26,"key":"Vajra"},{"floor":29,"key":"Anchor"}],"event_choices":[{"damage_healed":0,"gold_gain":0,"player_choice":"Success","damage_taken":26,"relics_obtained":["Sundial"],"max_hp_gain":0,"max_hp_loss":0,"event_name":"Scrap Ooze","floor":3,"gold_loss":0},{"damage_healed":0,"gold_gain":0,"player_choice":"Upgraded","damage_taken":0,"max_hp_gain":0,"max_hp_loss":0,"event_name":"Upgrade Shrine","floor":5,"gold_loss":0,"cards_upgraded":["Dagger Throw"]},{"damage_healed":0,"gold_gain":0,"player_choice":"Trade","damage_taken":0,"relics_obtained":["FaceOfCleric"],"max_hp_gain":0,"max_hp_loss":0,"event_name":"FaceTrader","floor":22,"gold_loss":0}],"is_beta":false,"boss_relics":[{"not_picked":["Empty Cage","HoveringKite"],"picked":"Snecko Eye"}],"items_purged_floors":[19],"is_endless":false,"potions_floor_spawned":[1,2,7,8,13,18,20,25,28],"killed_by":"Champ","ascension_level":20}