{"gold_per_floor":[118,131,131,141,216,243,243,256,329,339,351,351,386,1,1,100,100,118,193,47,47,63,63,89,107,107,119,119,152,67,95,95,198,198,216,216,216,271,371,371,371],"floor_reached":41,"playtime":3690,"items_purged":["Doubt","Defend_R"],"score":658,"play_id":"b211e4a8-82d6-40f1-836e-50bf11438619","local_time":"20190214185627","is_ascension_mode":true,"campfire_choices":[{"data":"Clothesline","floor":7,"key":"SMITH"},{"floor":12,"key":"REST"},{"data":"Bash","floor":15,"key":"SMITH"},{"data":"Feed","floor":23,"key":"SMITH"},{"data":"Shrug It Off","floor":28,"key":"SMITH"},{"data":"Inflame","floor":32,"key":"SMITH"},{"data":"Heavy Blade","floor":40,"key":"SMITH"}],"neow_cost":"CURSE","seed_source_timestamp":24299577481900,"circlet_count":0,"master_deck":["Strike_R","Strike_R","Strike_R","Strike_R","Strike_R","Defend_R","Defend_R","Defend_R","Bash+1","Offering","Shockwave","Metallicize","Good Instincts","Clothesline+1","Metallicize","Heavy Blade+1","Inflame+1","Shrug It Off+1","Disarm+1","Feed+1","True Grit+1","Flame Barrier+1","Perfected Strike+1","Inflame","Shockwave+1","Juggernaut+1","Ghostly Armor+1","Bludgeon","Armaments+1","Headbutt+1","Master of Strategy+1","Finesse+1","Deep Breath+1","Spot Weakness+1","Carnage+1"],"relics":["Burning Blood","Gambling Chip","The Courier","Lantern","Membership Card","Toxic Egg 2","Bronze Scales","Snecko Eye","Mercury Hourglass","Potion Belt","Question Card","Red Skull","Frozen Egg 2","Strawberry","Orrery","Ice Cream","Bird Faced Urn"],"potions_floor_usage":[10,22,24,29,38,41,41],"damage_taken":[{"damage":8,"enemies":"Jaw Worm","floor":1,"turns":3},{"damage":6,"enemies":"Cultist","floor":2,"turns":3},{"damage":4,"enemies":"Small Slimes","floor":4,"turns":4},{"damage":45,"enemies":"Gremlin Nob","floor":6,"turns":6},{"damage":12,"enemies":"3 Louse","floor":8,"turns":3},{"damage":6,"enemies":"Exordium Wildlife","floor":10,"turns":7},{"damage":6,"enemies":"2 Fungi Beasts","floor":11,"turns":4},{"damage":20,"enemies":"Lagavulin","floor":13,"turns":9},{"damage":8,"enemies":"The Guardian","floor":16,"turns":9},{"damage":6,"enemies":"3 Byrds","floor":18,"turns":3},{"damage":13,"enemies":"Spheric Guardian","floor":22,"turns":4},{"damage":6,"enemies":"Gremlin Leader","floor":24,"turns":4},{"damage":8,"enemies":"Cultist and Chosen","floor":25,"turns":6},{"damage":11,"enemies":"Centurion and Healer","floor":27,"turns":5},{"damage":10,"enemies":"Slavers","floor":29,"turns":4},{"damage":6,"enemies":"Gremlin Leader","floor":31,"turns":6},{"damage":45,"enemies":"Automaton","floor":33,"turns":8},{"damage":35,"enemies":"3 Darklings","floor":35,"turns":4},{"damage":39,"enemies":"2 Orb Walkers","floor":38,"turns":5},{"damage":0,"enemies":"Mind Bloom Boss Battle","floor":39,"turns":6},{"damage":72,"enemies":"Reptomancer","floor":41,"turns":3}],"seed_played":"-5529758416422690911","potions_obtained":[{"floor":6,"key":"EssenceOfSteel"},{"floor":10,"key":"Energy Potion"},{"floor":13,"key":"SkillPotion"},{"floor":16,"key":"Poison Potion"},{"floor":25,"key":"Regen Potion"},{"floor":29,"key":"Block Potion"},{"floor":33,"key":"Block Potion"},{"floor":35,"key":"Ancient Potion"},{"floor":38,"key":"Dexterity Potion"}],"is_trial":false,"path_per_floor":["M","M","?","M","?","E","R","M","T","M","M","R","E","$","R","B",null,"M","?","$","?","M","R","E","M","T","M","R","E","?","E","R","B",null,"M","?","?","?","?","R","E"],"character_chosen":"IRONCLAD","items_purchased":["Membership Card","Toxic Egg 2","Bronze Scales","Disarm+1","Mercury Hourglass"],"campfire_rested":1,"item_purchase_floors":[14,14,14,14,20],"current_hp_per_floor":[78,78,78,80,69,30,30,24,24,24,24,48,34,34,34,32,80,83,75,75,75,71,71,75,77,77,72,72,72,72,79,79,44,109,80,70,70,55,65,65,0],"gold":371,"neow_bonus":"THREE_RARE_CARDS","is_prod":false,"is_daily":false,"chose_seed":false,"campfire_upgraded":6,"win_rate":0,"timestamp":1550166987,"path_taken":["M","M","?","?","?","E","R","M","T","M","M","R","E","$","R","BOSS","M","?","?","?","M","R","E","M","T","M","R","E","?","E","R","BOSS","M","?","?","?","?","R","E"],"build_version":"2019-01-23","purchased_purges":2,"victory":false,"max_hp_per_floor":[80,80,80,80,80,80,80,80,80,80,80,80,80,80,80,80,80,83,83,83,83,86,86,90,94,94,94,94,98,98,105,105,109,109,109,109,109,113,117,117,117],"card_choices":[{"not_picked":["Brutality","Barricade"],"picked":"Offering","floor":0},{"not_picked":["Warcry","Thunderclap"],"picked":"Shockwave","floor":1},{"not_picked":["True Grit","Second Wind"],"picked":"Metallicize","floor":2},{"not_picked":["Bloodletting","Second Wind","Cleave"],"picked":"SKIP","floor":4},{"not_picked":["Warcry","Combust"],"picked":"Metallicize","floor":6},{"not_picked":["Searing Blow","Second Wind"],"picked":"Heavy Blade","floor":8},{"not_picked":["Reckless Charge","Flex"],"picked":"Inflame","floor":10},{"not_picked":["Feel No Pain","Burning Pact","Body Slam"],"picked":"SKIP","floor":11},{"not_picked":["Twin Strike","Heavy Blade"],"picked":"Shrug It Off","floor":13},{"not_picked":["Barricade","Limit Break+1"],"picked":"Feed","floor":16},{"not_picked":["Headbutt","Dual Wield+1"],"picked":"True Grit+1","floor":18},{"not_picked":["Second Wind+1","Twin Strike","Havoc+1"],"picked":"SKIP","floor":22},{"not_picked":["Reaper","Iron Wave"],"picked":"Flame Barrier+1","floor":24},{"not_picked":["Power Through+1","Armaments+1","True Grit+1"],"picked":"SKIP","floor":25},{"not_picked":["Pommel Strike","Infernal Blade+1","Wild Strike"],"picked":"Perfected Strike+1","floor":27},{"not_picked":["Searing Blow","Dual Wield+1","True Grit+1"],"picked":"Inflame","floor":29},{"not_picked":["Dropkick+1","Metallicize+1","Body Slam"],"picked":"Shockwave+1","floor":31},{"not_picked":["Offering+1","Feed","Impervious+1"],"picked":"Juggernaut+1","floor":33},{"not_picked":["Warcry+1","Thunderclap","Wild Strike"],"picked":"Ghostly Armor+1","floor":34},{"not_picked":["Anger","Headbutt","Pommel Strike+1"],"picked":"Bludgeon","floor":34},{"not_picked":["Cleave","Combust+1","Headbutt"],"picked":"Armaments+1","floor":34},{"not_picked":["Clothesline","Havoc+1","Thunderclap+1"],"picked":"Headbutt+1","floor":34},{"not_picked":["Clash","Headbutt","Shockwave+1","Hemokinesis"],"picked":"SKIP","floor":35},{"not_picked":["Transmutation+1","Sadistic Nature+1","Impatience+1"],"picked":"Master of Strategy+1","floor":36},{"not_picked":["Deep Breath+1","Enlightenment+1","Panache+1"],"picked":"Finesse+1","floor":36},{"not_picked":["Trip+1","Forethought+1","Panache+1"],"picked":"Deep Breath+1","floor":36},{"not_picked":["Clash","Rupture+1","Twin Strike+1"],"picked":"Spot Weakness+1","floor":38},{"not_picked":["Ghostly Armor+1","Spot Weakness+1","Havoc+1"],"picked":"Carnage+1","floor":39}],"player_experience":193710,"relics_obtained":[{"floor":6,"key":"Gambling Chip"},{"floor":9,"key":"The Courier"},{"floor":13,"key":"Lantern"},{"floor":24,"key":"Potion Belt"},{"floor":26,"key":"Question Card"},{"floor":29,"key":"Red Skull"},{"floor":31,"key":"Strawberry"},{"floor":38,"key":"Ice Cream"},{"floor":39,"key":"Bird Faced Urn"}],"event_choices":[{"damage_healed":0,"gold_gain":0,"player_choice":"2 cards matched","damage_taken":0,"max_hp_gain":0,"max_hp_loss":0,"event_name":"Match and Keep!","floor":3,"gold_loss":0,"cards_obtained":["Good Instincts","Clothesline"]},{"damage_healed":0,"gold_gain":75,"player_choice":"Gather Gold","damage_taken":11,"max_hp_gain":0,"max_hp_loss":0,"event_name":"World of Goop","floor":5,"gold_loss":0},{"damage_healed":0,"gold_gain":75,"player_choice":"Touch","damage_taken":8,"max_hp_gain":0,"max_hp_loss":0,"event_name":"FaceTrader","floor":19,"gold_loss":0},{"damage_healed":0,"gold_gain":0,"player_choice":"Ignored","damage_taken":0,"max_hp_gain":0,"max_hp_loss":0,"event_name":"Beggar","floor":21,"gold_loss":0},{"damage_healed":0,"gold_gain":0,"player_choice":"Obtained Relic","damage_taken":0,"relics_obtained":["Frozen Egg 2"],"max_hp_gain":0,"max_hp_loss":0,"event_name":"Addict","floor":30,"gold_loss":85},{"damage_healed":0,"gold_gain":0,"player_choice":"Memory 3","damage_taken":10,"max_hp_gain":0,"max_hp_loss":0,"event_name":"SensoryStone","floor":36,"gold_loss":0},{"damage_healed":0,"gold_gain":0,"player_choice":"Ignored","damage_taken":0,"max_hp_gain":0,"max_hp_loss":0,"event_name":"Tomb of Lord Red Mask","floor":37,"gold_loss":0},{"damage_healed":0,"gold_gain":0,"player_choice":"Fight","damage_taken":0,"max_hp_gain":0,"max_hp_loss":0,"event_name":"Mysterious Sphere","floor":38,"gold_loss":0},{"damage_healed":0,"gold_gain":0,"player_choice":"Fight","damage_taken":0,"max_hp_gain":0,"max_hp_loss":0,"event_name":"MindBloom","floor":39,"gold_loss":0}],"is_beta":false,"boss_relics":[{"not_picked":["Cursed Key","Fusion Hammer"],"picked":"Snecko Eye"},{"not_picked":["Lizard Tail","Coffee Dripper"],"picked":"Orrery"}],"items_purged_floors":[14,20],"is_endless":false,"potions_floor_spawned":[6,10,13,16,25,29,33,35,38],"killed_by":"Reptomancer","ascension_level":3}