{"gold_per_floor":[115,190,190,115,133,162,162,197,197,197,33,47,79,93,93,93],"floor_reached":16,"playtime":577,"items_purged":[],"score":286,"play_id":"47ee5392-1090-4725-9da6-a8ccaf7574c6","local_time":"20190208130217","is_ascension_mode":true,"campfire_choices":[{"data":"Skewer","floor":7.0,"key":"SMITH"},{"data":"Deadly Poison","floor":10.0,"key":"SMITH"},{"data":"Wraith Form v2","floor":15,"key":"SMITH"}],"neow_cost":"NONE","seed_source_timestamp":0,"circlet_count":0,"master_deck":["AscendersBane","Defend_G","Defend_G","Defend_G","Defend_G","Defend_G","Strike_G","Strike_G","Strike_G","Strike_G","Survivor","Neutralize","Predator","Wraith Form v2+1","PiercingWail","Deadly Poison+1","Skewer+1","Cloak And Dagger","Leg Sweep","PiercingWail","Poisoned Stab"],"special_seed":0,"relics":["Ring of the Snake","NeowsBlessing","Peace Pipe","Bottled Lightning","Letter Opener","Bag of Preparation","Turnip"],"potions_floor_usage":[13,13],"damage_taken":[{"damage":0.0,"enemies":"2 Louse","floor":1.0,"turns":1.0},{"damage":0.0,"enemies":"Jaw Worm","floor":5.0,"turns":1.0},{"damage":0.0,"enemies":"3 Sentries","floor":6.0,"turns":2.0},{"damage":21.0,"enemies":"Lagavulin","floor":8.0,"turns":6.0},{"damage":0,"enemies":"Cultist","floor":12,"turns":3},{"damage":2,"enemies":"Gremlin Nob","floor":13,"turns":3},{"damage":2,"enemies":"Lots of Slimes","floor":14,"turns":5},{"damage":34,"enemies":"Slime Boss","floor":16,"turns":9}],"seed_played":"6221927819467350750","potions_obtained":[{"floor":5.0,"key":"Energy Potion"},{"floor":8.0,"key":"Regen Potion"},{"floor":12,"key":"Fire Potion"}],"is_trial":false,"path_per_floor":["M","?","?","$","M","E","R","E","T","R","$","M","E","M","R","B"],"character_chosen":"THE_SILENT","items_purchased":["PiercingWail","Deadly Poison","Bag of Preparation"],"campfire_rested":0,"item_purchase_floors":[4,4,11],"current_hp_per_floor":[59,48,48,48,48,48,48,27,27,27,27,27,34,32,32,0],"gold":93,"neow_bonus":"THREE_ENEMY_KILL","is_prod":false,"is_daily":false,"chose_seed":false,"campfire_upgraded":3,"win_rate":0,"timestamp":1549627337,"path_taken":["M","?","?","$","?","E","R","E","T","R","?","M","E","M","R","BOSS"],"build_version":"2019-01-23","purchased_purges":0,"victory":false,"max_hp_per_floor":[66,66,66,66,66,66,66,66,66,66,66,66,66,66,66,66],"card_choices":[{"not_picked":["Bane","Quick Slash"],"picked":"Predator","floor":1.0},{"not_picked":["Backflip","Heel Hook"],"picked":"Skewer","floor":5.0},{"not_picked":["Venomology","Sucker Punch"],"picked":"Cloak And Dagger","floor":6.0},{"not_picked":["Dagger Throw","Bane"],"picked":"Leg Sweep","floor":8.0},{"not_picked":["Blade Dance","Slice"],"picked":"PiercingWail","floor":12},{"not_picked":["Phantasmal Killer","Dagger Throw","Accuracy"],"picked":"SKIP","floor":13},{"not_picked":["Blur","Quick Slash"],"picked":"Poisoned Stab","floor":14}],"player_experience":1952211,"relics_obtained":[{"floor":6.0,"key":"Peace Pipe"},{"floor":8.0,"key":"Bottled Lightning"},{"floor":9.0,"key":"Letter Opener"},{"floor":13,"key":"Turnip"}],"event_choices":[{"damage_healed":0.0,"max_hp_gain":0.0,"max_hp_loss":0.0,"gold_gain":75.0,"event_name":"World of Goop","player_choice":"Gather Gold","floor":2.0,"gold_loss":0.0,"damage_taken":11.0},{"damage_healed":0.0,"max_hp_gain":0.0,"max_hp_loss":0.0,"gold_gain":0.0,"cards_transformed":["Strike_G"],"event_name":"Transmorgrifier","player_choice":"Transformed","floor":3.0,"gold_loss":0.0,"damage_taken":0.0,"cards_obtained":["Wraith Form v2"]}],"is_beta":false,"boss_relics":[],"items_purged_floors":[],"is_endless":false,"potions_floor_spawned":[5,8,12],"killed_by":"Slime Boss","ascension_level":20}