{"gold_per_floor":[114,39,54,69,21,21,51,51,51,31,46,61,61,76,76,176,176,191,116,116,131,28,28,28],"floor_reached":24,"playtime":3094,"items_purged":["Strike_G","Strike_G"],"score":246,"play_id":"a3d6abb9-ff77-4ac3-9cb4-5e1c339ddd41","local_time":"20190211152926","daily_mods":["Specialized","Vintage","Terminal"],"is_ascension_mode":false,"campfire_choices":[{"data":"Neutralize","floor":6,"key":"SMITH"},{"data":"Acrobatics","floor":8,"key":"SMITH"},{"data":"Backflip","floor":15,"key":"SMITH"},{"data":"Backflip","floor":23,"key":"SMITH"}],"neow_cost":"","seed_source_timestamp":0,"circlet_count":0,"master_deck":["Defend_G","Defend_G","Defend_G","Defend_G","Defend_G","Strike_G","Strike_G","Strike_G","Survivor","Neutralize+1","Crippling Poison","Crippling Poison","Crippling Poison","Crippling Poison","Crippling Poison","Backflip+1","Acrobatics+1","Corpse Explosion","Ghostly","Ghostly","Ghostly","Ghostly","Ghostly","Backflip+1"],"special_seed":17938,"relics":["Ring of the Snake","Tingsha","Mummified Hand","Shuriken","Torii","Meat on the Bone","WingedGreaves","Shovel","Snake Skull","White Beast Statue","Question Card","Letter Opener","Smiling Mask"],"potions_floor_usage":[],"damage_taken":[{"damage":1,"enemies":"Cultist","floor":1,"turns":4},{"damage":0,"enemies":"Jaw Worm","floor":3,"turns":4},{"damage":0,"enemies":"2 Louse","floor":4,"turns":3},{"damage":5,"enemies":"Lagavulin","floor":7,"turns":9},{"damage":3,"enemies":"Large Slime","floor":11,"turns":9},{"damage":9,"enemies":"Gremlin Gang","floor":12,"turns":5},{"damage":0,"enemies":"2 Fungi Beasts","floor":14,"turns":5},{"damage":22,"enemies":"The Guardian","floor":16,"turns":13},{"damage":0,"enemies":"3 Byrds","floor":18,"turns":3},{"damage":1,"enemies":"2 Thieves","floor":19,"turns":5},{"damage":17,"enemies":"Centurion and Healer","floor":21,"turns":10},{"damage":19,"enemies":"Gremlin Leader","floor":24,"turns":6}],"seed_played":"6339212738474030288","potions_obtained":[{"floor":4,"key":"SpeedPotion"},{"floor":10,"key":"EntropicBrew"},{"floor":11,"key":"Swift Potion"},{"floor":12,"key":"SkillPotion"}],"is_trial":false,"path_per_floor":["M","$","M","M","$","R","E","R","T","?","M","M","$","M","R","B",null,"M","M","?","M","$","R","E"],"character_chosen":"THE_SILENT","items_purchased":["Backflip","Backflip"],"campfire_rested":0,"item_purchase_floors":[5,22],"current_hp_per_floor":[68,67,66,65,64,63,58,58,58,58,55,46,46,46,46,36,52,51,50,24,19,19,19,0],"gold":28,"neow_bonus":"","is_prod":false,"is_daily":true,"chose_seed":false,"campfire_upgraded":4,"win_rate":0.0,"timestamp":1549916966,"path_taken":["M","?","M","M","$","R","E","R","T","?","M","?","$","M","R","BOSS","M","M","?","M","$","R","E"],"build_version":"2019-01-23","purchased_purges":2,"victory":false,"max_hp_per_floor":[68,67,66,65,64,63,62,61,60,59,58,57,56,55,54,53,52,51,50,24,23,22,21,21],"card_choices":[{"not_picked":["Prepared","Crippling Poison"],"picked":"Acrobatics","floor":7},{"not_picked":["Storm of Steel","Grand Finale"],"picked":"Corpse Explosion","floor":16}],"player_experience":13501,"relics_obtained":[{"floor":1,"key":"Tingsha"},{"floor":3,"key":"Mummified Hand"},{"floor":4,"key":"Shuriken"},{"floor":7,"key":"Torii"},{"floor":9,"key":"Meat on the Bone"},{"floor":11,"key":"WingedGreaves"},{"floor":12,"key":"Shovel"},{"floor":14,"key":"Snake Skull"},{"floor":18,"key":"Question Card"},{"floor":19,"key":"Letter Opener"},{"floor":21,"key":"Smiling Mask"}],"event_choices":[{"damage_healed":0,"gold_gain":0,"player_choice":"Bought 1 Potion","damage_taken":0,"max_hp_gain":0,"max_hp_loss":0,"event_name":"The Woman in Blue","floor":10,"gold_loss":0},{"damage_healed":0,"gold_gain":0,"player_choice":"Became a Ghost","damage_taken":0,"max_hp_gain":0,"max_hp_loss":25,"event_name":"Ghosts","floor":20,"gold_loss":0,"cards_obtained":["Ghostly","Ghostly","Ghostly","Ghostly","Ghostly"]}],"is_beta":false,"boss_relics":[{"not_picked":["Runic Pyramid","Runic Dome"],"picked":"White Beast Statue"}],"items_purged_floors":[2,22],"is_endless":false,"potions_floor_spawned":[4,11,12,14,18,19,21],"killed_by":"Gremlin Leader","ascension_level":0}