{"path_per_floor":["M","?","M","$","?","R","E","M","T","M","R","M","M","M","R","B",null,"M","?","?","T","$","E","M","R","T","E","?","R","M","M","R","B",null,"M","M","M","M","$","R","M","R","T","M","M","M","?","M","R","B"],"character_chosen":"IRONCLAD","items_purchased":["Orichalcum","Bag of Marbles","Paper Frog","Energy Potion"],"gold_per_floor":[111,361,374,153,153,153,187,205,205,216,216,228,242,257,257,360,360,377,277,277,277,277,310,329,329,329,357,357,357,376,388,388,491,491,511,526,537,557,111,111,131,131,154,170,182,192,0,20,20,20],"floor_reached":51,"campfire_rested":2,"playtime":1907,"current_hp_per_floor":[71,71,74,74,66,66,20,28,28,30,30,40,37,35,62,30,80,74,74,96,96,96,92,96,96,110,46,46,46,66,57,91,27,92,106,114,118,101,101,101,118,118,118,118,118,92,92,101,101,84],"items_purged":["Regret"],"gold":20,"score":906,"play_id":"aa560b72-f4ce-4064-9946-9470ba649658","local_time":"20180311205246","is_prod":false,"is_daily":false,"is_ascension_mode":true,"campfire_upgraded":4,"timestamp":1520797966,"path_taken":["M","?","M","?","?","R","E","M","T","?","R","M","?","M","R","BOSS","M","?","?","?","$","E","M","R","T","E","?","R","M","M","R","BOSS","M","M","M","M","$","R","M","R","T","M","M","M","?","M","R","BOSS"],"build_version":"2018-03-09","purchased_purges":1,"victory":true,"master_deck":["Strike_R","Strike_R","Strike_R","Strike_R","Defend_R","Defend_R","Defend_R","Defend_R","Bash","Feed+1","Twin Strike","Battle Trance","Shrug It Off","Dropkick","Reaper","Whirlwind+1","J.A.X.+1","Metallicize+1","Limit Break+1","Pommel Strike","Whirlwind+1","Offering","Flex+1"],"max_hp_per_floor":[80,80,80,80,80,80,80,84,84,84,84,88,88,92,92,96,96,96,96,96,96,96,100,100,100,114,114,114,114,114,114,114,114,114,114,114,118,118,118,118,118,118,118,118,118,122,122,122,122,122],"relics":["Black Blood","Dream Catcher","Orichalcum","Pantograph","Girya","Thread and Needle","Happy Flower","Mango","Blood Vial","Runic Dome","Bag of Marbles","Paper Frog","Anchor","Red Mask"],"card_choices":[{"not_picked":["Pommel Strike","Warcry"],"picked":"Feed"},{"not_picked":["Bloodletting","Cleave"],"picked":"Twin Strike"},{"not_picked":["Burning Pact","Inflame"],"picked":"Battle Trance"},{"not_picked":["Sever Soul","Flex"],"picked":"Shrug It Off"},{"not_picked":["Dark Embrace","Bloodletting"],"picked":"Dropkick"},{"not_picked":["Dark Embrace","Fiend Fire"],"picked":"Reaper"},{"not_picked":["Perfected Strike","Pommel Strike"],"picked":"Whirlwind"},{"not_picked":["Wild Strike","Thunderclap"],"picked":"Metallicize"},{"not_picked":["Cleave","Combust"],"picked":"Limit Break"},{"not_picked":["Dropkick","Thunderclap"],"picked":"Whirlwind"},{"not_picked":["Impervious","Dark Embrace"],"picked":"Offering"},{"not_picked":["Thunderclap","Feel No Pain"],"picked":"Flex"}],"player_experience":279020,"potions_floor_usage":[18,23,33,33,41,50],"damage_taken":[{"damage":15,"enemies":"2 Louse","floor":1,"turns":2},{"damage":3,"enemies":"Cultist","floor":3,"turns":3},{"damage":52,"enemies":"Lagavulin","floor":7,"turns":7},{"damage":2,"enemies":"Small Slimes","floor":8,"turns":3},{"damage":4,"enemies":"Exordium Thugs","floor":10,"turns":4},{"damage":0,"enemies":"Large Slime","floor":12,"turns":2},{"damage":9,"enemies":"Red Slaver","floor":13,"turns":4},{"damage":12,"enemies":"Exordium Wildlife","floor":14,"turns":4},{"damage":67,"enemies":"The Guardian","floor":16,"turns":13},{"damage":16,"enemies":"Chosen","floor":18,"turns":5},{"damage":32,"enemies":"Slavers","floor":23,"turns":6},{"damage":6,"enemies":"Shell Parasite","floor":24,"turns":5},{"damage":81,"enemies":"Book of Stabbing","floor":27,"turns":8},{"damage":4,"enemies":"Centurion and Healer","floor":30,"turns":3},{"damage":21,"enemies":"Snake Plant","floor":31,"turns":5},{"damage":97,"enemies":"Automaton","floor":33,"turns":9},{"damage":4,"enemies":"Orb Walker","floor":35,"turns":2},{"damage":0,"enemies":"3 Darklings","floor":36,"turns":2},{"damage":7,"enemies":"4 Shapes","floor":37,"turns":2},{"damage":27,"enemies":"Maw","floor":38,"turns":7},{"damage":4,"enemies":"3 Darklings","floor":41,"turns":3},{"damage":13,"enemies":"Sphere and 2 Shapes","floor":44,"turns":3},{"damage":22,"enemies":"Maw","floor":45,"turns":5},{"damage":40,"enemies":"4 Shapes","floor":46,"turns":3},{"damage":3,"enemies":"3 Darklings","floor":48,"turns":1},{"damage":77,"enemies":"Time Eater","floor":50,"turns":8}],"event_choices":[{"event_name":"Golden Shrine","player_choice":"Desecrate","floor":2,"damage_taken":0},{"event_name":"Wheel of Change","player_choice":"Damage","floor":5,"damage_taken":0},{"event_name":"Drug Dealer","player_choice":"Got JAXXED","floor":19,"damage_taken":0},{"event_name":"The Library","player_choice":"Heal","floor":20,"damage_taken":0},{"event_name":"Transmorgrifier","player_choice":"Transform","floor":28,"damage_taken":0},{"event_name":"Tomb of Lord Red Mask","player_choice":"Paid","floor":47,"damage_taken":0}],"boss_relics":[{"not_picked":["Black Star","Tiny House"],"picked":"Black Blood"},{"not_picked":["Lizard Tail","Question Card"],"picked":"Runic Dome"}],"potions_floor_spawned":[8,10,14,16,23,27,30,31,37,41,44,45,48],"seed_played":"4193072404443144298","ascension_level":5,"is_trial":false}