{"gold_per_floor":[117,135,85,12,12,38,38,63,113,139,152,152,162,179,179,280,280,293,32,48,65,165,165,190,190,240,250,250,250,263,283,283,388,388,408,418,418,195,0,0,33,33,59,59,93,112,161,161,161,161],"floor_reached":51,"playtime":6016,"items_purged":["Strike_G"],"score":780,"play_id":"ae1418ec-d081-406d-926a-71f5cd78ac81","local_time":"20190213122043","is_ascension_mode":true,"campfire_choices":[{"floor":7,"key":"REST"},{"floor":12,"key":"REST"},{"data":"Footwork","floor":15,"key":"SMITH"},{"floor":23,"key":"REST"},{"floor":25,"key":"REST"},{"data":"Infinite Blades","floor":29,"key":"SMITH"},{"data":"A Thousand Cuts","floor":32,"key":"SMITH"},{"data":"Accuracy","floor":40,"key":"SMITH"},{"data":"Mind Blast","floor":42,"key":"SMITH"},{"data":"Bouncing Flask","floor":49,"key":"SMITH"}],"neow_cost":"NONE","seed_source_timestamp":1340945706886500,"circlet_count":0,"master_deck":["Defend_G","Defend_G","Defend_G","Defend_G","Strike_G","Strike_G","Survivor","Neutralize+1","PiercingWail","Footwork+1","Bouncing Flask+1","Backstab+1","Backflip","Terror","Predator","Infinite Blades+1","Dodge and Roll","A Thousand Cuts+1","Well Laid Plans","Underhanded Strike+1","Accuracy+1","PiercingWail+1","Malaise","RitualDagger","Blade Dance+1","Predator","Corpse Explosion","Infinite Blades","Accuracy+1","Mind Blast+1","Prepared+1","Underhanded Strike","Writhe"],"relics":["Ring of the Snake","Snake Skull","Whetstone","Bag of Marbles","Ornamental Fan","HoveringKite","Pantograph","WingedGreaves","Matryoshka","Regal Pillow","Lantern","Centennial Puzzle","Busted Crown","Red Mask","Bag of Preparation","Art of War","PreservedInsect","Prayer Wheel","Du-Vu Doll"],"potions_floor_usage":[10,22,22,33,33,33,50,50],"damage_taken":[{"damage":0,"enemies":"2 Louse","floor":1,"turns":4},{"damage":5,"enemies":"Cultist","floor":2,"turns":7},{"damage":33,"enemies":"Gremlin Nob","floor":6,"turns":5},{"damage":11,"enemies":"Lagavulin","floor":8,"turns":6},{"damage":6,"enemies":"3 Sentries","floor":10,"turns":6},{"damage":0,"enemies":"Small Slimes","floor":11,"turns":1},{"damage":1,"enemies":"Blue Slaver","floor":13,"turns":3},{"damage":0,"enemies":"Exordium Wildlife","floor":14,"turns":3},{"damage":0,"enemies":"Hexaghost","floor":16,"turns":8},{"damage":0,"enemies":"Spheric Guardian","floor":18,"turns":6},{"damage":0,"enemies":"Chosen","floor":20,"turns":5},{"damage":9,"enemies":"Sentry and Sphere","floor":21,"turns":6},{"damage":17,"enemies":"Colosseum Slavers","floor":22,"turns":5},{"damage":17,"enemies":"Colosseum Nobs","floor":22,"turns":4},{"damage":15,"enemies":"Slavers","floor":24,"turns":7},{"damage":8,"enemies":"Snecko","floor":27,"turns":5},{"damage":12,"enemies":"Snake Plant","floor":30,"turns":3},{"damage":4,"enemies":"Centurion and Healer","floor":31,"turns":6},{"damage":17,"enemies":"Collector","floor":33,"turns":6},{"damage":0,"enemies":"3 Darklings","floor":35,"turns":4},{"damage":0,"enemies":"3 Shapes","floor":36,"turns":3},{"damage":12,"enemies":"Reptomancer","floor":41,"turns":2},{"damage":5,"enemies":"Giant Head","floor":45,"turns":5},{"damage":10,"enemies":"Maw","floor":46,"turns":6},{"damage":2,"enemies":"2 Orb Walkers","floor":47,"turns":3},{"damage":38,"enemies":"Time Eater","floor":50,"turns":6}],"seed_played":"-1827547064671381997","potions_obtained":[{"floor":2,"key":"Swift Potion"},{"floor":6,"key":"FearPotion"},{"floor":8,"key":"Poison Potion"},{"floor":10,"key":"Explosive Potion"},{"floor":14,"key":"Swift Potion"},{"floor":22,"key":"EssenceOfSteel"},{"floor":24,"key":"Explosive Potion"},{"floor":36,"key":"PowerPotion"},{"floor":41,"key":"EssenceOfSteel"},{"floor":46,"key":"Swift Potion"},{"floor":47,"key":"Poison Potion"}],"is_trial":false,"path_per_floor":["M","M","?","$","?","E","R","E","T","E","M","R","M","M","R","B",null,"M","$","M","M","?","R","E","R","T","M","?","R","M","M","R","B",null,"M","M","?","$","?","R","E","R","T","?","E","M","?","?","R","B",null],"character_chosen":"THE_SILENT","items_purchased":["Footwork","Pantograph","Accuracy","Mind Blast"],"campfire_rested":4,"item_purchase_floors":[4,19,38,38],"current_hp_per_floor":[70,65,65,65,65,32,53,42,42,36,36,57,56,56,56,56,70,70,70,70,61,27,48,33,69,69,61,55,55,43,39,39,47,70,70,70,70,70,70,70,58,58,58,70,65,55,53,70,70,32],"gold":161,"neow_bonus":"REMOVE_CARD","is_prod":false,"is_daily":false,"chose_seed":false,"campfire_upgraded":6,"win_rate":0,"timestamp":1550056843,"path_taken":["M","M","?","$","?","E","R","E","T","E","M","R","?","M","R","BOSS","M","$","M","M","?","R","E","R","T","M","?","R","M","M","R","BOSS","M","M","?","$","?","R","E","R","T","?","E","?","?","?","R","BOSS"],"build_version":"2019-01-23","purchased_purges":1,"victory":true,"max_hp_per_floor":[70,70,70,70,70,70,70,70,70,70,70,70,70,70,70,70,70,70,70,70,70,70,70,70,70,70,70,70,70,70,70,70,70,70,70,70,70,70,70,70,70,70,70,70,70,70,70,70,70,70],"card_choices":[{"not_picked":["Dodge and Roll","Setup"],"picked":"PiercingWail","floor":1},{"not_picked":["Concentrate","Sucker Punch"],"picked":"Caltrops","floor":2},{"not_picked":["Underhanded Strike","Sucker Punch"],"picked":"Backstab","floor":6},{"not_picked":["Prepared","Cloak And Dagger"],"picked":"Backflip","floor":8},{"not_picked":["Sucker Punch","Dodge and Roll"],"picked":"Terror","floor":10},{"not_picked":["Finisher","Tools of the Trade"],"picked":"Predator","floor":11},{"not_picked":["Dagger Spray","Dagger Throw"],"picked":"Infinite Blades","floor":13},{"not_picked":["Quick Slash","Choke"],"picked":"Dodge and Roll","floor":14},{"not_picked":["Doppelganger","Die Die Die"],"picked":"A Thousand Cuts","floor":16},{"not_picked":["Sucker Punch","Caltrops"],"picked":"Well Laid Plans","floor":18},{"not_picked":["Cloak And Dagger","Dash"],"picked":"Underhanded Strike+1","floor":20},{"not_picked":["Escape Plan","Sucker Punch"],"picked":"Accuracy+1","floor":21},{"not_picked":["Well Laid Plans","Deflect+1"],"picked":"PiercingWail+1","floor":22},{"not_picked":["Dodge and Roll+1","Well Laid Plans"],"picked":"Malaise","floor":24},{"not_picked":["Dagger Throw","Riddle With Holes","Infinite Blades"],"picked":"SKIP","floor":27},{"not_picked":["Caltrops+1","Slice"],"picked":"Blade Dance+1","floor":30},{"not_picked":["Concentrate","Bane"],"picked":"Predator","floor":31},{"not_picked":["Venomology","Doppelganger"],"picked":"Corpse Explosion","floor":33},{"not_picked":["Sucker Punch+1"],"picked":"SKIP","floor":35},{"not_picked":[],"picked":"Infinite Blades","floor":36},{"not_picked":["Masterful Stab+1"],"picked":"SKIP","floor":41},{"not_picked":["Prepared"],"picked":"SKIP","floor":45},{"not_picked":[],"picked":"Prepared+1","floor":46},{"not_picked":[],"picked":"Underhanded Strike","floor":46}],"player_experience":131575,"relics_obtained":[{"floor":6,"key":"Snake Skull"},{"floor":8,"key":"Whetstone"},{"floor":9,"key":"Bag of Marbles"},{"floor":10,"key":"Ornamental Fan"},{"floor":22,"key":"WingedGreaves"},{"floor":22,"key":"Matryoshka"},{"floor":24,"key":"Regal Pillow"},{"floor":26,"key":"Lantern"},{"floor":26,"key":"Centennial Puzzle"},{"floor":41,"key":"Bag of Preparation"},{"floor":43,"key":"Art of War"},{"floor":43,"key":"PreservedInsect"},{"floor":45,"key":"Prayer Wheel"},{"floor":47,"key":"Du-Vu Doll"}],"event_choices":[{"cards_removed":["Defend_G"],"damage_healed":0,"gold_gain":0,"player_choice":"Card Removal","damage_taken":0,"max_hp_gain":0,"max_hp_loss":0,"event_name":"The Cleric","floor":3,"gold_loss":50},{"damage_healed":0,"gold_gain":0,"player_choice":"1 cards matched","damage_taken":0,"max_hp_gain":0,"max_hp_loss":0,"event_name":"Match and Keep!","floor":5,"gold_loss":0,"cards_obtained":["Bouncing Flask"]},{"damage_healed":0,"gold_gain":0,"player_choice":"Fight","damage_taken":0,"max_hp_gain":0,"max_hp_loss":0,"event_name":"Colosseum","floor":22,"gold_loss":0},{"damage_healed":0,"gold_gain":0,"player_choice":"Fought Nobs","damage_taken":0,"max_hp_gain":0,"max_hp_loss":0,"event_name":"Colosseum","floor":22,"gold_loss":0},{"damage_healed":0,"gold_gain":0,"player_choice":"Joined the Cult","damage_taken":6,"max_hp_gain":0,"max_hp_loss":0,"event_name":"Nest","floor":28,"gold_loss":0,"cards_obtained":["RitualDagger"]},{"cards_removed":["Strike_G"],"damage_healed":0,"gold_gain":0,"player_choice":"Removed Attack","damage_taken":0,"max_hp_gain":0,"max_hp_loss":0,"event_name":"Falling","floor":37,"gold_loss":0},{"damage_healed":0,"gold_gain":0,"player_choice":"Paid","damage_taken":0,"relics_obtained":["Red Mask"],"max_hp_gain":0,"max_hp_loss":0,"event_name":"Tomb of Lord Red Mask","floor":39,"gold_loss":195},{"cards_removed":["Caltrops"],"damage_healed":12,"gold_gain":0,"player_choice":"Offered Uncommon","damage_taken":0,"max_hp_gain":0,"max_hp_loss":0,"event_name":"Bonfire Elementals","floor":44,"gold_loss":0},{"damage_healed":0,"gold_gain":0,"player_choice":"Fight","damage_taken":0,"max_hp_gain":0,"max_hp_loss":0,"event_name":"Mysterious Sphere","floor":47,"gold_loss":0},{"damage_healed":18,"gold_gain":0,"player_choice":"Writhe","damage_taken":0,"max_hp_gain":0,"max_hp_loss":0,"event_name":"Winding Halls","floor":48,"gold_loss":0,"cards_obtained":["Writhe"]}],"is_beta":false,"boss_relics":[{"not_picked":["Ectoplasm","Runic Dome"],"picked":"HoveringKite"},{"not_picked":["Snecko Eye","Velvet Choker"],"picked":"Busted Crown"}],"items_purged_floors":[38],"is_endless":false,"potions_floor_spawned":[2,6,8,10,14,16,22,24,30,36,41,46,47],"ascension_level":1}