{"gold_per_floor":[213,213,213,183,202,202,215,215,215,249,249,261,14,44,44,142,142,154,79,99,3,14,14,32,32,32,32,32],"floor_reached":28,"playtime":1341,"items_purged":["Strike_R"],"score":316,"play_id":"f1e57262-e207-4516-8de6-01613eb2b5b0","local_time":"20190214123031","is_ascension_mode":true,"campfire_choices":[{"data":"Clothesline","floor":6.0,"key":"SMITH"},{"data":"Bash","floor":8.0,"key":"SMITH"},{"floor":11.0,"key":"REST"},{"floor":15.0,"key":"REST"},{"floor":23.0,"key":"REST"},{"floor":25,"key":"REST"},{"floor":27,"key":"REST"}],"neow_cost":"NONE","seed_source_timestamp":173362547763641,"circlet_count":0,"master_deck":["Strike_R","Strike_R","Strike_R","Defend_R","Defend_R","Defend_R","Defend_R","Bash+1","Clothesline+1","Armaments+1","Shrug It Off+1","Apotheosis+1","Shrug It Off+1","Carnage","Limit Break+1","Shrug It Off+1","Jack Of All Trades+1","True Grit+1"],"special_seed":0,"relics":["Burning Blood","Matryoshka","Toxic Egg 2","Oddly Smooth Stone","White Beast Statue","Art of War","Mummified Hand"],"potions_floor_usage":[],"damage_taken":[{"damage":3.0,"enemies":"Jaw Worm","floor":1.0,"turns":5.0},{"damage":5.0,"enemies":"Small Slimes","floor":5.0,"turns":3.0},{"damage":4.0,"enemies":"Cultist","floor":7.0,"turns":3.0},{"damage":55.0,"enemies":"3 Sentries","floor":10.0,"turns":11.0},{"damage":6.0,"enemies":"Looter","floor":12.0,"turns":4.0},{"damage":22.0,"enemies":"Gremlin Nob","floor":14.0,"turns":6.0},{"damage":35.0,"enemies":"Hexaghost","floor":16.0,"turns":12.0},{"damage":30.0,"enemies":"Spheric Guardian","floor":18.0,"turns":12.0},{"damage":17.0,"enemies":"Shell Parasite","floor":20.0,"turns":13.0},{"damage":7.0,"enemies":"Snecko","floor":22.0,"turns":6.0},{"damage":20.0,"enemies":"Shelled Parasite and Fungi","floor":24.0,"turns":10.0},{"damage":5,"enemies":"Centurion and Healer","floor":28,"turns":7}],"seed_played":"301374447307092511","potions_obtained":[{"floor":4.0,"key":"GamblersBrew"},{"floor":4.0,"key":"SpeedPotion"},{"floor":5.0,"key":"GamblersBrew"},{"floor":7.0,"key":"Swift Potion"},{"floor":16.0,"key":"LiquidBronze"},{"floor":18.0,"key":"Poison Potion"},{"floor":20.0,"key":"Fire Potion"},{"floor":22.0,"key":"Weak Potion"},{"floor":24.0,"key":"Energy Potion"}],"is_trial":false,"path_per_floor":["M","?","?","?","M","R","M","R","T","E","R","M","$","E","R","B",null,"M","$","M","$","M","R","M","R","T","R","M"],"character_chosen":"IRONCLAD","items_purchased":["Apotheosis+1","Shrug It Off+1","Jack Of All Trades+1"],"campfire_rested":5,"item_purchase_floors":[13,13,21],"current_hp_per_floor":[75,68,73,73,74,74,76,76,76,27,52,52,52,36,61,32,72,48,48,37,37,36,61,47,72,72,85,80],"gold":32,"neow_bonus":"HUNDRED_GOLD","is_prod":false,"is_daily":false,"chose_seed":false,"campfire_upgraded":2,"win_rate":0,"timestamp":1550143831,"path_taken":["M","?","?","?","M","R","M","R","T","E","R","M","$","E","R","BOSS","M","?","M","$","M","R","M","R","T","R","M"],"build_version":"2019-01-23","purchased_purges":1,"victory":false,"max_hp_per_floor":[80,80,85,85,85,85,85,85,85,85,85,85,85,85,85,85,85,85,85,85,85,85,85,85,85,85,85,85],"card_choices":[{"not_picked":["Thunderclap","Clash"],"picked":"Clothesline","floor":1.0},{"not_picked":["Warcry","Thunderclap","Twin Strike"],"picked":"SKIP","floor":5.0},{"not_picked":["Warcry","Rage","Clash"],"picked":"SKIP","floor":7.0},{"not_picked":["Clothesline","Havoc"],"picked":"Armaments","floor":10.0},{"not_picked":["Sentinel+1","Iron Wave"],"picked":"Shrug It Off+1","floor":12.0},{"not_picked":["Exhume+1","Second Wind+1"],"picked":"Carnage","floor":14.0},{"not_picked":["Berserk","Juggernaut"],"picked":"Limit Break+1","floor":16.0},{"not_picked":["Armaments+1","Rupture"],"picked":"Shrug It Off+1","floor":18.0},{"not_picked":["Thunderclap","Anger","Berserk"],"picked":"SKIP","floor":20.0},{"not_picked":["Clash","Cleave"],"picked":"True Grit+1","floor":22.0},{"not_picked":["Twin Strike+1","Thunderclap","Pummel"],"picked":"SKIP","floor":24.0}],"player_experience":93871,"relics_obtained":[{"floor":9.0,"key":"Matryoshka"},{"floor":10.0,"key":"Toxic Egg 2"},{"floor":14.0,"key":"Oddly Smooth Stone"},{"floor":26,"key":"Art of War"},{"floor":26,"key":"Mummified Hand"}],"event_choices":[{"cards_removed":["Strike_R"],"damage_healed":0.0,"max_hp_gain":0.0,"max_hp_loss":0.0,"gold_gain":0.0,"event_name":"Golden Wing","player_choice":"Card Removal","floor":2.0,"gold_loss":0.0,"damage_taken":7.0},{"damage_healed":0.0,"max_hp_gain":5.0,"max_hp_loss":0.0,"gold_gain":0.0,"event_name":"Big Fish","player_choice":"Donut","floor":3.0,"gold_loss":0.0,"damage_taken":0.0},{"damage_healed":0.0,"max_hp_gain":0.0,"max_hp_loss":0.0,"gold_gain":0.0,"event_name":"The Woman in Blue","player_choice":"Bought 2 Potions","floor":4.0,"gold_loss":0.0,"damage_taken":0.0}],"is_beta":false,"boss_relics":[{"not_picked":["Calling Bell","Pandora\u0027s Box"],"picked":"White Beast Statue"}],"items_purged_floors":[19],"is_endless":false,"potions_floor_spawned":[5,7,16,18,20,22,24],"killed_by":"Centurion and Healer","ascension_level":8}