{"gold_per_floor":[110,127,3,3,3,3,3,58,82,93,124,124,135,147,147,248,248,268,367,384,384,400,400,400,433,513,237,73,86,98,98,98,193,193,213,16,49,63,79,79],"floor_reached":40,"playtime":4519,"items_purged":["Strike_G","Defend_G"],"score":458,"play_id":"baa9a66d-fdda-4a12-8b15-75f0fe7f43a7","local_time":"20190208023050","is_ascension_mode":false,"campfire_choices":[{"data":"Terror","floor":6,"key":"SMITH"},{"data":"Neutralize","floor":15,"key":"SMITH"},{"data":"Bullet Time","floor":23,"key":"SMITH"},{"floor":32,"key":"REST"}],"neow_cost":"NONE","seed_source_timestamp":8982903208283,"circlet_count":0,"master_deck":["Defend_G+1","Defend_G","Defend_G","Strike_G+1","Survivor","Neutralize+1","Terror+1","Sucker Punch","Dagger Spray","Backflip","A Thousand Cuts","Tools of the Trade","Bullet Time+1","Tools of the Trade+1","PiercingWail+1","Choke+1","Footwork","Caltrops","Ghostly","Ghostly","Ghostly","Ghostly","Ghostly","Prepared","Prepared","Metamorphosis","Bullet Time","Bandage Up","Quick Slash","Bullet Time","After Image","Dagger Throw","HandOfGreed","Dash","Cloak And Dagger+1"],"relics":["Ring of the Snake","Gremlin Horn","Oddly Smooth Stone","Bag of Marbles","Bottled Flame","Potion Belt","Question Card","Nloth\u0027s Gift","Black Star"],"potions_floor_usage":[16,18,20,33,33,40],"damage_taken":[{"damage":5,"enemies":"Jaw Worm","floor":1,"turns":8},{"damage":0,"enemies":"2 Louse","floor":2,"turns":2},{"damage":15,"enemies":"Gremlin Nob","floor":8,"turns":5},{"damage":0,"enemies":"Small Slimes","floor":10,"turns":2},{"damage":11,"enemies":"Lagavulin","floor":11,"turns":7},{"damage":0,"enemies":"3 Louse","floor":13,"turns":2},{"damage":0,"enemies":"Blue Slaver","floor":14,"turns":4},{"damage":9,"enemies":"The Guardian","floor":16,"turns":14},{"damage":7,"enemies":"Spheric Guardian","floor":18,"turns":7},{"damage":8,"enemies":"2 Thieves","floor":20,"turns":5},{"damage":1,"enemies":"Snecko","floor":22,"turns":6},{"damage":12,"enemies":"Slavers","floor":25,"turns":6},{"damage":13,"enemies":"Cultist and Chosen","floor":29,"turns":6},{"damage":6,"enemies":"3 Cultists","floor":30,"turns":7},{"damage":17,"enemies":"Champ","floor":33,"turns":17},{"damage":2,"enemies":"Orb Walker","floor":35,"turns":5},{"damage":30,"enemies":"3 Shapes","floor":37,"turns":6},{"damage":18,"enemies":"Maw","floor":38,"turns":9},{"damage":0,"enemies":"Writhing Mass","floor":39,"turns":6},{"damage":11,"enemies":"Reptomancer","floor":40,"turns":2}],"seed_played":"-6555726746442791038","potions_obtained":[{"floor":10,"key":"FearPotion"},{"floor":11,"key":"SpeedPotion"},{"floor":13,"key":"Regen Potion"},{"floor":18,"key":"PowerPotion"},{"floor":22,"key":"AttackPotion"},{"floor":39,"key":"Dexterity Potion"}],"is_trial":false,"path_per_floor":["M","M","$","?","?","R","?","?","T","M","E","?","M","M","R","B",null,"M","?","M","?","M","R","?","E","T","$","$","M","M","?","R","B",null,"M","$","M","M","M","E"],"character_chosen":"THE_SILENT","items_purchased":["Sucker Punch","Metamorphosis","Bullet Time","Bandage Up","HandOfGreed"],"campfire_rested":1,"item_purchase_floors":[3,27,28,28,36],"current_hp_per_floor":[72,72,72,60,45,45,38,23,23,23,12,17,17,17,17,23,82,75,75,67,41,40,40,35,23,23,23,23,14,12,12,25,12,46,45,45,19,5,9,0],"gold":79,"neow_bonus":"TEN_PERCENT_HP_BONUS","is_prod":false,"is_daily":false,"chose_seed":false,"campfire_upgraded":3,"win_rate":0.0,"timestamp":1549589450,"path_taken":["M","M","$","?","?","R","?","?","T","?","E","?","M","M","R","BOSS","M","?","M","?","?","R","?","E","T","?","$","?","M","?","R","BOSS","M","$","M","M","M","E"],"build_version":"2019-01-23","purchased_purges":2,"victory":false,"max_hp_per_floor":[77,77,77,77,77,77,77,77,77,77,77,82,82,82,82,82,82,82,82,82,41,41,41,46,46,46,46,46,46,46,46,46,46,46,46,46,46,46,46,46],"card_choices":[{"not_picked":["Deflect","Backflip"],"picked":"Terror","floor":1},{"not_picked":["Deadly Poison","Acrobatics","Predator"],"picked":"SKIP","floor":2},{"not_picked":["Flying Knee","Blade Dance"],"picked":"Dagger Spray","floor":8},{"not_picked":["Deflect","Prepared"],"picked":"Backflip","floor":10},{"not_picked":["Backflip","Dagger Throw"],"picked":"A Thousand Cuts","floor":11},{"not_picked":["Dagger Spray","Deadly Poison","Quick Slash"],"picked":"SKIP","floor":13},{"not_picked":["Poisoned Stab","PiercingWail"],"picked":"Tools of the Trade","floor":14},{"not_picked":["Doppelganger","Adrenaline"],"picked":"Bullet Time","floor":16},{"not_picked":["PiercingWail+1","Blade Dance+1"],"picked":"Footwork","floor":18},{"not_picked":["Terror","Dagger Throw"],"picked":"Caltrops","floor":20},{"not_picked":["Sucker Punch","Backstab"],"picked":"Prepared","floor":22},{"not_picked":["Poisoned Stab+1","Endless Agony+1"],"picked":"Prepared","floor":25},{"not_picked":["Deadly Poison+1","Sucker Punch","Blade Dance"],"picked":"Quick Slash","floor":29},{"not_picked":["Dagger Spray","Poisoned Stab","Endless Agony+1"],"picked":"Bullet Time","floor":30},{"not_picked":["Bullet Time","Malaise","Die Die Die"],"picked":"After Image","floor":33},{"not_picked":["Flying Knee+1","Deflect","Poisoned Stab"],"picked":"Dagger Throw","floor":35},{"not_picked":["Skewer","Bane+1","Leg Sweep"],"picked":"Dash","floor":37},{"not_picked":["Poisoned Stab+1","Dagger Spray","Dodge and Roll+1","Masterful Stab"],"picked":"SKIP","floor":38},{"not_picked":["Prepared","Endless Agony","Slice"],"picked":"Cloak And Dagger+1","floor":39}],"player_experience":85016,"relics_obtained":[{"floor":9,"key":"Bag of Marbles"},{"floor":11,"key":"Bottled Flame"},{"floor":25,"key":"Potion Belt"},{"floor":26,"key":"Question Card"}],"event_choices":[{"damage_healed":0,"gold_gain":0,"player_choice":"Success","damage_taken":12,"relics_obtained":["Gremlin Horn"],"max_hp_gain":0,"max_hp_loss":0,"event_name":"Scrap Ooze","floor":4,"gold_loss":0},{"damage_healed":0,"gold_gain":0,"player_choice":"Entered Light","damage_taken":15,"max_hp_gain":0,"max_hp_loss":0,"event_name":"Shining Light","floor":5,"gold_loss":0,"cards_upgraded":["Strike_G","Defend_G"]},{"cards_removed":["Strike_G"],"damage_healed":0,"gold_gain":0,"player_choice":"Card Removal","damage_taken":7,"max_hp_gain":0,"max_hp_loss":0,"event_name":"Golden Wing","floor":7,"gold_loss":0},{"damage_healed":0,"gold_gain":0,"player_choice":"Searched \u00272\u0027 times","damage_taken":0,"relics_obtained":["Oddly Smooth Stone"],"max_hp_gain":0,"max_hp_loss":0,"event_name":"Dead Adventurer","floor":8,"gold_loss":0},{"damage_healed":0,"gold_gain":0,"player_choice":"Donut","damage_taken":0,"max_hp_gain":5,"max_hp_loss":0,"event_name":"Big Fish","floor":12,"gold_loss":0},{"damage_healed":0,"gold_gain":99,"player_choice":"Stole From Cult","damage_taken":0,"max_hp_gain":0,"max_hp_loss":0,"event_name":"Nest","floor":19,"gold_loss":0},{"damage_healed":0,"gold_gain":0,"player_choice":"Became a Ghost","damage_taken":0,"max_hp_gain":0,"max_hp_loss":41,"event_name":"Ghosts","floor":21,"gold_loss":0,"cards_obtained":["Ghostly","Ghostly","Ghostly","Ghostly","Ghostly"]},{"damage_healed":0,"gold_gain":0,"player_choice":"Shed Blood","damage_taken":10,"max_hp_gain":5,"max_hp_loss":0,"event_name":"Forgotten Altar","floor":24,"gold_loss":0},{"damage_healed":0,"gold_gain":0,"player_choice":"Traded Relic","damage_taken":0,"relics_obtained":["Nloth\u0027s Gift"],"max_hp_gain":0,"max_hp_loss":0,"event_name":"N\u0027loth","floor":31,"relics_lost":["Astrolabe"],"gold_loss":0}],"is_beta":false,"boss_relics":[{"not_picked":["Velvet Choker","Calling Bell"],"picked":"Astrolabe"},{"not_picked":["Snecko Eye","Busted Crown"],"picked":"Black Star"}],"items_purged_floors":[3,27],"is_endless":false,"potions_floor_spawned":[10,11,13,18,22,39],"killed_by":"Reptomancer","ascension_level":0}