{"path_per_floor":["M","M","?","$","?","R","T","R","T","?","E","R","$","M","R","B",null,"M","M","M","$","?","R","M","M","T","?","R","M","?","M","R","B",null,"M","?","?","$","M","R","$","M","T","M","R","M","M","?","R","B"],"character_chosen":"IRONCLAD","items_purchased":["Flex","Flex","Evolve","Bottled Flame","Flex"],"gold_per_floor":[116,136,136,136,136,136,136,136,189,189,225,225,178,197,197,321,321,336,361,380,181,181,181,194,217,217,217,217,230,230,243,243,346,346,358,358,358,104,117,117,66,76,76,88,88,102,119,119,119,119],"floor_reached":51,"campfire_rested":0,"playtime":2159,"current_hp_per_floor":[66,67,67,67,67,67,67,67,67,67,57,57,57,63,63,57,72,72,72,72,72,72,72,72,72,72,72,72,74,74,75,75,41,75,75,66,66,66,75,75,75,75,75,75,75,75,75,75,75,37],"items_purged":["Injury"],"gold":119,"score":698,"play_id":"2328df91-5c9b-41cc-9655-ed4f8c842362","local_time":"20180315003219","is_prod":false,"is_daily":false,"is_ascension_mode":false,"campfire_upgraded":7,"timestamp":1521070339,"path_taken":["M","M","?","$","?","R","?","R","T","?","E","R","$","M","R","BOSS","M","M","M","$","?","R","M","M","T","?","R","M","?","?","R","BOSS","M","?","?","$","M","R","$","M","T","M","R","M","M","?","R","BOSS"],"build_version":"2018-03-09","purchased_purges":2,"victory":true,"master_deck":["Defend_R","Defend_R","Bash+1","Clothesline+1","Armaments+1","Uppercut+1","Flex+1","Offering","Infernal Blade+1","Sword Boomerang+1","Power Through+1","Heavy Blade+1","Whirlwind+1","Flex+1","Evolve+1","Feel No Pain","Flame Barrier+1","Limit Break+1","Flex+1","Madness","Madness","Impervious","Flex","Flex+1"],"max_hp_per_floor":[72,72,72,72,72,72,72,72,72,72,72,72,72,72,72,72,72,72,72,72,72,72,72,72,75,75,75,75,75,75,75,75,75,75,75,75,75,75,75,75,75,75,75,75,75,75,75,75,75,75],"relics":["Burning Blood","Bird Faced Urn","Thread and Needle","Prayer Wheel","Bloody Idol","Gambling Chip","Astrolabe","Girya","Cursed Key","Bottled Flame","Ancient Tea Set"],"card_choices":[{"not_picked":["Rampage","Body Slam"],"picked":"Clothesline"},{"not_picked":["Blood for Blood","Cleave"],"picked":"Uppercut"},{"not_picked":["Anger","Flame Barrier"],"picked":"Offering"},{"not_picked":["Pommel Strike","Armaments"],"picked":"Heavy Blade"},{"not_picked":["Inflame","True Grit"],"picked":"Whirlwind"},{"not_picked":["Combust","Searing Blow"],"picked":"Flame Barrier"},{"not_picked":["Demon Form","Immolate"],"picked":"Limit Break"},{"not_picked":["Power Through","Shrug It Off"],"picked":"Flex"},{"not_picked":["Spot Weakness","Twin Strike"],"picked":"Flex"}],"player_experience":296662,"potions_floor_usage":[33,50,50,50],"damage_taken":[{"damage":12,"enemies":"Small Slimes","floor":1,"turns":4},{"damage":5,"enemies":"Cultist","floor":2,"turns":4},{"damage":16,"enemies":"Gremlin Nob","floor":11,"turns":4},{"damage":0,"enemies":"2 Louse","floor":14,"turns":2},{"damage":12,"enemies":"Slime Boss","floor":16,"turns":9},{"damage":4,"enemies":"Shell Parasite","floor":18,"turns":1},{"damage":4,"enemies":"Spheric Guardian","floor":19,"turns":3},{"damage":4,"enemies":"Snake Plant","floor":20,"turns":3},{"damage":4,"enemies":"3 Cultists","floor":24,"turns":3},{"damage":9,"enemies":"Centurion and Healer","floor":25,"turns":5},{"damage":4,"enemies":"Snake Plant","floor":29,"turns":2},{"damage":4,"enemies":"Chosen and Byrds","floor":31,"turns":5},{"damage":62,"enemies":"Collector","floor":33,"turns":8},{"damage":4,"enemies":"3 Darklings","floor":35,"turns":2},{"damage":0,"enemies":"3 Shapes","floor":39,"turns":1},{"damage":0,"enemies":"3 Darklings","floor":42,"turns":1},{"damage":5,"enemies":"Maw","floor":44,"turns":5},{"damage":8,"enemies":"Sphere and 2 Shapes","floor":46,"turns":1},{"damage":4,"enemies":"3 Darklings","floor":47,"turns":1},{"damage":46,"enemies":"Time Eater","floor":50,"turns":7}],"event_choices":[{"event_name":"Accursed Blacksmith","player_choice":"Forge","floor":3,"damage_taken":0},{"event_name":"Living Wall","player_choice":"Change","floor":5,"damage_taken":0},{"event_name":"Golden Idol","player_choice":"Take Wound","floor":10,"damage_taken":0},{"event_name":"Back to Basics","player_choice":"Elegance","floor":22,"damage_taken":0},{"event_name":"Transmorgrifier","player_choice":"Transform","floor":27,"damage_taken":0},{"event_name":"Forgotten Altar","player_choice":"Gave Idol","floor":30,"damage_taken":0},{"event_name":"Winding Halls","player_choice":"Embrace Madness","floor":36,"damage_taken":0},{"event_name":"Transmorgrifier","player_choice":"Transform","floor":37,"damage_taken":0},{"event_name":"Fountain of Cleansing","player_choice":"Removed Curse","floor":48,"damage_taken":0}],"boss_relics":[{"not_picked":["Calling Bell","Velvet Choker"],"picked":"Astrolabe"},{"not_picked":["Runic Pyramid","Lizard Tail"],"picked":"Cursed Key"}],"potions_floor_spawned":[14,16,20,29,31,33,39,44,47],"seed_played":"8088904476780978380","ascension_level":0,"is_trial":false}