{"gold_per_floor":[111,129,129,129,144,144,158,158,158,158,158,158,193,22,22,119,119,132,132,14,14,32,32,65,65,92,192,23,23,23,48,48,143,143,159,173,173,184,0,31,31,31],"floor_reached":42,"playtime":1974,"items_purged":[],"score":558,"play_id":"17ad5bc1-cc94-4046-b1b8-4fe0c4431c25","local_time":"20190213231641","is_ascension_mode":true,"campfire_choices":[{"data":"Zap","floor":6.0,"key":"SMITH"},{"data":"Dualcast","floor":8.0,"key":"SMITH"},{"floor":12.0,"key":"REST"},{"data":"Buffer","floor":15.0,"key":"SMITH"},{"floor":23.0,"key":"REST"},{"floor":25.0,"key":"REST"},{"floor":29.0,"key":"REST"},{"floor":32.0,"key":"REST"},{"floor":41,"key":"REST"}],"neow_cost":"NONE","seed_source_timestamp":0,"circlet_count":0,"master_deck":["Strike_B","Strike_B+1","Defend_B","Defend_B+1","Defend_B","Defend_B","Zap+1","Dualcast+1","Gash","Ball Lightning","Coolheaded","Buffer+1","Electrodynamics","Coolheaded","Ball Lightning+1","Gash","Heatsinks","Gash","Biased Cognition","Redo+1","Amplify","Turbo+1","Blizzard","Cold Snap","Finesse","Leap","FTL","All For One","White Noise+1","FTL+1","Conserve Battery","Stack+1"],"special_seed":0,"relics":["Cracked Core","Lantern","Torii","StoneCalendar","Mummified Hand","WingedGreaves","Turnip","Empty Cage","Darkstone Periapt","Dream Catcher","Mango","Ornamental Fan","Matryoshka","Cursed Key","Red Mask","Meat on the Bone"],"potions_floor_usage":[],"damage_taken":[{"damage":0.0,"enemies":"Cultist","floor":1.0,"turns":3.0},{"damage":2.0,"enemies":"2 Louse","floor":2.0,"turns":2.0},{"damage":7.0,"enemies":"Jaw Worm","floor":5.0,"turns":3.0},{"damage":8.0,"enemies":"Blue Slaver","floor":7.0,"turns":3.0},{"damage":14.0,"enemies":"Lagavulin","floor":13.0,"turns":5.0},{"damage":26.0,"enemies":"The Guardian","floor":16.0,"turns":12.0},{"damage":16.0,"enemies":"Shell Parasite","floor":18.0,"turns":7.0},{"damage":11.0,"enemies":"3 Byrds","floor":22.0,"turns":3.0},{"damage":34.0,"enemies":"Slavers","floor":24.0,"turns":3.0},{"damage":10.0,"enemies":"Colosseum Slavers","floor":27.0,"turns":4.0},{"damage":0.0,"enemies":"Colosseum Nobs","floor":27.0,"turns":3.0},{"damage":21.0,"enemies":"Gremlin Leader","floor":31.0,"turns":4.0},{"damage":0.0,"enemies":"Collector","floor":33.0,"turns":11.0},{"damage":33.0,"enemies":"3 Darklings","floor":35.0,"turns":4.0},{"damage":0.0,"enemies":"Orb Walker","floor":36.0,"turns":3.0},{"damage":18,"enemies":"Jaw Worm Horde","floor":38,"turns":3},{"damage":33,"enemies":"Nemesis","floor":40,"turns":5},{"damage":41,"enemies":"2 Orb Walkers","floor":42,"turns":5}],"seed_played":"-4068439693322740638","potions_obtained":[{"floor":1.0,"key":"SkillPotion"},{"floor":5.0,"key":"Regen Potion"},{"floor":13.0,"key":"EntropicBrew"},{"floor":18.0,"key":"SpeedPotion"},{"floor":27.0,"key":"Strength Potion"},{"floor":31.0,"key":"Block Potion"},{"floor":35.0,"key":"Poison Potion"}],"is_trial":false,"path_per_floor":["M","M","?","?","M","R","M","R","T","T","?","R","E","$","R","B",null,"M","?","$","?","M","R","E","R","T","?","$","R","$","E","R","B",null,"M","M","?","M","?","E","R","?"],"character_chosen":"DEFECT","items_purchased":["Electrodynamics","Coolheaded","Gash","Heatsinks","Blizzard","Cold Snap","Finesse"],"campfire_rested":6,"item_purchase_floors":[14,14,20,20,28,28,28],"current_hp_per_floor":[75,73,73,73,66,66,58,58,58,58,43,65,60,60,60,34,75,59,45,45,45,34,58,24,48,48,52,52,80,80,59,87,87,94,61,61,61,43,43,10,38,0],"gold":31,"neow_bonus":"RANDOM_COMMON_RELIC","is_prod":false,"is_daily":false,"chose_seed":false,"campfire_upgraded":3,"win_rate":0,"timestamp":1550121401,"path_taken":["M","M","?","?","?","R","M","R","T","?","?","R","E","$","R","BOSS","M","?","$","?","M","R","E","R","T","?","$","R","?","E","R","BOSS","M","?","?","M","?","E","R","?"],"build_version":"2019-01-23","purchased_purges":0,"victory":false,"max_hp_per_floor":[75,75,75,75,75,75,75,75,75,75,75,75,75,75,75,75,75,75,80,80,80,80,80,80,80,80,94,94,94,94,94,94,94,94,94,94,94,94,94,94,94,94],"card_choices":[{"not_picked":["Genetic Algorithm","Sweeping Beam"],"picked":"Gash","floor":1.0},{"not_picked":["Steam","Double Energy","Turbo"],"picked":"SKIP","floor":2.0},{"not_picked":["Sweeping Beam","Stack"],"picked":"Ball Lightning","floor":5.0},{"not_picked":["Ball Lightning","Redo"],"picked":"Coolheaded","floor":7.0},{"not_picked":["Ball Lightning","Scrape"],"picked":"Buffer","floor":13.0},{"not_picked":["Hyperbeam","Meteor Strike"],"picked":"Biased Cognition","floor":16.0},{"not_picked":["Stack","Lockon+1"],"picked":"Ball Lightning+1","floor":18.0},{"not_picked":["Coolheaded+1","Compile Driver+1"],"picked":"Redo+1","floor":22.0},{"not_picked":["Compile Driver","Darkness+1"],"picked":"Amplify","floor":24.0},{"not_picked":["Steam+1","Undo+1"],"picked":"Turbo+1","floor":27.0},{"not_picked":["Turbo","Compile Driver"],"picked":"Darkness+1","floor":29.0},{"not_picked":["Static Discharge","Beam Cell"],"picked":"Leap","floor":31.0},{"not_picked":["Streamline","Darkness+1"],"picked":"FTL","floor":32.0},{"not_picked":["Seek","Meteor Strike"],"picked":"All For One","floor":33.0},{"not_picked":["Tempest+1","Go for the Eyes+1"],"picked":"White Noise+1","floor":35.0},{"not_picked":["Ball Lightning","Turbo"],"picked":"FTL+1","floor":36.0},{"not_picked":["Gash","Tempest"],"picked":"Conserve Battery","floor":38},{"not_picked":["Genetic Algorithm+1","Turbo"],"picked":"Stack+1","floor":40}],"player_experience":88991,"relics_obtained":[{"floor":9.0,"key":"Mummified Hand"},{"floor":10.0,"key":"WingedGreaves"},{"floor":13.0,"key":"Turnip"},{"floor":24.0,"key":"Darkstone Periapt"},{"floor":26.0,"key":"Dream Catcher"},{"floor":27.0,"key":"Mango"},{"floor":27.0,"key":"Ornamental Fan"},{"floor":31.0,"key":"Matryoshka"},{"floor":40,"key":"Meat on the Bone"}],"event_choices":[{"damage_healed":0.0,"max_hp_gain":0.0,"max_hp_loss":0.0,"gold_gain":0.0,"event_name":"Big Fish","player_choice":"Box","floor":3.0,"gold_loss":0.0,"damage_taken":0.0,"relics_obtained":["Torii"],"cards_obtained":["Regret"]},{"damage_healed":0.0,"max_hp_gain":0.0,"max_hp_loss":0.0,"gold_gain":0.0,"event_name":"WeMeetAgain","player_choice":"Gave Potion","floor":4.0,"gold_loss":0.0,"damage_taken":0.0,"relics_obtained":["StoneCalendar"]},{"damage_healed":0.0,"max_hp_gain":0.0,"max_hp_loss":0.0,"gold_gain":0.0,"event_name":"Shining Light","player_choice":"Entered Light","floor":11.0,"gold_loss":0.0,"damage_taken":15.0,"cards_upgraded":["Strike_B","Defend_B"]},{"damage_healed":0.0,"max_hp_gain":5.0,"max_hp_loss":0.0,"gold_gain":0.0,"event_name":"Forgotten Altar","player_choice":"Shed Blood","floor":19.0,"gold_loss":0.0,"damage_taken":19.0},{"damage_healed":0.0,"max_hp_gain":0.0,"max_hp_loss":0.0,"gold_gain":0.0,"cards_transformed":["Biased Cognition","Strike_B"],"event_name":"Drug Dealer","player_choice":"Became Test Subject","floor":21.0,"gold_loss":0.0,"damage_taken":0.0,"cards_obtained":["Gash","Biased Cognition"]},{"damage_healed":0.0,"max_hp_gain":0.0,"max_hp_loss":0.0,"gold_gain":0.0,"event_name":"Colosseum","player_choice":"Fight","floor":27.0,"gold_loss":0.0,"damage_taken":0.0},{"damage_healed":0.0,"max_hp_gain":0.0,"max_hp_loss":0.0,"gold_gain":0.0,"event_name":"Colosseum","player_choice":"Fought Nobs","floor":27.0,"gold_loss":0.0,"damage_taken":0.0},{"cards_removed":["Darkness"],"damage_healed":0.0,"max_hp_gain":0.0,"max_hp_loss":0.0,"gold_gain":0.0,"event_name":"Falling","player_choice":"Removed Skill","floor":37.0,"gold_loss":0.0,"damage_taken":0.0},{"damage_healed":0,"gold_gain":0,"player_choice":"Paid","damage_taken":0,"relics_obtained":["Red Mask"],"max_hp_gain":0,"max_hp_loss":0,"event_name":"Tomb of Lord Red Mask","floor":39,"gold_loss":184},{"damage_healed":0,"gold_gain":0,"player_choice":"Fight","damage_taken":0,"max_hp_gain":0,"max_hp_loss":0,"event_name":"Mysterious Sphere","floor":42,"gold_loss":0}],"is_beta":false,"boss_relics":[{"not_picked":["Coffee Dripper","Velvet Choker"],"picked":"Empty Cage"},{"not_picked":["Orrery","Eternal Feather"],"picked":"Cursed Key"}],"items_purged_floors":[],"is_endless":false,"potions_floor_spawned":[1,5,13,18,27,27,31,35],"killed_by":"2 Orb Walkers","ascension_level":1}