{"gold_per_floor":[113,129,129,142,153,186,65,65,65,82,82,92,120,130,130,233,233,245,245,145,162,162,162,174,174],"floor_reached":25,"playtime":1560,"items_purged":["Defend_B","Strike_B"],"score":236,"play_id":"0bcddff1-3c4c-4a79-8413-e5fc25d3c254","local_time":"20190211165528","is_ascension_mode":true,"campfire_choices":[{"data":"Capacitor","floor":8.0,"key":"SMITH"},{"data":"Zap","floor":11.0,"key":"SMITH"},{"floor":15,"key":"REST"},{"floor":23,"key":"REST"}],"neow_cost":"NONE","seed_source_timestamp":1291794751097109,"circlet_count":0,"master_deck":["Strike_B","Strike_B","Strike_B","Defend_B","Defend_B","Defend_B","Zap+1","Dualcast","Hologram","Capacitor+1","Conserve Battery","Coolheaded","Auto Shields","Ball Lightning","Barrage","Loop","Cold Snap","Seek","Compile Driver","Capacitor+1"],"special_seed":0,"relics":["Cracked Core","Orichalcum","NlothsMask","Darkstone Periapt","Odd Mushroom","Velvet Choker"],"potions_floor_usage":[13,21],"damage_taken":[{"damage":0.0,"enemies":"Cultist","floor":1.0,"turns":3.0},{"damage":0.0,"enemies":"Small Slimes","floor":2.0,"turns":3.0},{"damage":10.0,"enemies":"Jaw Worm","floor":4.0,"turns":4.0},{"damage":1.0,"enemies":"3 Louse","floor":5.0,"turns":3.0},{"damage":21.0,"enemies":"3 Sentries","floor":6.0,"turns":13.0},{"damage":4.0,"enemies":"Blue Slaver","floor":10.0,"turns":4.0},{"damage":0.0,"enemies":"2 Fungi Beasts","floor":12.0,"turns":3.0},{"damage":3,"enemies":"The Mushroom Lair","floor":13,"turns":3},{"damage":0,"enemies":"3 Louse","floor":14,"turns":2},{"damage":11,"enemies":"Hexaghost","floor":16,"turns":10},{"damage":12,"enemies":"Shell Parasite","floor":18,"turns":5},{"damage":0,"enemies":"3 Byrds","floor":21,"turns":5},{"damage":27,"enemies":"Cultist and Chosen","floor":24,"turns":7},{"damage":29,"enemies":"3 Cultists","floor":25,"turns":5}],"seed_played":"4492825564902974405","potions_obtained":[{"floor":1.0,"key":"Weak Potion"},{"floor":5.0,"key":"Poison Potion"},{"floor":6.0,"key":"AttackPotion"},{"floor":14,"key":"Dexterity Potion"},{"floor":18,"key":"EntropicBrew"},{"floor":21,"key":"Dexterity Potion"}],"is_trial":false,"path_per_floor":["M","M","?","M","M","E","$","R","T","M","R","M","?","M","R","B",null,"M","?","$","M","?","R","M","M"],"character_chosen":"DEFECT","items_purchased":["Ball Lightning"],"campfire_rested":2,"item_purchase_floors":[7],"current_hp_per_floor":[75,75,75,65,64,43,43,43,43,39,39,39,36,36,58,47,75,63,49,49,49,49,73,46,17],"gold":174,"neow_bonus":"RANDOM_COMMON_RELIC","is_prod":false,"is_daily":false,"chose_seed":false,"campfire_upgraded":2,"win_rate":0,"timestamp":1549900528,"path_taken":["M","M","?","M","?","E","$","R","T","M","R","M","?","M","R","BOSS","M","?","$","M","?","R","M","M"],"build_version":"2019-01-23","purchased_purges":2,"victory":false,"max_hp_per_floor":[75,75,75,75,75,75,75,75,75,75,75,75,75,75,75,75,75,75,80,80,80,80,80,80,80],"card_choices":[{"not_picked":["Rip and Tear","Redo"],"picked":"Hologram","floor":1.0},{"not_picked":["Double Energy","Hello World"],"picked":"Capacitor","floor":2.0},{"not_picked":["Leap","Static Discharge"],"picked":"Conserve Battery","floor":4.0},{"not_picked":["Double Energy","Turbo"],"picked":"Coolheaded","floor":5.0},{"not_picked":["Genetic Algorithm","Rebound"],"picked":"Auto Shields","floor":6.0},{"not_picked":["Beam Cell","Conserve Battery","Gash"],"picked":"SKIP","floor":10.0},{"not_picked":["Skim","Ball Lightning"],"picked":"Barrage","floor":12.0},{"not_picked":["Rebound","Hello World"],"picked":"Loop","floor":13},{"not_picked":["Storm","Rip and Tear"],"picked":"Cold Snap","floor":14},{"not_picked":["Rainbow","All For One"],"picked":"Seek","floor":16},{"not_picked":["Leap","Double Energy"],"picked":"Compile Driver","floor":18},{"not_picked":["Barrage","Rebound","Sweeping Beam+1"],"picked":"SKIP","floor":21},{"not_picked":["Melter","Aggregate","Barrage"],"picked":"SKIP","floor":24}],"player_experience":63401,"relics_obtained":[{"floor":6.0,"key":"Darkstone Periapt"},{"floor":13,"key":"Odd Mushroom"}],"event_choices":[{"damage_healed":0.0,"max_hp_gain":0.0,"max_hp_loss":0.0,"gold_gain":0.0,"event_name":"FaceTrader","player_choice":"Trade","floor":3.0,"gold_loss":0.0,"damage_taken":0.0,"relics_obtained":["NlothsMask"]},{"damage_healed":0,"gold_gain":0,"player_choice":"Fought Mushrooms","damage_taken":0,"max_hp_gain":0,"max_hp_loss":0,"event_name":"Mushrooms","floor":13,"gold_loss":0},{"damage_healed":0,"gold_gain":0,"player_choice":"Shed Blood","damage_taken":19,"max_hp_gain":5,"max_hp_loss":0,"event_name":"Forgotten Altar","floor":19,"gold_loss":0},{"damage_healed":0,"gold_gain":0,"player_choice":"Copied","damage_taken":0,"max_hp_gain":0,"max_hp_loss":0,"event_name":"Duplicator","floor":22,"gold_loss":0,"cards_obtained":["Capacitor"]}],"is_beta":false,"boss_relics":[{"not_picked":["Philosopher\u0027s Stone","Snecko Eye"],"picked":"Velvet Choker"}],"items_purged_floors":[7,20],"is_endless":false,"potions_floor_spawned":[1,5,6,14,18,21],"killed_by":"3 Cultists","ascension_level":3}