{"gold_per_floor":[119,137,156,167,182,214,214,246,246,2,35,35,52,71,71,146,146,161,161,161,178,192,192,218,218,267,284,284,284,315,215,215,293,293,311,3,19,34,34],"floor_reached":39,"playtime":2981,"items_purged":["Strike_G","Strike_G","Shame"],"score":864,"play_id":"83900a59-5275-4476-b440-bc2d82aaf3cb","local_time":"20190213013047","is_ascension_mode":true,"campfire_choices":[{"floor":7.0,"key":"REST"},{"data":"Dodge and Roll","floor":12.0,"key":"SMITH"},{"data":"Neutralize","floor":15.0,"key":"SMITH"},{"data":"Well Laid Plans","floor":23.0,"key":"SMITH"},{"data":"Acrobatics","floor":25.0,"key":"SMITH"},{"data":"Grand Finale","floor":28.0,"key":"SMITH"},{"data":"Survivor","floor":32.0,"key":"SMITH"}],"neow_cost":"NONE","seed_source_timestamp":14461360641500,"circlet_count":0,"master_deck":["AscendersBane","Defend_G","Defend_G","Defend_G","Defend_G","Strike_G","Survivor+1","Neutralize+1","All Out Attack+1","Quick Slash+1","Finisher+1","Terror","Dagger Throw","Well Laid Plans+1","Underhanded Strike","Dash","Dodge and Roll+1","PiercingWail","Grand Finale+1","Acrobatics+1","Acrobatics","Well Laid Plans","After Image","Reflex","Purity","Backflip"],"special_seed":0,"relics":["Astrolabe","Paper Crane","Orichalcum","Bronze Scales","Anchor","Eternal Feather","Ninja Scroll","Omamori","Nloth\u0027s Gift","Letter Opener","Calling Bell","Art of War","Ornamental Fan","FossilizedHelix"],"potions_floor_usage":[33,38],"damage_taken":[{"damage":0.0,"enemies":"Cultist","floor":1.0,"turns":2.0},{"damage":2.0,"enemies":"Jaw Worm","floor":2.0,"turns":3.0},{"damage":0.0,"enemies":"Small Slimes","floor":3.0,"turns":1.0},{"damage":14.0,"enemies":"Exordium Thugs","floor":4.0,"turns":5.0},{"damage":0.0,"enemies":"Large Slime","floor":5.0,"turns":3.0},{"damage":17.0,"enemies":"Lagavulin","floor":6.0,"turns":6.0},{"damage":3.0,"enemies":"Gremlin Nob","floor":8.0,"turns":3.0},{"damage":7.0,"enemies":"Lagavulin","floor":11.0,"turns":5.0},{"damage":5.0,"enemies":"3 Louse","floor":13.0,"turns":3.0},{"damage":0.0,"enemies":"2 Fungi Beasts","floor":14.0,"turns":3.0},{"damage":9.0,"enemies":"The Guardian","floor":16.0,"turns":10.0},{"damage":24.0,"enemies":"Spheric Guardian","floor":18.0,"turns":4.0},{"damage":13.0,"enemies":"2 Thieves","floor":21.0,"turns":4.0},{"damage":6.0,"enemies":"Snecko","floor":22.0,"turns":6.0},{"damage":7.0,"enemies":"Gremlin Leader","floor":24.0,"turns":3.0},{"damage":0.0,"enemies":"Shelled Parasite and Fungi","floor":27.0,"turns":3.0},{"damage":15.0,"enemies":"Slavers","floor":30.0,"turns":3.0},{"damage":39,"enemies":"Champ","floor":33,"turns":10},{"damage":0,"enemies":"Orb Walker","floor":35,"turns":4},{"damage":0,"enemies":"3 Shapes","floor":37,"turns":4},{"damage":0,"enemies":"Transient","floor":38,"turns":6},{"damage":55,"enemies":"Spire Growth","floor":39,"turns":5}],"seed_played":"-6964075349782137502","potions_obtained":[{"floor":1.0,"key":"SkillPotion"},{"floor":5.0,"key":"Strength Potion"},{"floor":8.0,"key":"Swift Potion"},{"floor":14.0,"key":"Regen Potion"},{"floor":18.0,"key":"LiquidBronze"},{"floor":21.0,"key":"Energy Potion"},{"floor":27.0,"key":"PowerPotion"},{"floor":30.0,"key":"Ancient Potion"},{"floor":35,"key":"Strength Potion"}],"is_trial":false,"path_per_floor":["M","?","?","?"],"character_chosen":"THE_SILENT","items_purchased":["Bronze Scales","Reflex","Purity"],"campfire_rested":1,"item_purchase_floors":[10,36,36],"current_hp_per_floor":[59,57,57,43,43,26,45,42,42,42,35,35,30,30,30,21,55,31,31,31,18,27,39,32,44,44,44,56,56,41,41,53,14,53,53,53,53,53,0],"gold":34,"neow_bonus":"BOSS_RELIC","is_prod":false,"is_daily":false,"chose_seed":false,"campfire_upgraded":6,"win_rate":0,"timestamp":1549989047,"path_taken":["M","M","?","M","M","E","R","E","T","$","E","R","M","M","R","BOSS","M","?","?","M","M","R","E","R","T","M","R","?","E","$","R","BOSS","M","$","M","M","M"],"build_version":"2019-01-23","purchased_purges":3,"victory":false,"max_hp_per_floor":[66,66,66,66,66,66,66,66,66,66,66,66,66,66,66,66,66,66,66,66,66,66,66,66,66,66,66,66,66,66,66,66,66,66,66,66,66,66,66],"card_choices":[{"not_picked":["Flechettes","Dagger Spray"],"picked":"Terror","floor":2.0},{"not_picked":["Distraction","Masterful Stab"],"picked":"Dagger Throw","floor":3.0},{"not_picked":["Concentrate","Poisoned Stab"],"picked":"Well Laid Plans","floor":4.0},{"not_picked":["Flechettes","Wraith Form v2"],"picked":"Underhanded Strike","floor":5.0},{"not_picked":["Setup","Backflip"],"picked":"Dash","floor":6.0},{"not_picked":["Heel Hook","Concentrate","Masterful Stab"],"picked":"SKIP","floor":8.0},{"not_picked":["Underhanded Strike","Die Die Die"],"picked":"Dodge and Roll","floor":11.0},{"not_picked":["Flechettes","Underhanded Strike","Poisoned Stab"],"picked":"SKIP","floor":13.0},{"not_picked":["Blade Dance","Masterful Stab"],"picked":"PiercingWail","floor":14.0},{"not_picked":["Venomology","Storm of Steel"],"picked":"Grand Finale","floor":16.0},{"not_picked":["Riddle With Holes","Eviscerate+1","Slice"],"picked":"SKIP","floor":18.0},{"not_picked":["Infinite Blades","Blade Dance"],"picked":"Acrobatics","floor":21.0},{"not_picked":["Sucker Punch","Concentrate","Poisoned Stab"],"picked":"SKIP","floor":22.0},{"not_picked":["Flechettes","Poisoned Stab","Noxious Fumes"],"picked":"SKIP","floor":24.0},{"not_picked":["Deflect","Acrobatics+1"],"picked":"Well Laid Plans","floor":27.0},{"not_picked":["Sucker Punch","Cloak And Dagger","Die Die Die"],"picked":"SKIP","floor":30.0},{"not_picked":["Venomology","Night Terror"],"picked":"After Image","floor":33},{"not_picked":["Skewer","Flying Knee","Deflect"],"picked":"SKIP","floor":35},{"not_picked":["Caltrops+1","Eviscerate","Finisher"],"picked":"SKIP","floor":37},{"not_picked":["Caltrops+1","Eviscerate","Finisher"],"picked":"SKIP","floor":37},{"not_picked":["PiercingWail","Deflect"],"picked":"Backflip","floor":38}],"player_experience":370912,"relics_obtained":[{"floor":6.0,"key":"Paper Crane"},{"floor":8.0,"key":"Potion Belt"},{"floor":9.0,"key":"Orichalcum"},{"floor":11.0,"key":"Anchor"},{"floor":24.0,"key":"Ninja Scroll"},{"floor":26.0,"key":"Omamori"},{"floor":30.0,"key":"Letter Opener"},{"floor":34,"key":"Art of War"},{"floor":34,"key":"Ornamental Fan"},{"floor":34,"key":"FossilizedHelix"}],"event_choices":[{"damage_healed":0.0,"max_hp_gain":0.0,"max_hp_loss":0.0,"gold_gain":0.0,"event_name":"Cursed Tome","player_choice":"Ignored","floor":19.0,"gold_loss":0.0,"damage_taken":0.0},{"damage_healed":0.0,"max_hp_gain":0.0,"max_hp_loss":0.0,"gold_gain":0.0,"event_name":"The Library","player_choice":"Read","floor":20.0,"gold_loss":0.0,"damage_taken":0.0,"cards_obtained":["Acrobatics"]},{"damage_healed":0.0,"max_hp_gain":0.0,"max_hp_loss":0.0,"gold_gain":0.0,"event_name":"N\u0027loth","player_choice":"Traded Relic","floor":29.0,"relics_lost":["Potion Belt"],"gold_loss":0.0,"damage_taken":0.0,"relics_obtained":["Nloth\u0027s Gift"]}],"is_beta":false,"boss_relics":[{"not_picked":["WristBlade","Snecko Eye"],"picked":"Eternal Feather"},{"not_picked":["Busted Crown","Velvet Choker"],"picked":"Calling Bell"}],"items_purged_floors":[10,31,36],"is_endless":false,"potions_floor_spawned":[1,5,8,14,18,21,27,30,35],"killed_by":"Spire Growth","ascension_level":19}