{"gold_per_floor":[111,111,125,141,141,181,205,230,230,230,230],"floor_reached":11,"playtime":691,"items_purged":[],"score":83,"play_id":"449f4786-9f35-4335-82b8-7b000a78d1ed","local_time":"20190203181417","is_ascension_mode":true,"campfire_choices":[{"data":"Demon Form","floor":10,"key":"SMITH"}],"neow_cost":"NONE","seed_source_timestamp":14420648729364,"circlet_count":0,"master_deck":["Strike_R","Strike_R","Strike_R","Strike_R","Strike_R","Defend_R","Defend_R","Defend_R","Defend_R","Bash","Double Tap+1","Shrug It Off","Sword Boomerang","Wild Strike","Battle Trance","Iron Wave","Demon Form+1"],"relics":["Burning Blood","Golden Idol","Oddly Smooth Stone","Mummified Hand"],"potions_floor_usage":[],"damage_taken":[{"damage":9,"enemies":"Jaw Worm","floor":1,"turns":5},{"damage":0,"enemies":"2 Louse","floor":3,"turns":4},{"damage":1,"enemies":"Cultist","floor":4,"turns":3},{"damage":58,"enemies":"3 Sentries","floor":6,"turns":13},{"damage":4,"enemies":"3 Louse","floor":7,"turns":4},{"damage":0,"enemies":"Looter","floor":8,"turns":2},{"damage":26,"enemies":"The Mushroom Lair","floor":11,"turns":5}],"seed_played":"-314024259832434080","potions_obtained":[{"floor":1,"key":"SmokeBomb"}],"is_trial":false,"path_per_floor":["M","?","M","M","?","E","M","M","T","R","?"],"character_chosen":"IRONCLAD","items_purchased":[],"campfire_rested":0,"item_purchase_floors":[],"current_hp_per_floor":[77,57,63,68,68,16,18,24,24,24,0],"gold":230,"neow_bonus":"ONE_RANDOM_RARE_CARD","is_prod":false,"is_daily":false,"chose_seed":false,"campfire_upgraded":1,"win_rate":0,"timestamp":1549214057,"path_taken":["M","?","M","M","?","E","M","?","T","R","?"],"build_version":"2019-01-23","purchased_purges":0,"victory":false,"max_hp_per_floor":[80,80,80,80,80,80,80,80,80,80,80],"card_choices":[{"not_picked":["Burning Pact","Wild Strike"],"picked":"Shrug It Off","floor":1},{"not_picked":["Havoc","Warcry"],"picked":"Sword Boomerang","floor":3},{"not_picked":["Metallicize","Disarm"],"picked":"Wild Strike","floor":4},{"not_picked":["Flex","Dual Wield"],"picked":"Battle Trance","floor":6},{"not_picked":["Pummel","Shrug It Off"],"picked":"Iron Wave","floor":7},{"not_picked":["Headbutt","Hemokinesis"],"picked":"Demon Form","floor":8}],"player_experience":40637,"relics_obtained":[{"floor":6,"key":"Oddly Smooth Stone"},{"floor":9,"key":"Mummified Hand"}],"event_choices":[{"damage_healed":0,"gold_gain":0,"player_choice":"Take Damage","damage_taken":20,"relics_obtained":["Golden Idol"],"max_hp_gain":0,"max_hp_loss":0,"event_name":"Golden Idol","floor":2,"gold_loss":0},{"damage_healed":0,"gold_gain":0,"player_choice":"Upgraded","damage_taken":0,"max_hp_gain":0,"max_hp_loss":0,"event_name":"Upgrade Shrine","floor":5,"gold_loss":0,"cards_upgraded":["Double Tap"]},{"damage_healed":0,"gold_gain":0,"player_choice":"Fought Mushrooms","damage_taken":0,"max_hp_gain":0,"max_hp_loss":0,"event_name":"Mushrooms","floor":11,"gold_loss":0}],"is_beta":false,"boss_relics":[],"items_purged_floors":[],"is_endless":false,"potions_floor_spawned":[1],"killed_by":"The Mushroom Lair","ascension_level":2}