{"gold_per_floor":[115,129,141,117,128,153,163,188,214,214,234,251,251,267,267,267],"floor_reached":16,"playtime":1251,"items_purged":[],"score":128,"play_id":"06ddac34-8374-4926-857d-96c163e73c60","local_time":"20190212205016","is_ascension_mode":true,"campfire_choices":[{"floor":10,"key":"REST"},{"data":"Whirlwind","floor":13,"key":"SMITH"},{"data":"Pommel Strike","floor":15,"key":"SMITH"}],"neow_cost":"NONE","seed_source_timestamp":108479332938800,"circlet_count":0,"master_deck":["Strike_R","Strike_R","Strike_R","Strike_R","Strike_R","Defend_R","Defend_R","Defend_R","Defend_R","Bash","Whirlwind","Pommel Strike","Pommel Strike+1","Armaments+1","Ghostly Armor+1","Double Tap","Cleave","Heavy Blade","Pommel Strike","Whirlwind+1"],"relics":["Burning Blood","Pantograph","Ancient Tea Set","War Paint"],"potions_floor_usage":[3,5,6,6,16],"damage_taken":[{"damage":1,"enemies":"Cultist","floor":1,"turns":4},{"damage":11,"enemies":"Small Slimes","floor":2,"turns":3},{"damage":7,"enemies":"Jaw Worm","floor":3,"turns":4},{"damage":9,"enemies":"Blue Slaver","floor":5,"turns":4},{"damage":14,"enemies":"Gremlin Nob","floor":6,"turns":3},{"damage":10,"enemies":"Large Slime","floor":7,"turns":5},{"damage":46,"enemies":"Lagavulin","floor":8,"turns":10},{"damage":0,"enemies":"Looter","floor":11,"turns":2},{"damage":9,"enemies":"Red Slaver","floor":12,"turns":3},{"damage":0,"enemies":"Large Slime","floor":14,"turns":2},{"damage":83,"enemies":"Hexaghost","floor":16,"turns":12}],"seed_played":"-8219230747711508211","potions_obtained":[{"floor":0,"key":"GamblersBrew"},{"floor":0,"key":"BloodPotion"},{"floor":0,"key":"PowerPotion"},{"floor":3,"key":"AttackPotion"},{"floor":5,"key":"AttackPotion"},{"floor":8,"key":"Fire Potion"}],"is_trial":false,"path_per_floor":["M","M","M","$","M","E","M","E","T","R","M","M","R","M","R","B"],"character_chosen":"IRONCLAD","items_purchased":["Armaments"],"campfire_rested":1,"item_purchase_floors":[4],"current_hp_per_floor":[80,75,74,74,71,71,67,27,27,51,57,54,54,60,60,0],"gold":267,"neow_bonus":"THREE_SMALL_POTIONS","is_prod":false,"is_daily":false,"chose_seed":false,"campfire_upgraded":2,"win_rate":0,"timestamp":1550022616,"path_taken":["M","?","M","$","M","E","M","E","T","R","M","M","R","M","R","BOSS"],"build_version":"2019-01-23","purchased_purges":0,"victory":false,"max_hp_per_floor":[80,80,80,80,80,80,80,80,80,80,80,80,80,80,80,80],"card_choices":[{"not_picked":["Thunderclap","Iron Wave"],"picked":"Whirlwind","floor":1},{"not_picked":["Searing Blow","Reckless Charge"],"picked":"Pommel Strike","floor":2},{"not_picked":["Havoc","Sever Soul"],"picked":"Pommel Strike","floor":3},{"not_picked":["Perfected Strike","Juggernaut"],"picked":"Ghostly Armor","floor":5},{"not_picked":["Flex","Twin Strike"],"picked":"Double Tap","floor":6},{"not_picked":["Anger","Heavy Blade"],"picked":"Cleave","floor":7},{"not_picked":["Battle Trance","Intimidate"],"picked":"Heavy Blade","floor":8},{"not_picked":["Perfected Strike","Cleave"],"picked":"Pommel Strike","floor":11},{"not_picked":["Havoc","Warcry"],"picked":"Whirlwind","floor":12},{"not_picked":["Reckless Charge","Perfected Strike","Berserk"],"picked":"SKIP","floor":14}],"player_experience":75034,"relics_obtained":[{"floor":6,"key":"Pantograph"},{"floor":8,"key":"Ancient Tea Set"},{"floor":9,"key":"War Paint"}],"event_choices":[],"is_beta":false,"boss_relics":[],"items_purged_floors":[],"is_endless":false,"potions_floor_spawned":[1,3,5,8],"killed_by":"Hexaghost","ascension_level":2}