{"path_per_floor":["M","M","$","?","M","R","M","M","T","M","M","E","$","M","R","B",null,"M","?","M","$","M","R","E","?","T","M","M","R","M","M","R","B",null,"M","?","$","?","M","E","?","M","T","$","M","?","?","M","R"],"character_chosen":"IRONCLAD","items_purchased":["Flying Knee","Feel No Pain","Question Card","Frozen Egg 2","Feel No Pain"],"gold_per_floor":[113,127,73,248,259,259,276,286,332,348,358,393,65,84,84,179,179,196,196,210,210,227,227,253,253,253,270,285,285,303,316,316,419,419,431,477,477,477,497,529,529,543,543,213,232,232,0,15,15,15],"floor_reached":50,"campfire_rested":2,"playtime":5086,"item_purchase_floors":[3,13,13,44,44],"current_hp_per_floor":[80,80,80,80,80,80,80,77,77,72,78,74,74,80,80,60,80,80,80,76,76,72,72,58,58,58,64,43,43,34,40,64,28,80,65,39,39,65,60,12,75,62,62,62,63,53,53,37,59,0],"items_purged":[],"gold":15,"score":550,"play_id":"8ef79685-cdbd-41a0-9172-2b04ebe7833a","local_time":"20180618191325","daily_mods":["Draft","Diverse"],"is_prod":false,"is_daily":false,"chose_seed":true,"is_ascension_mode":false,"campfire_upgraded":4,"win_rate":0,"timestamp":1529342005,"campfire_choices":[{"data":"Armaments","floor":6,"key":"SMITH"},{"data":"Uppercut","floor":15,"key":"SMITH"},{"data":"Whirlwind","floor":23,"key":"SMITH"},{"data":"Footwork","floor":29,"key":"SMITH"},{"floor":32,"key":"REST"},{"floor":49,"key":"REST"}],"path_taken":["M","M","$","?","M","R","M","M","T","M","?","E","$","M","R","BOSS","M","?","?","$","M","R","E","?","T","M","M","R","M","?","R","BOSS","M","?","$","?","M","E","?","?","T","$","M","?","?","M","R","BOSS"],"build_version":"2018-06-14v2","seed_source_timestamp":3517994381326014,"purchased_purges":0,"victory":false,"master_deck":["Infernal Blade","Backstab","Aggregate","Clothesline","Hologram","Go for the Eyes","Gash","Uppercut+1","Deflect","Seeing Red","Gash","Whirlwind+1","Prepared","Rip and Tear","Flame Barrier","Armaments+1","Gash","Flying Knee","Doubt","Steam","Power Through","Flex","Rebound","Turbo","Feel No Pain","Calculated Gamble","Die Die Die","Conserve Battery","Predator","Escape Plan","Footwork+1","Headbutt+1","Envenom","Night Terror","Gash","PiercingWail+1","Writhe","Chill+1","Footwork+1","Disarm","Feel No Pain+1","Footwork+1","Apotheosis","Secret Technique"],"max_hp_per_floor":[80,80,80,80,80,80,80,80,80,80,80,80,80,80,80,80,80,80,80,80,80,80,80,80,80,80,80,80,80,80,80,80,80,80,80,80,80,86,86,86,75,75,75,75,75,75,75,75,75,75],"special_seed":50471966854428,"relics":["Burning Blood","Ancient Tea Set","Ornamental Fan","Question Card","Runic Dome","Boot","Darkstone Periapt","Fusion Hammer","Du-Vu Doll","Blood Vial","Blue Candle","Frozen Egg 2","Red Mask"],"card_choices":[{"not_picked":["Stack","Distraction"],"picked":"Infernal Blade","floor":0},{"not_picked":["Melter","Flex"],"picked":"Backstab","floor":0},{"not_picked":["Bloodletting","Riddle With Holes"],"picked":"Aggregate","floor":0},{"not_picked":["Ball Lightning","Perfected Strike"],"picked":"Clothesline","floor":0},{"not_picked":["Reinforced Body","Flex"],"picked":"Hologram","floor":0},{"not_picked":["Havoc","Cleave"],"picked":"Go for the Eyes","floor":0},{"not_picked":["Cold Snap","Acrobatics"],"picked":"Gash","floor":0},{"not_picked":["Accuracy","Prepared"],"picked":"Uppercut","floor":0},{"not_picked":["Streamline","Iron Wave"],"picked":"Deflect","floor":0},{"not_picked":["Cold Snap","Anger"],"picked":"Seeing Red","floor":0},{"not_picked":["Thunderclap","Rupture"],"picked":"Gash","floor":0},{"not_picked":["Steam","Rip and Tear"],"picked":"Whirlwind","floor":0},{"not_picked":["Blade Dance","Havoc"],"picked":"Prepared","floor":0},{"not_picked":["Crippling Poison","Havoc"],"picked":"Rip and Tear","floor":0},{"not_picked":["Coolheaded","Dagger Spray"],"picked":"Flame Barrier","floor":0},{"not_picked":["Backflip","Poisoned Stab"],"picked":"Armaments","floor":1},{"not_picked":["Masterful Stab","Skewer"],"picked":"Gash","floor":2},{"not_picked":["All Out Attack","Capacitor"],"picked":"Steam","floor":5},{"not_picked":["Perfected Strike","Concentrate"],"picked":"Power Through","floor":7},{"not_picked":["Havoc","Streamline"],"picked":"Flex","floor":8},{"not_picked":["Clothesline","Intimidate","Armaments"],"picked":"SKIP","floor":10},{"not_picked":["Flying Knee","Dropkick"],"picked":"Rebound","floor":11},{"not_picked":["Bullet Time","Burst"],"picked":"Turbo","floor":12},{"not_picked":["Genetic Algorithm","Glacier","Flying Knee"],"picked":"Calculated Gamble","floor":14},{"not_picked":["Barricade","Multi-Cast","Grand Finale"],"picked":"Die Die Die","floor":16},{"not_picked":["Reflex+1","Sweeping Beam","Acrobatics","Stack"],"picked":"SKIP","floor":18},{"not_picked":["Thunder Strike","Wild Strike","Consume"],"picked":"Conserve Battery","floor":20},{"not_picked":["Distraction+1","Acrobatics","Streamline"],"picked":"Predator","floor":22},{"not_picked":["Thunderclap","Heavy Blade","Stack","Tempest"],"picked":"SKIP","floor":24},{"not_picked":["Conserve Battery","Bane","Tactician"],"picked":"Escape Plan","floor":27},{"not_picked":["Chaos","Hologram","Predator"],"picked":"Footwork","floor":28},{"not_picked":["Flying Knee","Warcry","Recycle"],"picked":"Headbutt+1","floor":30},{"not_picked":["Acrobatics","Riddle With Holes","Dodge and Roll+1"],"picked":"Envenom","floor":31},{"not_picked":["Bullet Time","Fission","Brutality"],"picked":"Night Terror","floor":33},{"not_picked":["Predator","Iron Wave+1","Storm"],"picked":"Gash","floor":35},{"not_picked":["Whirlwind","Searing Blow+1","Flex"],"picked":"PiercingWail+1","floor":36},{"not_picked":["Acrobatics+1","Heel Hook","Sword Boomerang+1"],"picked":"Chill+1","floor":39},{"not_picked":["FTL","Biased Cognition","Rebound"],"picked":"Footwork+1","floor":40},{"not_picked":["Streamline+1","Bane","Gash"],"picked":"Disarm","floor":42},{"not_picked":["Hologram","Backflip","Dagger Spray"],"picked":"Footwork+1","floor":45},{"not_picked":["Dramatic Entrance","Deep Breath","Madness"],"picked":"Apotheosis","floor":46},{"not_picked":["Apotheosis","Trip","Bandage Up"],"picked":"Secret Technique","floor":46},{"not_picked":["Cleave+1","Prepared+1","Warcry","Heatsinks+1"],"picked":"SKIP","floor":48}],"player_experience":870987,"potions_floor_usage":[33,33,33,36,40,48,50,50],"damage_taken":[{"damage":6,"enemies":"2 Louse","floor":1,"turns":2},{"damage":0,"enemies":"Small Slimes","floor":2,"turns":2},{"damage":2,"enemies":"Cultist","floor":5,"turns":3},{"damage":3,"enemies":"3 Louse","floor":7,"turns":2},{"damage":9,"enemies":"Looter","floor":8,"turns":3},{"damage":11,"enemies":"Exordium Wildlife","floor":10,"turns":4},{"damage":0,"enemies":"Lots of Slimes","floor":11,"turns":2},{"damage":10,"enemies":"Gremlin Nob","floor":12,"turns":4},{"damage":0,"enemies":"Large Slime","floor":14,"turns":4},{"damage":26,"enemies":"The Guardian","floor":16,"turns":7},{"damage":0,"enemies":"Chosen","floor":18,"turns":4},{"damage":10,"enemies":"Shell Parasite","floor":20,"turns":3},{"damage":10,"enemies":"3 Cultists","floor":22,"turns":5},{"damage":20,"enemies":"Gremlin Leader","floor":24,"turns":5},{"damage":0,"enemies":"Chosen and Byrds","floor":27,"turns":5},{"damage":27,"enemies":"Slaver and Parasite","floor":28,"turns":7},{"damage":15,"enemies":"Centurion and Healer","floor":30,"turns":7},{"damage":0,"enemies":"Snecko","floor":31,"turns":4},{"damage":42,"enemies":"Champ","floor":33,"turns":9},{"damage":21,"enemies":"3 Shapes","floor":35,"turns":5},{"damage":32,"floor":36,"turns":6},{"damage":11,"enemies":"Orb Walker","floor":39,"turns":2},{"damage":54,"enemies":"2 Orb Walkers","floor":40,"turns":5},{"damage":19,"enemies":"3 Darklings","floor":42,"turns":6},{"damage":7,"enemies":"4 Shapes","floor":45,"turns":6},{"damage":24,"enemies":"Sphere and 2 Shapes","floor":48,"turns":5},{"damage":68,"enemies":"Awakened One","floor":50,"turns":11}],"relics_obtained":[{"floor":9,"key":"Ancient Tea Set"},{"floor":12,"key":"Ornamental Fan"},{"floor":24,"key":"Boot"},{"floor":26,"key":"Darkstone Periapt"},{"floor":36,"key":"Du-Vu Doll"},{"floor":40,"key":"Blood Vial"},{"floor":43,"key":"Blue Candle"}],"event_choices":[{"event_name":"Liars Game","player_choice":"agreed","floor":4,"damage_taken":0},{"event_name":"Beggar","player_choice":"Ignored","floor":19,"damage_taken":0},{"event_name":"Vampires","player_choice":"Ignored","floor":25,"damage_taken":0},{"event_name":"Mysterious Sphere","player_choice":"Fight","floor":36,"damage_taken":0},{"event_name":"Winding Halls","player_choice":"Writhe","floor":38,"damage_taken":0},{"event_name":"The Moai Head","player_choice":"Heal","floor":41,"damage_taken":0},{"event_name":"SensoryStone","player_choice":"Memory 3","floor":46,"damage_taken":0},{"event_name":"Tomb of Lord Red Mask","player_choice":"Paid","floor":47,"damage_taken":0}],"boss_relics":[{"not_picked":["Snecko Eye","Runic Cube"],"picked":"Runic Dome"},{"not_picked":["Tiny House","Runic Pyramid"],"picked":"Fusion Hammer"}],"items_purged_floors":[],"is_endless":false,"potions_floor_spawned":[2,5,7,12,18,22,30,31,33,35,39,40,48],"seed_played":"-2856854038515637206","killed_by":"Awakened One","ascension_level":0,"potions_obtained":[{"floor":2,"key":"Strength Potion"},{"floor":5,"key":"SneckoOil"},{"floor":7,"key":"Weak Potion"},{"floor":30,"key":"FearPotion"},{"floor":33,"key":"SpeedPotion"},{"floor":35,"key":"Ancient Potion"},{"floor":39,"key":"Dexterity Potion"},{"floor":40,"key":"Block Potion"},{"floor":48,"key":"Poison Potion"}],"is_trial":true}