{"gold_per_floor":[117,7,23,36,1,1,30,44,67,67,81,81,144,162,162,162],"floor_reached":16,"playtime":485,"items_purged":[],"score":207,"play_id":"7b3781cd-b0b0-4033-9bdb-37f30d1f1904","local_time":"20180915153321","is_ascension_mode":true,"campfire_choices":[{"data":"Bash","floor":6,"key":"SMITH"},{"data":"Armaments","floor":10,"key":"SMITH"},{"data":"Twin Strike","floor":15,"key":"SMITH"}],"neow_cost":"PERCENT_DAMAGE","seed_source_timestamp":131286895728551,"circlet_count":0,"master_deck":["Strike_R","Strike_R","Strike_R","Strike_R","Strike_R","Defend_R","Defend_R","Defend_R","Defend_R","Bash+1","AscendersBane","Armaments+1","Twin Strike+1","True Grit+1","Wild Strike","Pummel","Shrug It Off","Clothesline","Twin Strike","Headbutt"],"relics":["Burning Blood","Unceasing Top","Dream Catcher","Strawberry","Tiny Chest"],"potions_floor_usage":[13,13,14],"damage_taken":[{"damage":9,"enemies":"Jaw Worm","floor":1,"turns":5},{"damage":0,"enemies":"Cultist","floor":3,"turns":3},{"damage":1,"enemies":"2 Louse","floor":4,"turns":2},{"damage":30,"enemies":"Lagavulin","floor":7,"turns":6},{"damage":4,"enemies":"Blue Slaver","floor":8,"turns":6},{"damage":1,"enemies":"2 Fungi Beasts","floor":11,"turns":4},{"damage":5,"enemies":"Gremlin Nob","floor":13,"turns":4},{"damage":8,"enemies":"3 Louse","floor":14,"turns":4},{"damage":65,"enemies":"Slime Boss","floor":16,"turns":11}],"seed_played":"4016468418926747990","potions_obtained":[{"floor":3,"key":"EssenceOfSteel"},{"floor":7,"key":"Block Potion"},{"floor":13,"key":"Energy Potion"}],"is_trial":false,"path_per_floor":["M","$","M","M","?","R","E","M","T","R","M","?","E","M","R"],"character_chosen":"IRONCLAD","items_purchased":["Twin Strike","True Grit"],"campfire_rested":0,"item_purchase_floors":[2,2],"current_hp_per_floor":[47,47,53,58,75,75,51,53,60,60,65,65,66,64,64,0],"gold":162,"neow_bonus":"ONE_RARE_RELIC","is_prod":false,"is_daily":false,"chose_seed":false,"campfire_upgraded":3,"win_rate":0,"timestamp":1537018401,"path_taken":["M","$","M","M","?","R","E","M","T","R","M","?","E","M","R","BOSS"],"build_version":"2018-09-06","purchased_purges":0,"victory":false,"max_hp_per_floor":[75,75,75,75,75,75,75,75,82,82,82,82,82,82,82,82],"card_choices":[{"not_picked":["Perfected Strike","True Grit"],"picked":"Armaments","floor":1},{"not_picked":["Anger","Armaments"],"picked":"Wild Strike","floor":3},{"not_picked":["Thunderclap","Clash"],"picked":"Pummel","floor":4},{"not_picked":["Armaments","Brutality"],"picked":"Shrug It Off","floor":7},{"not_picked":["Inflame","Shrug It Off"],"picked":"Clothesline","floor":8},{"not_picked":["Wild Strike","Searing Blow","Blood for Blood"],"picked":"SKIP","floor":11},{"not_picked":["Power Through","Metallicize"],"picked":"Twin Strike","floor":13},{"not_picked":["Wild Strike","Sever Soul"],"picked":"Headbutt","floor":14}],"player_experience":1442895,"relics_obtained":[{"floor":7,"key":"Dream Catcher"},{"floor":9,"key":"Strawberry"},{"floor":13,"key":"Tiny Chest"}],"event_choices":[{"event_name":"The Cleric","player_choice":"Healed","floor":5,"damage_taken":0},{"event_name":"Living Wall","player_choice":"Grow","floor":12,"damage_taken":0}],"is_beta":false,"boss_relics":[],"items_purged_floors":[],"is_endless":false,"potions_floor_spawned":[3,7,13],"killed_by":"Slime Boss","ascension_level":17}