{"gold_per_floor":[368,443,457,211,211,211,231,565,565,581,581,591,603,603],"floor_reached":14,"playtime":408,"items_purged":["Decay"],"score":161,"play_id":"5ba5d516-8ae0-4a3b-bbdf-f16c8c599f47","local_time":"20180707021827","is_ascension_mode":true,"campfire_choices":[{"data":"Evolve","floor":6,"key":"SMITH"}],"neow_cost":"CURSE","seed_source_timestamp":911063318416879,"circlet_count":0,"master_deck":["Strike_R","Strike_R","Strike_R","Strike_R","Strike_R","Defend_R","Defend_R","Defend_R","Defend_R","Bash+1","AscendersBane","Wild Strike","Evolve+1","Shrug It Off","Demon Form","True Grit","Twin Strike","Perfected Strike"],"relics":["Burning Blood","Ancient Tea Set","Old Coin","Incense Burner","NlothsMask"],"potions_floor_usage":[8,12],"damage_taken":[{"damage":1,"enemies":"Jaw Worm","floor":1,"turns":5},{"damage":7,"enemies":"2 Louse","floor":3,"turns":3},{"damage":0,"enemies":"Cultist","floor":7,"turns":2},{"damage":33,"enemies":"Lagavulin","floor":8,"turns":7},{"damage":8,"enemies":"3 Louse","floor":10,"turns":5},{"damage":23,"enemies":"Lots of Slimes","floor":12,"turns":6},{"damage":15,"enemies":"Large Slime","floor":13,"turns":7},{"damage":17,"enemies":"Exordium Thugs","floor":14,"turns":1}],"seed_played":"6628933969406005369","potions_obtained":[{"floor":7,"key":"Fire Potion"},{"floor":10,"key":"Poison Potion"},{"floor":13,"key":"FearPotion"}],"is_trial":false,"path_per_floor":["M","?","M","$","?","R","M","E","T","M","?","M","M"],"character_chosen":"IRONCLAD","items_purchased":["Shrug It Off","Ancient Tea Set"],"campfire_rested":0,"item_purchase_floors":[4,4],"current_hp_per_floor":[73,62,61,61,61,61,67,40,40,38,38,21,12,0],"gold":603,"neow_bonus":"TWO_FIFTY_GOLD","is_prod":false,"is_daily":false,"chose_seed":false,"campfire_upgraded":1,"win_rate":0,"timestamp":1530922707,"path_taken":["M","?","M","$","?","R","?","E","T","M","?","M","M","M"],"build_version":"2018-07-05","purchased_purges":1,"victory":false,"max_hp_per_floor":[75,75,75,75,75,75,75,75,75,75,75,75,75,75],"card_choices":[{"not_picked":["Pummel","Clash"],"picked":"Wild Strike","floor":1},{"not_picked":["Bloodletting","Flex"],"picked":"Evolve","floor":3},{"not_picked":["Iron Wave","Entrench","Infernal Blade"],"picked":"SKIP","floor":7},{"not_picked":["Battle Trance","Reaper"],"picked":"Demon Form","floor":8},{"not_picked":["Warcry","Reckless Charge"],"picked":"True Grit","floor":10},{"not_picked":["Dropkick","Clash"],"picked":"Twin Strike","floor":12},{"not_picked":["Flex","Body Slam"],"picked":"Perfected Strike","floor":13}],"player_experience":990325,"relics_obtained":[{"floor":8,"key":"Old Coin"},{"floor":9,"key":"Incense Burner"}],"event_choices":[{"event_name":"World of Goop","player_choice":"Gather Gold","floor":2,"damage_taken":0},{"event_name":"Upgrade Shrine","player_choice":"Upgraded","floor":5,"damage_taken":0},{"event_name":"FaceTrader","player_choice":"Trade","floor":11,"damage_taken":0}],"boss_relics":[],"items_purged_floors":[4],"is_endless":false,"potions_floor_spawned":[7,10,13],"killed_by":"Exordium Thugs","ascension_level":15}