{"gold_per_floor":[113,53,64,82,101,134,134,33,33,49,59,59,71,81,81,184,184,200,200,9,25,36,36,56,56,101,101],"floor_reached":27,"playtime":2435,"items_purged":[],"score":219,"play_id":"a339b4bf-0d52-4c26-a8f2-e99b353c7b8e","local_time":"20190127234318","is_ascension_mode":false,"campfire_choices":[{"data":"Metallicize","floor":7,"key":"SMITH"},{"data":"1","floor":12,"key":"LIFT"},{"floor":15,"key":"REST"},{"data":"2","floor":23,"key":"LIFT"},{"data":"3","floor":25,"key":"LIFT"}],"neow_cost":"","seed_source_timestamp":354770538063149,"circlet_count":0,"master_deck":["Strike_R","Strike_R","Strike_R","Strike_R","Strike_R","Defend_R","Defend_R","Defend_R","Defend_R","Bash","Reckless Charge","Perfected Strike","Shrug It Off","Metallicize+1","Cleave","Flame Barrier","Fire Breathing+1","Iron Wave","Bloodletting","Body Slam","Anger","Barricade+1","Rupture+1","Writhe","Bash","Panache+1","Armaments","Armaments+1","Demon Form+1","Iron Wave"],"relics":["Burning Blood","Girya","Frozen Egg 2","Torii","White Beast Statue","Anchor"],"potions_floor_usage":[6,18,22,22,22,24],"damage_taken":[{"damage":16,"enemies":"2 Louse","floor":1,"turns":4},{"damage":0,"enemies":"Cultist","floor":3,"turns":3},{"damage":6,"enemies":"Jaw Worm","floor":4,"turns":2},{"damage":32,"enemies":"Lots of Slimes","floor":5,"turns":7},{"damage":8,"enemies":"Lagavulin","floor":6,"turns":9},{"damage":12,"enemies":"Gremlin Gang","floor":10,"turns":5},{"damage":1,"enemies":"Red Slaver","floor":11,"turns":5},{"damage":4,"enemies":"Exordium Thugs","floor":13,"turns":3},{"damage":1,"enemies":"3 Louse","floor":14,"turns":2},{"damage":47,"enemies":"The Guardian","floor":16,"turns":13},{"damage":15,"enemies":"Spheric Guardian","floor":18,"turns":7},{"damage":5,"enemies":"Chosen","floor":21,"turns":5},{"damage":15,"enemies":"3 Cultists","floor":22,"turns":6},{"damage":39,"enemies":"Centurion and Healer","floor":24,"turns":11},{"damage":34,"enemies":"Shelled Parasite and Fungi","floor":27,"turns":3}],"seed_played":"-5110215404709582926","potions_obtained":[{"floor":5,"key":"Strength Potion"},{"floor":10,"key":"PowerPotion"},{"floor":11,"key":"Dexterity Potion"},{"floor":16,"key":"Explosive Potion"},{"floor":18,"key":"SteroidPotion"},{"floor":21,"key":"Block Potion"},{"floor":22,"key":"AttackPotion"},{"floor":24,"key":"GamblersBrew"}],"is_trial":false,"path_per_floor":["M","?","M","M","M","E","R","$","T","M","M","R","M","M","R","B",null,"M","?","$","M","M","R","M","R","T","M"],"character_chosen":"IRONCLAD","items_purchased":["Flame Barrier","Fire Breathing+1","Panache+1","Armaments"],"campfire_rested":1,"item_purchase_floors":[8,8,20,20],"current_hp_per_floor":[70,70,76,76,50,48,48,48,48,42,47,47,49,54,78,37,80,71,71,71,72,63,63,30,30,30,0],"gold":101,"neow_bonus":"","is_prod":false,"is_daily":false,"chose_seed":false,"campfire_upgraded":1,"win_rate":0.0,"timestamp":1548628998,"path_taken":["M","?","?","?","?","E","R","$","T","M","?","R","M","M","R","BOSS","M","?","$","M","?","R","M","R","T","M"],"build_version":"2019-01-23","purchased_purges":0,"victory":false,"max_hp_per_floor":[80,80,80,80,80,80,80,80,80,80,80,80,80,80,80,80,80,80,80,80,80,80,80,80,80,80,80],"card_choices":[{"not_picked":["Clothesline","Headbutt"],"picked":"Reckless Charge","floor":1},{"not_picked":["Entrench","Seeing Red"],"picked":"Perfected Strike","floor":3},{"not_picked":["Sword Boomerang","Seeing Red"],"picked":"Shrug It Off","floor":4},{"not_picked":["Twin Strike","Dual Wield"],"picked":"Metallicize","floor":5},{"not_picked":["Thunderclap","Double Tap"],"picked":"Cleave","floor":6},{"not_picked":["Reckless Charge","Metallicize+1"],"picked":"Iron Wave","floor":10},{"not_picked":["Clothesline","Reckless Charge"],"picked":"Bloodletting","floor":11},{"not_picked":["Twin Strike","Iron Wave"],"picked":"Body Slam","floor":13},{"not_picked":["Clash","Cleave"],"picked":"Anger","floor":14},{"not_picked":["Impervious","Double Tap"],"picked":"Barricade+1","floor":16},{"not_picked":["Warcry+1","Clothesline"],"picked":"Rupture+1","floor":18},{"not_picked":["Sword Boomerang","Burning Pact"],"picked":"Armaments+1","floor":21},{"not_picked":["Iron Wave","Cleave"],"picked":"Demon Form+1","floor":22},{"not_picked":["Shrug It Off","Body Slam+1"],"picked":"Iron Wave","floor":24}],"player_experience":0,"relics_obtained":[{"floor":6,"key":"Frozen Egg 2"},{"floor":9,"key":"Torii"},{"floor":26,"key":"Anchor"}],"event_choices":[{"damage_healed":0,"gold_gain":0,"player_choice":"Paid Gold","damage_taken":0,"relics_obtained":["Girya"],"max_hp_gain":0,"max_hp_loss":0,"event_name":"WeMeetAgain","floor":2,"gold_loss":60},{"damage_healed":0,"gold_gain":0,"player_choice":"2 cards matched","damage_taken":0,"max_hp_gain":0,"max_hp_loss":0,"event_name":"Match and Keep!","floor":19,"gold_loss":0,"cards_obtained":["Writhe","Bash"]}],"is_beta":false,"boss_relics":[{"not_picked":["Coffee Dripper","Ectoplasm"],"picked":"White Beast Statue"}],"items_purged_floors":[],"is_endless":false,"potions_floor_spawned":[5,10,11,16,18,21,22,24],"killed_by":"Shelled Parasite and Fungi","ascension_level":0}