{"gold_per_floor":[115,44,44,319,67,122,139,48,72,99,139,157,184,215,215,306,306,322,340,84,94,134,134,161,161,161,38,38,38,38,77,77,153,153,191,191,66,99,115,115,167,167,236,262,262,308,308,334,334,354],"floor_reached":51,"playtime":3997,"items_purged":["Regret","Strike_G","Strike_G"],"score":1399,"play_id":"59e864cb-ece5-44dd-a38a-d5a7b4609d07","local_time":"20190210143213","is_ascension_mode":true,"campfire_choices":[{"data":"Footwork","floor":15.0,"key":"SMITH"},{"data":"After Image","floor":23.0,"key":"SMITH"},{"data":"Footwork","floor":25.0,"key":"SMITH"},{"data":"Caltrops","floor":28.0,"key":"SMITH"},{"data":"Leg Sweep","floor":32.0,"key":"SMITH"},{"data":"Burst","floor":40,"key":"SMITH"},{"data":"Acrobatics","floor":42,"key":"SMITH"},{"data":"PiercingWail","floor":47,"key":"SMITH"},{"data":"Blur","floor":49,"key":"SMITH"}],"neow_cost":"NONE","seed_source_timestamp":80189151813600,"circlet_count":0,"master_deck":["AscendersBane","Defend_G","Defend_G","Defend_G","Defend_G","Defend_G","Strike_G+1","Survivor","Neutralize+1","Dash","Footwork+1","HandOfGreed","Storm of Steel","Skewer+1","Flash of Steel+1","PiercingWail+1","Dagger Spray+1","Footwork+1","Well Laid Plans","Poisoned Stab+1","After Image+1","Sucker Punch+1","Escape Plan","Caltrops+1","Infinite Blades","Escape Plan","Endless Agony+1","Blur+1","Backflip","Leg Sweep+1","Burst+1","Acrobatics+1","Finisher+1","Dagger Spray+1","Escape Plan","Backflip","Unload+1"],"special_seed":0,"relics":["Ring of the Snake","NeowsBlessing","Molten Egg 2","Pen Nib","Whetstone","Bird Faced Urn","Philosopher\u0027s Stone","Bag of Preparation","Gremlin Horn","Sozu","Question Card","Shuriken","Snake Skull","Thread and Needle","Mango","Oddly Smooth Stone"],"potions_floor_usage":[33,44],"damage_taken":[{"damage":0.0,"enemies":"Cultist","floor":1.0,"turns":1.0},{"damage":0.0,"enemies":"Lagavulin","floor":6.0,"turns":2.0},{"damage":0.0,"enemies":"Jaw Worm","floor":7.0,"turns":1.0},{"damage":1.0,"enemies":"Gremlin Nob","floor":10.0,"turns":4.0},{"damage":0.0,"enemies":"Small Slimes","floor":11.0,"turns":2.0},{"damage":0.0,"enemies":"Looter","floor":12.0,"turns":2.0},{"damage":25.0,"enemies":"Lagavulin","floor":13.0,"turns":6.0},{"damage":1.0,"enemies":"2 Fungi Beasts","floor":14.0,"turns":4.0},{"damage":23.0,"enemies":"The Guardian","floor":16.0,"turns":13.0},{"damage":0.0,"enemies":"Spheric Guardian","floor":18.0,"turns":3.0},{"damage":2.0,"enemies":"Chosen","floor":19.0,"turns":3.0},{"damage":3.0,"enemies":"Snecko","floor":21.0,"turns":6.0},{"damage":13.0,"enemies":"Centurion and Healer","floor":22.0,"turns":7.0},{"damage":24.0,"enemies":"Book of Stabbing","floor":24.0,"turns":7.0},{"damage":7.0,"enemies":"3 Cultists","floor":31.0,"turns":5.0},{"damage":20,"enemies":"Collector","floor":33,"turns":14},{"damage":0,"enemies":"Orb Walker","floor":35,"turns":3},{"damage":0,"enemies":"3 Darklings","floor":38,"turns":5},{"damage":1,"enemies":"Writhing Mass","floor":39,"turns":8},{"damage":4,"enemies":"Nemesis","floor":41,"turns":9},{"damage":0,"enemies":"Reptomancer","floor":44,"turns":8},{"damage":7,"enemies":"2 Orb Walkers","floor":46,"turns":6},{"damage":2,"enemies":"Giant Head","floor":48,"turns":6},{"damage":34,"enemies":"Awakened One","floor":50,"turns":18}],"seed_played":"2978522760195643432","potions_obtained":[{"floor":1.0,"key":"GhostInAJar"},{"floor":7.0,"key":"SpeedPotion"},{"floor":12.0,"key":"EssenceOfSteel"},{"floor":24.0,"key":"Explosive Potion"},{"floor":31.0,"key":"GhostInAJar"},{"floor":33,"key":"Fire Potion"}],"is_trial":false,"path_per_floor":["?","?","M","?","$","?","M","T","?"],"character_chosen":"THE_SILENT","items_purchased":["Footwork","HandOfGreed","Flash of Steel+1","Escape Plan","Caltrops","Blur","Backflip"],"campfire_rested":0,"item_purchase_floors":[2,5,8,20,20,27,27],"current_hp_per_floor":[59,59,52,52,52,52,52,52,52,51,51,51,26,31,31,14,53,57,61,61,63,59,59,42,42,42,42,42,42,42,47,47,39,59,66,66,66,66,66,66,64,64,64,66,66,75,75,78,78,54],"gold":354,"neow_bonus":"THREE_ENEMY_KILL","is_prod":false,"is_daily":false,"chose_seed":false,"campfire_upgraded":9,"win_rate":0,"timestamp":1549776733,"path_taken":["M","$","?","?","$","E","M","$","T","E","M","?","E","M","R","BOSS","M","M","$","M","M","R","E","R","T","$","R","?","?","M","R","BOSS","M","?","$","M","?","R","E","R","T","E","?","?","R","E","R","BOSS"],"build_version":"2019-01-23","purchased_purges":3,"victory":true,"max_hp_per_floor":[66,66,66,66,66,66,66,66,66,66,66,66,66,66,66,66,66,66,66,66,66,66,66,66,66,66,66,66,66,66,66,66,66,66,66,66,66,66,66,66,66,66,66,66,66,80,80,80,80,80],"card_choices":[{"not_picked":["Riddle With Holes","Cloak And Dagger"],"picked":"Dash","floor":1.0},{"not_picked":["Flechettes","Outmaneuver"],"picked":"Storm of Steel","floor":6.0},{"not_picked":["Slice+1","Infinite Blades"],"picked":"Skewer+1","floor":7.0},{"not_picked":["Eviscerate+1","Prepared"],"picked":"PiercingWail","floor":10.0},{"not_picked":["Underhanded Strike+1","Caltrops"],"picked":"Dagger Spray+1","floor":11.0},{"not_picked":["Backstab+1","Slice+1"],"picked":"Footwork","floor":12.0},{"not_picked":["Blade Dance","Cloak And Dagger"],"picked":"Well Laid Plans","floor":13.0},{"not_picked":["Slice+1","Bane+1"],"picked":"Poisoned Stab+1","floor":14.0},{"not_picked":["Doppelganger","A Thousand Cuts"],"picked":"After Image","floor":16.0},{"not_picked":["Deflect","Dash+1"],"picked":"Sucker Punch+1","floor":18.0},{"not_picked":["Catalyst","Deadly Poison","Distraction"],"picked":"SKIP","floor":19.0},{"not_picked":["Backstab+1","Blade Dance"],"picked":"Infinite Blades","floor":21.0},{"not_picked":["Poisoned Stab+1","Deflect+1"],"picked":"Escape Plan","floor":22.0},{"not_picked":["Slice+1","Flying Knee+1"],"picked":"Endless Agony+1","floor":24.0},{"not_picked":["Choke+1","Catalyst"],"picked":"Leg Sweep","floor":31.0},{"not_picked":["Doppelganger","A Thousand Cuts"],"picked":"Burst","floor":33},{"not_picked":["Dodge and Roll+1","Noxious Fumes+1"],"picked":"Acrobatics","floor":35},{"not_picked":["Bane+1","Concentrate"],"picked":"Finisher+1","floor":38},{"not_picked":["Masterful Stab+1","Prepared"],"picked":"Dagger Spray+1","floor":39},{"not_picked":["Underhanded Strike+1","Setup"],"picked":"Escape Plan","floor":41},{"not_picked":["Tactician","Reflex","Blade Dance","Sucker Punch+1"],"picked":"SKIP","floor":44},{"not_picked":["Choke+1","Dagger Spray+1","Bane+1"],"picked":"Backflip","floor":46},{"not_picked":["Eviscerate+1","Outmaneuver","Prepared+1"],"picked":"Unload+1","floor":48}],"player_experience":315123,"relics_obtained":[{"floor":6.0,"key":"Molten Egg 2"},{"floor":9.0,"key":"Pen Nib"},{"floor":10.0,"key":"Whetstone"},{"floor":13.0,"key":"Bird Faced Urn"},{"floor":24.0,"key":"Bag of Preparation"},{"floor":26.0,"key":"Gremlin Horn"},{"floor":41,"key":"Question Card"},{"floor":43,"key":"Shuriken"},{"floor":44,"key":"Snake Skull"},{"floor":45,"key":"Thread and Needle"},{"floor":46,"key":"Mango"},{"floor":48,"key":"Oddly Smooth Stone"}],"event_choices":[{"cards_removed":["Strike_G"],"damage_healed":0.0,"max_hp_gain":0.0,"max_hp_loss":0.0,"gold_gain":0.0,"event_name":"Golden Wing","player_choice":"Card Removal","floor":3.0,"gold_loss":0.0,"damage_taken":7.0},{"damage_healed":0.0,"max_hp_gain":0.0,"max_hp_loss":0.0,"gold_gain":275.0,"event_name":"Golden Shrine","player_choice":"Desecrate","floor":4.0,"gold_loss":0.0,"damage_taken":0.0,"cards_obtained":["Regret"]},{"damage_healed":0.0,"max_hp_gain":0.0,"max_hp_loss":0.0,"gold_gain":0.0,"event_name":"Vampires","player_choice":"Ignored","floor":29.0,"gold_loss":0.0,"damage_taken":0.0},{"cards_removed":["Strike_G"],"damage_healed":0,"gold_gain":0,"player_choice":"Card Removal","damage_taken":0,"max_hp_gain":0,"max_hp_loss":0,"event_name":"Wheel of Change","floor":36,"gold_loss":0},{"damage_healed":0,"gold_gain":0,"player_choice":"Fight","damage_taken":0,"max_hp_gain":0,"max_hp_loss":0,"event_name":"Mysterious Sphere","floor":46,"gold_loss":0}],"is_beta":false,"boss_relics":[{"not_picked":["Runic Pyramid","Runic Dome"],"picked":"Philosopher\u0027s Stone"},{"not_picked":["Lizard Tail","Busted Crown"],"picked":"Sozu"}],"items_purged_floors":[5,20,37],"is_endless":false,"potions_floor_spawned":[1,7,12,24,31,33,38,44,48],"ascension_level":15}