{"gold_per_floor":[110,110,110,63,81,81,108,124,124,149,149,166,185,108,108,213,213,233,248,23,203,50,50,109,109,109,140,156,176,205,253,253,354,354,370,389,389,389,401,431,445,445,471,185,215,215,247,247,247,247],"floor_reached":51,"playtime":1819,"items_purged":["Strike_R"],"score":941,"play_id":"6e0a91df-3e0e-4db9-a4f6-70a88c4df3b6","local_time":"20181109154529","is_ascension_mode":true,"campfire_choices":[{"data":"Bash","floor":6,"key":"SMITH"},{"data":"True Grit","floor":11,"key":"SMITH"},{"data":"Uppercut","floor":15,"key":"SMITH"},{"data":"True Grit","floor":23,"key":"SMITH"},{"floor":25,"key":"REST"},{"data":"Limit Break","floor":32,"key":"SMITH"},{"floor":42,"key":"REST"},{"floor":46,"key":"REST"},{"floor":49,"key":"REST"}],"neow_cost":"CURSE","seed_source_timestamp":3998832321980444,"circlet_count":0,"master_deck":["Strike_R","Strike_R","Defend_R","Defend_R+1","Defend_R","Bash+1","Normality","True Grit+1","Shrug It Off","Pommel Strike","Sword Boomerang","Body Slam","True Grit+1","Uppercut+1","Limit Break+1","Immolate","Infernal Blade+1","Offering+1","Pummel","Headbutt","Spot Weakness+1","Exhume","Sentinel+1","True Grit+1"],"relics":["Burning Blood","Du-Vu Doll","Pen Nib","Mango","Self Forming Clay","Singing Bowl","Astrolabe","Medical Kit","Tiny Chest","Bag of Marbles","Bird Faced Urn","Art of War","Ancient Tea Set","Sozu","Kunai","War Paint","Dead Branch","Centennial Puzzle","Frozen Egg 2","Mercury Hourglass"],"potions_floor_usage":[27,27,33,33,50],"damage_taken":[{"damage":15,"enemies":"Small Slimes","floor":1,"turns":5},{"damage":1,"enemies":"Jaw Worm","floor":5,"turns":3},{"damage":31,"enemies":"3 Sentries","floor":7,"turns":10},{"damage":5,"enemies":"2 Louse","floor":8,"turns":2},{"damage":20,"enemies":"Gremlin Nob","floor":10,"turns":4},{"damage":19,"enemies":"Exordium Thugs","floor":12,"turns":6},{"damage":4,"enemies":"Red Slaver","floor":13,"turns":2},{"damage":17,"enemies":"Slime Boss","floor":16,"turns":8},{"damage":10,"enemies":"3 Byrds","floor":18,"turns":5},{"damage":10,"enemies":"Chosen","floor":19,"turns":4},{"damage":41,"enemies":"Slavers","floor":24,"turns":6},{"damage":18,"enemies":"Book of Stabbing","floor":27,"turns":4},{"damage":0,"enemies":"Centurion and Healer","floor":28,"turns":3},{"damage":15,"enemies":"Snecko","floor":29,"turns":3},{"damage":6,"enemies":"Gremlin Leader","floor":30,"turns":2},{"damage":10,"enemies":"Collector","floor":33,"turns":4},{"damage":5,"enemies":"Orb Walker","floor":35,"turns":2},{"damage":23,"enemies":"3 Darklings","floor":36,"turns":4},{"damage":42,"enemies":"Maw","floor":39,"turns":6},{"damage":61,"enemies":"Giant Head","floor":40,"turns":7},{"damage":17,"enemies":"Spire Growth","floor":41,"turns":4},{"damage":60,"enemies":"Reptomancer","floor":45,"turns":5},{"damage":9,"enemies":"Nemesis","floor":47,"turns":3},{"damage":43,"enemies":"Awakened One","floor":50,"turns":9}],"seed_played":"6713801160294942634","potions_obtained":[{"floor":1,"key":"SpeedPotion"},{"floor":8,"key":"Energy Potion"},{"floor":13,"key":"SmokeBomb"},{"floor":27,"key":"SkillPotion"},{"floor":28,"key":"PowerPotion"},{"floor":30,"key":"Strength Potion"},{"floor":33,"key":"LiquidBronze"}],"is_trial":false,"path_per_floor":["M","?","T","$","M","R","E","M","T","E","R","M","M","$","R","B",null,"M","M","$","?","$","R","E","R","T","E","M","M","E","T","R","B",null,"M","M","?","$","M","E","M","R","T","$","E","R","E","T","R","B",null],"character_chosen":"IRONCLAD","items_purchased":["Shrug It Off","Limit Break","Medical Kit","Headbutt","Ancient Potion","Dead Branch"],"campfire_rested":4,"item_purchase_floors":[4,14,20,20,22,44],"current_hp_per_floor":[71,76,76,76,81,81,70,71,71,59,59,46,48,48,48,37,101,99,95,95,65,65,65,30,60,60,50,58,51,53,53,53,51,111,111,96,123,123,89,36,27,65,65,65,13,52,49,49,88,55],"gold":247,"neow_bonus":"ONE_RARE_RELIC","is_prod":false,"is_daily":false,"chose_seed":false,"campfire_upgraded":5,"win_rate":0,"timestamp":1541774729,"path_taken":["M","?","?","$","M","R","E","M","T","E","R","M","M","$","R","BOSS","M","M","$","?","?","R","E","R","T","E","?","M","E","?","R","BOSS","M","M","?","?","?","E","M","R","T","$","E","R","E","?","R","BOSS"],"build_version":"2018-11-08","purchased_purges":1,"victory":true,"max_hp_per_floor":[80,85,85,85,85,85,99,99,99,101,101,101,101,101,101,101,101,103,103,103,103,103,103,103,103,103,105,107,109,111,111,111,111,111,111,113,123,123,125,127,129,129,129,129,131,131,131,131,131,131],"card_choices":[{"not_picked":["Twin Strike","Anger"],"picked":"True Grit","floor":1},{"not_picked":["Shrug It Off","Iron Wave"],"picked":"Pommel Strike","floor":5},{"not_picked":["Rupture","Perfected Strike"],"picked":"Sword Boomerang","floor":7},{"not_picked":["Perfected Strike","Rupture"],"picked":"Body Slam","floor":8},{"not_picked":["Sentinel","Second Wind","Clash"],"picked":"Singing Bowl","floor":10},{"not_picked":["Battle Trance","Thunderclap"],"picked":"True Grit","floor":12},{"not_picked":["Cleave","Intimidate"],"picked":"Uppercut","floor":13},{"not_picked":["Brutality","Feed"],"picked":"Immolate","floor":16},{"not_picked":["Combust","Anger","Flame Barrier"],"picked":"Singing Bowl","floor":18},{"not_picked":["Bloodletting","Blood for Blood"],"picked":"Pummel","floor":19},{"not_picked":["Dropkick","Corruption+1"],"picked":"Spot Weakness","floor":24},{"not_picked":["Shockwave","Whirlwind","Clothesline"],"picked":"Singing Bowl","floor":27},{"not_picked":["Pommel Strike","Shockwave","Havoc"],"picked":"Singing Bowl","floor":28},{"not_picked":["Hemokinesis+1","Combust","Infernal Blade"],"picked":"Singing Bowl","floor":29},{"not_picked":["Armaments","Headbutt","Pommel Strike+1"],"picked":"Singing Bowl","floor":30},{"not_picked":["Barricade","Brutality"],"picked":"Exhume","floor":33},{"not_picked":["Anger","Headbutt"],"picked":"Sentinel+1","floor":35},{"not_picked":["Armaments","Flex","Warcry"],"picked":"Singing Bowl","floor":36},{"not_picked":["Iron Wave+1","Anger","Shockwave"],"picked":"Singing Bowl","floor":39},{"not_picked":["Pommel Strike","Demon Form","Thunderclap+1"],"picked":"Singing Bowl","floor":40},{"not_picked":["Sword Boomerang","Body Slam","Thunderclap"],"picked":"Singing Bowl","floor":41},{"not_picked":["Shockwave+1","Headbutt+1","Clash"],"picked":"Singing Bowl","floor":45},{"not_picked":["Pummel+1","Rage+1"],"picked":"True Grit+1","floor":47}],"player_experience":1629984,"relics_obtained":[{"floor":3,"key":"Pen Nib"},{"floor":7,"key":"Mango"},{"floor":9,"key":"Self Forming Clay"},{"floor":10,"key":"Singing Bowl"},{"floor":24,"key":"Tiny Chest"},{"floor":26,"key":"Bag of Marbles"},{"floor":27,"key":"Bird Faced Urn"},{"floor":30,"key":"Art of War"},{"floor":31,"key":"Ancient Tea Set"},{"floor":40,"key":"Kunai"},{"floor":43,"key":"War Paint"},{"floor":45,"key":"Centennial Puzzle"},{"floor":47,"key":"Frozen Egg 2"},{"floor":48,"key":"Mercury Hourglass"}],"event_choices":[{"damage_healed":0,"gold_gain":0,"player_choice":"Donut","damage_taken":0,"max_hp_gain":5,"max_hp_loss":0,"event_name":"Big Fish","floor":2,"gold_loss":0},{"damage_healed":0,"gold_gain":180,"player_choice":"GOLD GOLD ","damage_taken":30,"max_hp_gain":0,"max_hp_loss":0,"event_name":"Knowing Skull","floor":21,"potions_obtained":[],"gold_loss":0,"cards_obtained":[]},{"cards_removed":["Berserk"],"damage_healed":17,"gold_gain":0,"player_choice":"Offered Rare","damage_taken":0,"max_hp_gain":10,"max_hp_loss":0,"event_name":"Bonfire Elementals","floor":37,"gold_loss":0}],"is_beta":false,"boss_relics":[{"not_picked":["Mark of Pain","Empty Cage"],"picked":"Astrolabe"},{"not_picked":["Busted Crown","Calling Bell"],"picked":"Sozu"}],"items_purged_floors":[22],"is_endless":false,"potions_floor_spawned":[1,8,13,19,27,28,30,33,39,40,41,45],"ascension_level":1}