{"gold_per_floor":[113,113,113,38,38,38,48,48,121,149,160,172,198,215,215,313,313,332,257,257,277,177,209,228,228,228,228,103,117,117,149,149,244,244,260,110,129,140,140,140,157,188,188,188],"floor_reached":44,"playtime":1993,"items_purged":["Strike_R","Anger","Dark Embrace","Battle Trance"],"score":589,"play_id":"0fde9473-51cd-49e3-8d20-5d39048d86a8","local_time":"20181224142418","is_ascension_mode":true,"campfire_choices":[{"data":"Juggernaut","floor":6,"key":"SMITH"},{"data":"Combust","floor":15,"key":"SMITH"},{"data":"Bash","floor":27,"key":"SMITH"},{"data":"Limit Break","floor":30,"key":"SMITH"},{"floor":32,"key":"REST"},{"data":"Dropkick","floor":40,"key":"SMITH"}],"neow_cost":"TEN_PERCENT_HP_LOSS","seed_source_timestamp":1184242748973432,"circlet_count":0,"master_deck":["Defend_R","Defend_R","Defend_R","Bash+1","Combust+1","Juggernaut+1","Shrug It Off","Metallicize","Limit Break+1","Dropkick+1","Dropkick+1","Thunderclap","True Grit+1"],"relics":["Burning Blood","Gremlin Horn","Shuriken","Sundial","Du-Vu Doll","Sozu","Orichalcum","Paper Frog","Busted Crown","Pen Nib","Magic Flower"],"potions_floor_usage":[42],"damage_taken":[{"damage":11,"enemies":"Jaw Worm","floor":1,"turns":5},{"damage":6,"enemies":"2 Louse","floor":7,"turns":3},{"damage":27,"enemies":"Gremlin Nob","floor":10,"turns":5},{"damage":0,"enemies":"Small Slimes","floor":11,"turns":3},{"damage":0,"enemies":"Blue Slaver","floor":12,"turns":3},{"damage":12,"enemies":"3 Sentries","floor":13,"turns":5},{"damage":5,"enemies":"3 Louse","floor":14,"turns":3},{"damage":4,"enemies":"Slime Boss","floor":16,"turns":5},{"damage":4,"enemies":"3 Byrds","floor":18,"turns":3},{"damage":2,"enemies":"Spheric Guardian","floor":21,"turns":4},{"damage":20,"enemies":"Gremlin Leader","floor":23,"turns":4},{"damage":12,"enemies":"Snake Plant","floor":24,"turns":4},{"damage":4,"enemies":"Snecko","floor":29,"turns":4},{"damage":23,"enemies":"Book of Stabbing","floor":31,"turns":4},{"damage":7,"enemies":"Automaton","floor":33,"turns":4},{"damage":1,"enemies":"Orb Walker","floor":35,"turns":3},{"damage":14,"enemies":"3 Darklings","floor":37,"turns":3},{"damage":23,"enemies":"Jaw Worm Horde","floor":38,"turns":4},{"damage":3,"enemies":"Spire Growth","floor":41,"turns":4},{"damage":33,"enemies":"Reptomancer","floor":42,"turns":5},{"damage":46,"enemies":"Nemesis","floor":44,"turns":5}],"seed_played":"5126108577622717139","potions_obtained":[{"floor":11,"key":"Poison Potion"},{"floor":12,"key":"BloodPotion"},{"floor":16,"key":"EntropicBrew"}],"is_trial":false,"path_per_floor":["M","?","?","$","?","R","M","?","T","E","M","M","E","M","R","B",null,"M","?","?","M","$","E","M","?","T","R","$","M","R","E","R","B",null,"M","$","M","M","$","R","M","E","T","E"],"character_chosen":"IRONCLAD","items_purchased":[],"campfire_rested":1,"item_purchase_floors":[],"current_hp_per_floor":[67,67,60,60,65,65,65,62,62,41,47,53,47,48,48,50,77,77,77,77,77,77,63,57,57,57,57,57,59,59,42,65,64,77,77,77,69,52,52,52,55,35,35,0],"gold":188,"neow_bonus":"TRANSFORM_TWO_CARDS","is_prod":false,"is_daily":false,"chose_seed":false,"campfire_upgraded":5,"win_rate":0,"timestamp":1545657858,"path_taken":["M","?","?","$","?","R","M","?","T","E","?","M","E","M","R","BOSS","M","?","?","?","$","E","M","?","T","R","$","M","R","E","R","BOSS","M","$","M","?","$","R","M","E","T","E"],"build_version":"2018-12-20","purchased_purges":4,"victory":false,"max_hp_per_floor":[72,72,72,72,77,77,77,77,77,77,77,77,77,77,77,77,77,77,77,77,77,77,77,77,77,77,77,77,77,77,77,77,77,77,77,77,77,77,77,77,77,77,77,77],"card_choices":[{"not_picked":["Twin Strike","Pommel Strike"],"picked":"Anger","floor":1},{"not_picked":["Pommel Strike","Perfected Strike"],"picked":"Shrug It Off","floor":7},{"not_picked":["Impervious","Exhume"],"picked":"Battle Trance","floor":10},{"not_picked":["Pommel Strike","Dual Wield","Havoc"],"picked":"SKIP","floor":11},{"not_picked":["Cleave","Hemokinesis","Headbutt"],"picked":"SKIP","floor":12},{"not_picked":["Iron Wave","Berserk","Infernal Blade"],"picked":"SKIP","floor":13},{"not_picked":["Twin Strike","Cleave"],"picked":"Metallicize","floor":14},{"not_picked":["Offering","Reaper"],"picked":"Limit Break","floor":16},{"not_picked":["Thunderclap","Pommel Strike"],"picked":"Dropkick","floor":18},{"not_picked":["Combust+1","Whirlwind"],"picked":"Dropkick+1","floor":21},{"not_picked":["Warcry","Twin Strike"],"picked":"Thunderclap","floor":23},{"not_picked":["Seeing Red","Armaments","Warcry+1"],"picked":"SKIP","floor":24},{"not_picked":["Clothesline","Pommel Strike+1","Perfected Strike"],"picked":"SKIP","floor":29},{"not_picked":["Pommel Strike+1","Sentinel","Carnage"],"picked":"SKIP","floor":31},{"not_picked":["Shockwave"],"picked":"SKIP","floor":35},{"not_picked":["Clothesline+1"],"picked":"SKIP","floor":37},{"not_picked":["Flame Barrier+1"],"picked":"SKIP","floor":38},{"not_picked":[],"picked":"True Grit+1","floor":41},{"not_picked":["Havoc"],"picked":"SKIP","floor":42}],"player_experience":1818785,"relics_obtained":[{"floor":9,"key":"Shuriken"},{"floor":10,"key":"Sundial"},{"floor":13,"key":"Du-Vu Doll"},{"floor":23,"key":"Orichalcum"},{"floor":31,"key":"Paper Frog"},{"floor":42,"key":"Pen Nib"},{"floor":43,"key":"Magic Flower"}],"event_choices":[{"cards_removed":["Strike_R"],"damage_healed":0,"gold_gain":0,"player_choice":"Forget","damage_taken":0,"max_hp_gain":0,"max_hp_loss":0,"event_name":"Living Wall","floor":2,"gold_loss":0},{"cards_removed":["Strike_R"],"damage_healed":0,"gold_gain":0,"player_choice":"Card Removal","damage_taken":7,"max_hp_gain":0,"max_hp_loss":0,"event_name":"Golden Wing","floor":3,"gold_loss":0},{"damage_healed":0,"gold_gain":0,"player_choice":"Donut","damage_taken":0,"max_hp_gain":5,"max_hp_loss":0,"event_name":"Big Fish","floor":5,"gold_loss":0},{"damage_healed":0,"gold_gain":0,"player_choice":"Success","damage_taken":3,"relics_obtained":["Gremlin Horn"],"max_hp_gain":0,"max_hp_loss":0,"event_name":"Scrap Ooze","floor":8,"gold_loss":0},{"cards_removed":["Strike_R"],"damage_healed":0,"gold_gain":0,"player_choice":"Gave Gold","damage_taken":0,"max_hp_gain":0,"max_hp_loss":0,"event_name":"Beggar","floor":19,"gold_loss":75},{"damage_healed":0,"gold_gain":0,"player_choice":"1 cards matched","damage_taken":0,"max_hp_gain":0,"max_hp_loss":0,"event_name":"Match and Keep!","floor":20,"gold_loss":0,"cards_obtained":["Dark Embrace"]},{"damage_healed":0,"gold_gain":0,"player_choice":"Ignored","damage_taken":0,"max_hp_gain":0,"max_hp_loss":0,"event_name":"N\u0027loth","floor":25,"gold_loss":0}],"is_beta":false,"boss_relics":[{"not_picked":["Black Star","Mark of Pain"],"picked":"Sozu"},{"not_picked":["Fusion Hammer","Runic Cube"],"picked":"Busted Crown"}],"items_purged_floors":[4,22,28,36],"is_endless":false,"potions_floor_spawned":[11,12,16,21,23,29,38,42],"killed_by":"Nemesis","ascension_level":1}