{"gold_per_floor":[116,129,129,129,183,183,17,17,17,50,25,38,73,87,87,87],"floor_reached":16,"playtime":580,"items_purged":[],"score":216,"play_id":"15e04997-bbb8-4827-ab3c-349fdffd0af1","local_time":"20181112160818","is_ascension_mode":true,"campfire_choices":[{"data":"Bash","floor":6,"key":"SMITH"},{"data":"Feel No Pain","floor":8,"key":"SMITH"},{"data":"True Grit","floor":15,"key":"SMITH"}],"neow_cost":"NONE","seed_source_timestamp":4260656558633481,"circlet_count":0,"master_deck":["AscendersBane","Strike_R","Strike_R","Strike_R","Strike_R","Strike_R","Defend_R","Defend_R","Defend_R","Defend_R","Bash+1","Cleave","Feel No Pain+1","Anger","True Grit+1","Shrug It Off"],"relics":["Burning Blood","Tiny Chest","Bag of Marbles","Meat on the Bone","Torii","Kunai"],"potions_floor_usage":[10,13,16],"damage_taken":[{"damage":8,"enemies":"2 Louse","floor":1,"turns":3},{"damage":14,"enemies":"Jaw Worm","floor":2,"turns":4},{"damage":35,"enemies":"Lagavulin","floor":10,"turns":6},{"damage":1,"enemies":"Cultist","floor":12,"turns":3},{"damage":32,"enemies":"Gremlin Nob","floor":13,"turns":4},{"damage":6,"enemies":"Looter","floor":14,"turns":4},{"damage":47,"enemies":"Hexaghost","floor":16,"turns":11}],"seed_played":"-6233838345166293814","potions_obtained":[{"floor":0,"key":"Swift Potion"},{"floor":0,"key":"AttackPotion"},{"floor":13,"key":"Explosive Potion"},{"floor":14,"key":"Swift Potion"}],"is_trial":false,"path_per_floor":["M","M","?","?","T","R","$","R","T","E","$","M","E","M","R","B"],"character_chosen":"IRONCLAD","items_purchased":["Bag of Marbles","Anger"],"campfire_rested":0,"item_purchase_floors":[7,11],"current_hp_per_floor":[66,58,58,58,58,58,58,58,58,41,41,46,32,44,44,0],"gold":87,"neow_bonus":"THREE_SMALL_POTIONS","is_prod":false,"is_daily":false,"chose_seed":false,"campfire_upgraded":3,"win_rate":0,"timestamp":1542035298,"path_taken":["M","M","?","?","?","R","$","R","T","E","$","M","E","?","R","BOSS"],"build_version":"2018-11-08","purchased_purges":0,"victory":false,"max_hp_per_floor":[75,75,75,75,75,75,75,75,75,75,75,75,75,75,75,75],"card_choices":[{"not_picked":["Sword Boomerang","Clash"],"picked":"Cleave","floor":1},{"not_picked":["Twin Strike","Cleave"],"picked":"Feel No Pain","floor":2},{"not_picked":["Berserk","Heavy Blade","Dual Wield"],"picked":"SKIP","floor":10},{"not_picked":["Warcry","Cleave","Perfected Strike"],"picked":"SKIP","floor":12},{"not_picked":["Anger","Inflame"],"picked":"True Grit","floor":13},{"not_picked":["Cleave","Thunderclap"],"picked":"Shrug It Off","floor":14}],"player_experience":1684823,"relics_obtained":[{"floor":5,"key":"Tiny Chest"},{"floor":9,"key":"Meat on the Bone"},{"floor":10,"key":"Torii"},{"floor":13,"key":"Kunai"}],"event_choices":[{"damage_healed":0,"gold_gain":0,"player_choice":"Ignored","damage_taken":0,"max_hp_gain":0,"max_hp_loss":0,"event_name":"Shining Light","floor":3,"gold_loss":0},{"damage_healed":0,"gold_gain":0,"player_choice":"Ignored","damage_taken":0,"max_hp_gain":0,"max_hp_loss":0,"event_name":"Golden Wing","floor":4,"gold_loss":0}],"is_beta":false,"boss_relics":[],"items_purged_floors":[],"is_endless":false,"potions_floor_spawned":[2,13,14],"killed_by":"Hexaghost","ascension_level":20}