{"gold_per_floor":[215,132,142,155,155,155,190,155,178,197,210,210,242,258,258,329,329,329,329,329,6,6,6,6,6,6,6,6,6,6,6,6,6,6,6,6,6,6,6,6,6,6,6,6,6,6,6,6,6,6],"floor_reached":51,"playtime":1953,"items_purged":[],"score":1186,"play_id":"57877ce2-e898-47a8-9fe0-88985055e4bf","local_time":"20180907145516","is_ascension_mode":true,"campfire_choices":[{"data":"Bash","floor":6,"key":"SMITH"},{"data":"Carnage","floor":12,"key":"SMITH"},{"data":"Clothesline","floor":15,"key":"SMITH"},{"data":"Demon Form","floor":23,"key":"SMITH"},{"floor":25,"key":"REST"},{"floor":32,"key":"REST"},{"floor":40,"key":"REST"},{"data":"Feed","floor":42,"key":"SMITH"},{"floor":46,"key":"REST"},{"data":"1","floor":49,"key":"LIFT"}],"neow_cost":"NONE","seed_source_timestamp":1963845322132697,"circlet_count":0,"master_deck":["Strike_R","Strike_R","Strike_R","Defend_R","Defend_R","Defend_R","Bash+1","AscendersBane","Battle Trance","Carnage+1","Feel No Pain","Iron Wave","Clothesline+1","Impervious+1","Ghostly Armor","Demon Form+1","Body Slam+1","Reckless Charge","Shrug It Off","Sword Boomerang","Reaper","Whirlwind+1","Feed+1","Shrug It Off","True Grit+1","Twin Strike+1"],"relics":["Burning Blood","Omamori","Centennial Puzzle","Paper Frog","Ectoplasm","War Paint","Potion Belt","Girya","Tiny Chest","Empty Cage","Gremlin Horn","Bag of Marbles"],"potions_floor_usage":[7,11,13,16,24,50,50,50,50],"damage_taken":[{"damage":3,"enemies":"Small Slimes","floor":1,"turns":4},{"damage":7,"enemies":"Jaw Worm","floor":3,"turns":2},{"damage":0,"enemies":"Cultist","floor":4,"turns":2},{"damage":33,"enemies":"Lagavulin","floor":7,"turns":8},{"damage":7,"enemies":"Blue Slaver","floor":10,"turns":4},{"damage":7,"enemies":"Large Slime","floor":11,"turns":4},{"damage":11,"enemies":"Gremlin Nob","floor":13,"turns":3},{"damage":9,"enemies":"Exordium Wildlife","floor":14,"turns":4},{"damage":36,"enemies":"Hexaghost","floor":16,"turns":11},{"damage":26,"enemies":"3 Byrds","floor":18,"turns":7},{"damage":1,"enemies":"Spheric Guardian","floor":22,"turns":4},{"damage":19,"enemies":"Gremlin Leader","floor":24,"turns":6},{"damage":12,"enemies":"Snake Plant","floor":27,"turns":4},{"damage":15,"enemies":"3 Cultists","floor":29,"turns":5},{"damage":1,"enemies":"Centurion and Healer","floor":30,"turns":6},{"damage":20,"enemies":"Snake Plant","floor":31,"turns":6},{"damage":57,"enemies":"Automaton","floor":33,"turns":10},{"damage":49,"enemies":"3 Darklings","floor":35,"turns":9},{"damage":13,"enemies":"Orb Walker","floor":39,"turns":4},{"damage":43,"enemies":"Sphere and 2 Shapes","floor":44,"turns":6},{"damage":23,"enemies":"Maw","floor":45,"turns":6},{"damage":23,"enemies":"4 Shapes","floor":47,"turns":6},{"damage":0,"enemies":"Sphere and 2 Shapes","floor":48,"turns":2},{"damage":103,"enemies":"Donu and Deca","floor":50,"turns":8}],"seed_played":"7640055522347995605","potions_obtained":[{"floor":4,"key":"Explosive Potion"},{"floor":7,"key":"LiquidBronze"},{"floor":10,"key":"FearPotion"},{"floor":11,"key":"SteroidPotion"},{"floor":22,"key":"SpeedPotion"},{"floor":24,"key":"LiquidBronze"},{"floor":29,"key":"EssenceOfSteel"}],"is_trial":false,"path_per_floor":["M","$","M","M","?","R","E","?","T","M","M","R","E","M","R","B",null,"M","?","T","$","M","R","E","R","T","M","?","M","M","M","R","B",null,"M","T","?","$","M","R","?","R","T","M","M","R","M","M","R","B"],"character_chosen":"IRONCLAD","items_purchased":["Carnage","Reckless Charge","Potion Belt","FearPotion","Explosive Potion"],"campfire_rested":4,"item_purchase_floors":[2,21,21,21,21],"current_hp_per_floor":[71,71,70,75,80,80,53,73,73,72,71,71,66,63,63,33,68,48,48,48,48,53,53,40,64,64,58,58,49,54,54,78,43,71,28,28,28,28,21,45,61,61,61,59,55,80,88,88,88,44],"gold":6,"neow_bonus":"HUNDRED_GOLD","is_prod":false,"is_daily":false,"chose_seed":false,"campfire_upgraded":5,"win_rate":0,"timestamp":1536324916,"path_taken":["M","$","M","M","?","R","E","?","T","?","M","R","E","M","R","BOSS","M","?","?","$","M","R","E","R","T","M","?","M","M","M","R","BOSS","M","?","?","$","?","R","?","R","T","M","?","R","M","M","R","BOSS"],"build_version":"2018-09-06","purchased_purges":0,"victory":true,"max_hp_per_floor":[75,75,75,75,80,80,80,80,80,80,80,80,80,80,80,80,80,80,80,80,80,80,80,80,80,80,80,80,80,80,80,80,80,80,80,80,80,80,80,80,80,80,80,84,84,84,88,88,88,88],"card_choices":[{"not_picked":["Havoc","Metallicize"],"picked":"Battle Trance","floor":1},{"not_picked":["Iron Wave","True Grit"],"picked":"Feel No Pain","floor":3},{"not_picked":["Sword Boomerang","Warcry"],"picked":"Iron Wave","floor":4},{"not_picked":["Seeing Red","Wild Strike"],"picked":"Clothesline","floor":7},{"not_picked":["Uppercut","Seeing Red"],"picked":"Impervious","floor":10},{"not_picked":["Perfected Strike","Bloodletting","Flex"],"picked":"SKIP","floor":11},{"not_picked":["Fire Breathing","Headbutt"],"picked":"Ghostly Armor","floor":13},{"not_picked":["Rage","Cleave","Clash"],"picked":"SKIP","floor":14},{"not_picked":["Juggernaut","Exhume"],"picked":"Demon Form","floor":16},{"not_picked":["Headbutt","Pommel Strike"],"picked":"Body Slam+1","floor":18},{"not_picked":["Heavy Blade","Body Slam"],"picked":"Shrug It Off","floor":22},{"not_picked":["Havoc","Rupture","Armaments"],"picked":"SKIP","floor":24},{"not_picked":["Clash","Heavy Blade","Headbutt"],"picked":"SKIP","floor":27},{"not_picked":["Evolve+1","True Grit"],"picked":"Sword Boomerang","floor":29},{"not_picked":["Iron Wave","Twin Strike"],"picked":"Reaper","floor":30},{"not_picked":["Combust","Shrug It Off"],"picked":"Whirlwind+1","floor":31},{"not_picked":["Demon Form","Reaper"],"picked":"Feed","floor":33},{"not_picked":["Warcry","Rage"],"picked":"Shrug It Off","floor":35},{"not_picked":["Perfected Strike","Carnage","Flex"],"picked":"SKIP","floor":39},{"not_picked":["Clothesline","Whirlwind","Pommel Strike"],"picked":"SKIP","floor":44},{"not_picked":["Corruption","Wild Strike+1"],"picked":"True Grit+1","floor":45},{"not_picked":["Fire Breathing","Sword Boomerang","Body Slam"],"picked":"SKIP","floor":47},{"not_picked":["Havoc","Hemokinesis"],"picked":"Twin Strike+1","floor":48}],"player_experience":1412181,"relics_obtained":[{"floor":7,"key":"Omamori"},{"floor":9,"key":"Centennial Puzzle"},{"floor":13,"key":"Paper Frog"},{"floor":20,"key":"War Paint"},{"floor":24,"key":"Girya"},{"floor":26,"key":"Tiny Chest"},{"floor":36,"key":"Gremlin Horn"},{"floor":43,"key":"Bag of Marbles"}],"event_choices":[{"event_name":"Big Fish","player_choice":"Donut","floor":5,"damage_taken":0},{"event_name":"The Cleric","player_choice":"Healed","floor":8,"damage_taken":0},{"event_name":"Ghosts","player_choice":"Ignored","floor":19,"damage_taken":0},{"event_name":"The Mausoleum","player_choice":"No","floor":28,"damage_taken":0},{"event_name":"Falling","player_choice":"Removed Skill","floor":37,"damage_taken":0},{"event_name":"Winding Halls","player_choice":"Writhe","floor":41,"damage_taken":0}],"is_beta":false,"boss_relics":[{"not_picked":["Velvet Choker","Runic Cube"],"picked":"Ectoplasm"},{"not_picked":["Philosopher\u0027s Stone","Runic Pyramid"],"picked":"Empty Cage"}],"items_purged_floors":[],"is_endless":false,"potions_floor_spawned":[4,7,10,11,22,24,29,33,35,39,44,45],"ascension_level":16}