{"gold_per_floor":[210,227,175,325,26,59,71,71,150,150,164,64,29,44,44,115,115,125,125,10,20,30,59,59,91,117,117,117],"floor_reached":28,"playtime":990,"items_purged":["Doubt","Strike_R"],"score":486,"play_id":"31b56d0d-b5a1-4333-9041-09e7c56e704a","local_time":"20181001151632","is_ascension_mode":true,"campfire_choices":[{"data":"Limit Break","floor":8.0,"key":"SMITH"},{"data":"Spot Weakness","floor":10.0,"key":"SMITH"},{"data":"Armaments","floor":15.0,"key":"SMITH"},{"floor":24.0,"key":"REST"},{"floor":27,"key":"REST"}],"neow_cost":"NONE","seed_source_timestamp":0,"circlet_count":0,"master_deck":["Strike_R","Strike_R","Strike_R","Strike_R","Defend_R","Defend_R","Defend_R","Defend_R","Bash","AscendersBane","Cleave","Uppercut","True Grit","Iron Wave","Limit Break+1","Spot Weakness+1","Twin Strike","Armaments+1","Shrug It Off","Feel No Pain","Sword Boomerang+1","Inflame"],"special_seed":0,"relics":["Burning Blood","PreservedInsect","Vajra","Meat on the Bone","Runic Pyramid","The Courier","Omamori","Juzu Bracelet"],"potions_floor_usage":[25],"damage_taken":[{"damage":3.0,"enemies":"2 Louse","floor":1.0,"turns":4.0},{"damage":3.0,"enemies":"Small Slimes","floor":2.0,"turns":4.0},{"damage":40.0,"enemies":"Lagavulin","floor":6.0,"turns":6.0},{"damage":4.0,"enemies":"Cultist","floor":7.0,"turns":3.0},{"damage":6.0,"enemies":"Red Slaver","floor":11.0,"turns":3.0},{"damage":14.0,"enemies":"Exordium Wildlife","floor":14.0,"turns":4.0},{"damage":37.0,"enemies":"The Guardian","floor":16.0,"turns":12.0},{"damage":26.0,"enemies":"Shell Parasite","floor":18.0,"turns":4.0},{"damage":19.0,"enemies":"2 Thieves","floor":21.0,"turns":5.0},{"damage":40.0,"enemies":"Centurion and Healer","floor":22.0,"turns":7.0},{"damage":6.0,"enemies":"Gremlin Leader","floor":23.0,"turns":3.0},{"damage":54,"enemies":"Book of Stabbing","floor":25,"turns":4},{"damage":47,"enemies":"Gremlin Leader","floor":28,"turns":4}],"seed_played":"-1777067131361570253","potions_obtained":[{"floor":1.0,"key":"Swift Potion"},{"floor":7.0,"key":"Energy Potion"},{"floor":11.0,"key":"FearPotion"},{"floor":14.0,"key":"Poison Potion"},{"floor":23.0,"key":"Poison Potion"}],"is_trial":false,"path_per_floor":["M","M","$","?","$","E","M","R","T","R","M","$","?","M","R","B",null,"M","?","$","M","M","E","R","E","T","R"],"character_chosen":"IRONCLAD","items_purchased":["True Grit","PreservedInsect","Iron Wave","Shrug It Off","Explosive Potion"],"campfire_rested":2,"item_purchase_floors":[3,5,5,20,20],"current_hp_per_floor":[71,74,74,74,74,40,42,42,42,42,54,54,72,64,64,45,68,48,48,48,47,25,37,59,23,23,45,0],"gold":117,"neow_bonus":"HUNDRED_GOLD","is_prod":false,"is_daily":false,"chose_seed":false,"campfire_upgraded":3,"win_rate":0,"timestamp":1538399792,"path_taken":["M","M","$","?","$","E","M","R","T","R","?","?","?","M","R","BOSS","M","?","$","M","?","E","R","E","T","R","E"],"build_version":"2018-09-27","purchased_purges":2,"victory":false,"max_hp_per_floor":[75,75,75,75,75,75,75,75,75,75,75,75,75,75,75,75,75,75,75,75,75,75,75,75,75,75,75,75],"card_choices":[{"not_picked":["Iron Wave","Armaments"],"picked":"Cleave","floor":1.0},{"not_picked":["Sword Boomerang","Cleave"],"picked":"Uppercut","floor":2.0},{"not_picked":["Sentinel","Body Slam"],"picked":"Limit Break","floor":6.0},{"not_picked":["Iron Wave","Body Slam"],"picked":"Spot Weakness","floor":7.0},{"not_picked":["Warcry","Anger"],"picked":"Twin Strike","floor":11.0},{"not_picked":["Second Wind","Sentinel"],"picked":"Armaments","floor":14.0},{"not_picked":["Wild Strike","Power Through","Anger"],"picked":"SKIP","floor":18.0},{"not_picked":["Thunderclap","Uppercut"],"picked":"Feel No Pain","floor":21.0},{"not_picked":["Wild Strike","Warcry"],"picked":"Sword Boomerang+1","floor":22.0},{"not_picked":["Demon Form","Anger"],"picked":"Inflame","floor":23.0},{"not_picked":["Demon Form","Thunderclap","Clash"],"picked":"SKIP","floor":25}],"player_experience":1498579,"relics_obtained":[{"floor":6.0,"key":"Vajra"},{"floor":9.0,"key":"Meat on the Bone"},{"floor":23.0,"key":"The Courier"},{"floor":25,"key":"Omamori"},{"floor":26,"key":"Juzu Bracelet"}],"event_choices":[{"event_name":"Liars Game","player_choice":"agreed","floor":4.0,"damage_taken":0.0},{"event_name":"The Cleric","player_choice":"Healed","floor":13.0,"damage_taken":0.0},{"event_name":"The Mausoleum","player_choice":"No","floor":19.0,"damage_taken":0.0}],"is_beta":false,"boss_relics":[{"not_picked":["Empty Cage","Philosopher\u0027s Stone"],"picked":"Runic Pyramid"}],"items_purged_floors":[5,12],"is_endless":false,"potions_floor_spawned":[1,7,11,14,22,23],"killed_by":"Gremlin Leader","ascension_level":18}