{"gold_per_floor":[118,135,149,74,90,90,101,101,128,147,35,35,35,62,62,62],"floor_reached":16,"playtime":1361,"items_purged":[],"score":102,"play_id":"2e9ef724-79aa-43d4-b974-74bd20f84af2","local_time":"20190211143459","is_ascension_mode":false,"campfire_choices":[{"data":"Sweeping Beam","floor":6.0,"key":"SMITH"},{"data":"Chill","floor":13.0,"key":"SMITH"},{"data":"Double Energy","floor":15.0,"key":"SMITH"}],"neow_cost":"NONE","seed_source_timestamp":0,"circlet_count":0,"master_deck":["Strike_B","Strike_B","Strike_B","Defend_B","Defend_B","Defend_B","Defend_B","Zap","Dualcast","Aggregate","Chill+1","Double Energy+1","FTL","Sweeping Beam+1","Lockon","Cold Snap","Genetic Algorithm","Rip and Tear","Parasite","Aggregate"],"special_seed":0,"relics":["Cracked Core","Oddly Smooth Stone","Potion Belt"],"potions_floor_usage":[],"damage_taken":[{"damage":7.0,"enemies":"2 Louse","floor":1.0,"turns":3.0},{"damage":0.0,"enemies":"Small Slimes","floor":2.0,"turns":2.0},{"damage":1.0,"enemies":"Cultist","floor":3.0,"turns":3.0},{"damage":1.0,"enemies":"Lots of Slimes","floor":5.0,"turns":5.0},{"damage":1.0,"enemies":"2 Fungi Beasts","floor":7.0,"turns":3.0},{"damage":10.0,"enemies":"3 Louse","floor":10.0,"turns":3.0},{"damage":5.0,"enemies":"3 Sentries","floor":14.0,"turns":6.0},{"damage":97,"enemies":"The Guardian","floor":16,"turns":12}],"seed_played":"6424611553187621095","potions_obtained":[{"floor":1.0,"key":"Poison Potion"},{"floor":5.0,"key":"Regen Potion"},{"floor":7.0,"key":"Dexterity Potion"},{"floor":10.0,"key":"SpeedPotion"},{"floor":14.0,"key":"SpeedPotion"}],"is_trial":false,"path_per_floor":["M","M","M","$","M","R","M","?","T","M","$","?","R","E","R","B"],"character_chosen":"DEFECT","items_purchased":["FTL","Genetic Algorithm","Rip and Tear"],"campfire_rested":0,"item_purchase_floors":[4,11,11],"current_hp_per_floor":[75,75,74,74,73,73,72,65,65,55,55,75,75,70,70,0],"gold":62,"neow_bonus":"TEN_PERCENT_HP_BONUS","is_prod":false,"is_daily":false,"chose_seed":false,"campfire_upgraded":3,"win_rate":0.0,"timestamp":1549913699,"path_taken":["M","M","M","$","M","R","M","?","T","M","$","?","R","E","R","BOSS"],"build_version":"2019-01-23","purchased_purges":0,"victory":false,"max_hp_per_floor":[82,82,82,82,82,82,82,82,82,82,82,82,82,82,82,82],"card_choices":[{"not_picked":["Hologram","Steam"],"picked":"Aggregate","floor":1.0},{"not_picked":["Leap","Stack"],"picked":"Chill","floor":2.0},{"not_picked":["Chill","Hologram"],"picked":"Double Energy","floor":3.0},{"not_picked":["Redo","FTL"],"picked":"Sweeping Beam","floor":5.0},{"not_picked":["Chaos","Ball Lightning"],"picked":"Lockon","floor":7.0},{"not_picked":["Ball Lightning","Genetic Algorithm"],"picked":"Cold Snap","floor":10.0},{"not_picked":["Hologram","Cold Snap"],"picked":"Aggregate","floor":14.0}],"player_experience":12140,"relics_obtained":[{"floor":9.0,"key":"Oddly Smooth Stone"},{"floor":14.0,"key":"Potion Belt"}],"event_choices":[{"cards_removed":["Strike_B"],"damage_healed":0.0,"max_hp_gain":0.0,"max_hp_loss":0.0,"gold_gain":0.0,"event_name":"Golden Wing","player_choice":"Card Removal","floor":8.0,"gold_loss":0.0,"damage_taken":7.0},{"damage_healed":20.0,"max_hp_gain":0.0,"max_hp_loss":0.0,"gold_gain":0.0,"event_name":"Mushrooms","player_choice":"Healed and dodged fight","floor":12.0,"gold_loss":0.0,"damage_taken":0.0,"cards_obtained":["Parasite"]}],"is_beta":false,"boss_relics":[],"items_purged_floors":[],"is_endless":false,"potions_floor_spawned":[1,5,7,10,14],"killed_by":"The Guardian","ascension_level":0}