{"gold_per_floor":[15,15,28,40,57,91,91,16,16,91,119,11,11,22,22,22],"floor_reached":16,"playtime":735,"items_purged":["Defend_G"],"score":209,"play_id":"ecf021f8-d156-43eb-a283-c0a178825cf9","local_time":"20190207122117","is_ascension_mode":true,"campfire_choices":[{"data":"Crippling Poison","floor":7.0,"key":"SMITH"},{"data":"Footwork","floor":15,"key":"SMITH"}],"neow_cost":"NO_GOLD","seed_source_timestamp":52649618020200,"circlet_count":0,"master_deck":["AscendersBane","Defend_G","Defend_G","Defend_G","Defend_G","Strike_G","Strike_G","Strike_G","Strike_G","Survivor","Neutralize","Predator","Prepared","Dodge and Roll","Masterful Stab","Crippling Poison+1","Adrenaline","Dash","Footwork+1","Flash of Steel"],"special_seed":0,"relics":["Ring of the Snake","FossilizedHelix","Bag of Preparation","Matryoshka","The Courier","Blood Vial"],"potions_floor_usage":[14],"damage_taken":[{"damage":0.0,"enemies":"Jaw Worm","floor":1.0,"turns":4.0},{"damage":0.0,"enemies":"2 Louse","floor":3.0,"turns":4.0},{"damage":0.0,"enemies":"Small Slimes","floor":4.0,"turns":4.0},{"damage":0.0,"enemies":"Exordium Wildlife","floor":5.0,"turns":3.0},{"damage":19.0,"enemies":"3 Sentries","floor":6.0,"turns":11.0},{"damage":0,"enemies":"Gremlin Nob","floor":11,"turns":3},{"damage":0,"enemies":"2 Fungi Beasts","floor":14,"turns":3},{"damage":0,"enemies":"The Guardian","floor":16,"turns":1}],"seed_played":"5342486341480948316","potions_obtained":[{"floor":5.0,"key":"Energy Potion"},{"floor":11,"key":"SkillPotion"}],"is_trial":false,"path_per_floor":["?","?","?"],"character_chosen":"THE_SILENT","items_purchased":["Footwork","Flash of Steel"],"campfire_rested":0,"item_purchase_floors":[12,12],"current_hp_per_floor":[63,63,63,63,63,44,44,44,44,33,33,33,30,32,32,34],"gold":22,"neow_bonus":"ONE_RARE_RELIC","is_prod":false,"is_daily":false,"chose_seed":false,"campfire_upgraded":2,"win_rate":0,"timestamp":1549509677,"path_taken":["M","?","M","M","M","E","R","$","T","?","E","$","?","M","R","BOSS"],"build_version":"2019-01-23","purchased_purges":1,"victory":false,"max_hp_per_floor":[70,70,70,70,70,70,70,70,70,70,70,70,70,70,70,70],"card_choices":[{"not_picked":["Quick Slash","Blade Dance"],"picked":"Predator","floor":1.0},{"not_picked":["Underhanded Strike","Predator"],"picked":"Dodge and Roll","floor":3.0},{"not_picked":["Riddle With Holes","Catalyst"],"picked":"Masterful Stab","floor":4.0},{"not_picked":["Dagger Throw","Deadly Poison"],"picked":"Crippling Poison","floor":5.0},{"not_picked":["Backflip","Dodge and Roll"],"picked":"Adrenaline","floor":6.0},{"not_picked":["Cloak And Dagger","Slice"],"picked":"Dash","floor":11},{"not_picked":["Blade Dance","Eviscerate","Flechettes"],"picked":"SKIP","floor":14}],"player_experience":262180,"relics_obtained":[{"floor":6.0,"key":"Bag of Preparation"},{"floor":9.0,"key":"Matryoshka"},{"floor":11,"key":"The Courier"}],"event_choices":[{"damage_healed":0.0,"max_hp_gain":0.0,"max_hp_loss":0.0,"gold_gain":0.0,"cards_transformed":["Strike_G"],"event_name":"Living Wall","player_choice":"Change","floor":2.0,"gold_loss":0.0,"damage_taken":0.0,"cards_obtained":["Prepared"]},{"damage_healed":0.0,"max_hp_gain":0.0,"max_hp_loss":0.0,"gold_gain":75.0,"event_name":"World of Goop","player_choice":"Gather Gold","floor":10.0,"gold_loss":0.0,"damage_taken":11.0},{"damage_healed":0,"gold_gain":0,"player_choice":"Success","damage_taken":3,"relics_obtained":["Blood Vial"],"max_hp_gain":0,"max_hp_loss":0,"event_name":"Scrap Ooze","floor":13,"gold_loss":0}],"is_beta":false,"boss_relics":[],"items_purged_floors":[8],"is_endless":false,"potions_floor_spawned":[5,11],"killed_by":"The Guardian","ascension_level":11}