{"path_per_floor":["M","?","M","$","?","E","M","R","T","R","M","R","M","?","R","B",null,"M","?","M","M","$","R"],"character_chosen":"IRONCLAD","items_purchased":["Ice Cream","Membership Card"],"gold_per_floor":[118,293,313,19,94,125,142,142,219,219,239,239,256,256,256,359,359,376,376,393,408,153,153],"floor_reached":24,"campfire_rested":4,"playtime":1303,"current_hp_per_floor":[80,80,66,66,55,13,19,43,43,67,73,73,50,50,74,15,80,68,68,38,12,12,36],"items_purged":["Doubt"],"gold":153,"score":206,"play_id":"074509e5-ddef-475c-b7f5-23d3a9ab22fd","is_prod":false,"is_daily":false,"is_ascension_mode":true,"campfire_upgraded":1,"path_taken":["M","?","M","$","?","E","M","R","T","R","M","R","M","?","R","BOSS","M","?","M","M","$","R","E"],"build_version":"2018-02-22-PROD2","purchased_purges":1,"victory":false,"master_deck":["Strike_R","Strike_R","Strike_R","Strike_R","Strike_R","Defend_R","Defend_R","Defend_R","Defend_R","Bash","Flex","Twin Strike","Flex","Pommel Strike+1","Intimidate","Armaments+1","Pommel Strike","Demon Form","Shrug It Off+1","True Grit+1","Warcry+1"],"max_hp_per_floor":[80,80,80,80,80,80,80,80,80,80,80,80,80,80,80,80,80,80,80,80,80,80,80],"relics":["Black Blood","Prayer Wheel","Ice Cream","Art of War","Smiling Mask","Membership Card"],"card_choices":[{"not_picked":["Headbutt","Immolate"],"picked":"Flex"},{"not_picked":["True Grit","Ghostly Armor"],"picked":"Twin Strike"},{"not_picked":["Twin Strike","Fire Breathing"],"picked":"Flex"},{"not_picked":["Battle Trance","Second Wind"],"picked":"Pommel Strike"},{"not_picked":["Cleave","Corruption"],"picked":"Intimidate"},{"not_picked":["Sword Boomerang","Perfected Strike"],"picked":"Armaments"},{"not_picked":["Hemokinesis","Clothesline"],"picked":"Pommel Strike"},{"not_picked":["Juggernaut","Dark Embrace"],"picked":"Demon Form"},{"not_picked":["Pommel Strike","Feel No Pain"],"picked":"Shrug It Off"},{"not_picked":["Uppercut","Shockwave"],"picked":"True Grit"},{"not_picked":["Carnage","Feel No Pain"],"picked":"Warcry"}],"player_experience":127100,"potions_floor_usage":[6,11,21,24],"damage_taken":[{"damage":1,"enemies":"Small Slimes","floor":1,"turns":4},{"damage":20,"enemies":"Jaw Worm","floor":3,"turns":4},{"damage":54,"enemies":"Gremlin Nob","floor":6,"turns":5},{"damage":0,"enemies":"2 Louse","floor":7,"turns":2},{"damage":0,"enemies":"Large Slime","floor":11,"turns":5},{"damage":29,"enemies":"Gremlin Gang","floor":13,"turns":4},{"damage":65,"enemies":"The Guardian","floor":16,"turns":13},{"damage":22,"enemies":"Chosen","floor":18,"turns":5},{"damage":40,"enemies":"Spheric Guardian","floor":20,"turns":7},{"damage":36,"enemies":"Snake Plant","floor":21,"turns":8},{"damage":41,"enemies":"Gremlin Leader","floor":24,"turns":5}],"event_choices":[{"event_name":"Liars Game","player_choice":"agreed","floor":2,"damage_taken":0},{"event_name":"World of Goop","player_choice":"Gather Gold","floor":5,"damage_taken":0},{"event_name":"Living Wall","player_choice":"Grow","floor":14,"damage_taken":0},{"event_name":"Drug Dealer","player_choice":"Ignored","floor":19,"damage_taken":0}],"boss_relics":[{"not_picked":["Ectoplasm","Eternal Feather"],"picked":"Black Blood"}],"potions_floor_spawned":[3,7,18,21],"seed_played":"-4186953680783373344","killed_by":"Gremlin Leader","ascension_level":1,"is_trial":false}