{"gold_per_floor":[117,70,87,98,273,273,303,62,62,92,92,30,30,40,40,143,143,160,38,38,38,48,48,62,62,85,98,98,129,129,139,139,139],"floor_reached":33,"playtime":4757,"items_purged":["Strike_R","Strike_R"],"score":317,"play_id":"3184bafe-4329-43df-aa18-cd63404d2bc4","local_time":"20190212184936","is_ascension_mode":true,"campfire_choices":[{"floor":6,"key":"RECALL"},{"floor":11,"key":"REST"},{"data":"Shrug It Off","floor":13,"key":"SMITH"},{"data":"Clothesline","floor":15,"key":"SMITH"},{"data":"Limit Break","floor":23,"key":"SMITH"},{"data":"Barricade","floor":25,"key":"SMITH"},{"data":"Demon Form","floor":30,"key":"SMITH"},{"data":"Whirlwind","floor":32,"key":"SMITH"}],"neow_cost":"NONE","seed_source_timestamp":97737196877800,"circlet_count":0,"master_deck":["Strike_R","Strike_R","Strike_R","Defend_R","Defend_R","Defend_R","Defend_R","Bash","Limit Break+1","Shrug It Off+1","Armaments","Battle Trance","Cleave","True Grit","Iron Wave","Pommel Strike","Spot Weakness","Clothesline+1","Barricade+1","Rage","Body Slam","Heavy Blade","Corruption+1","True Grit+1","Demon Form+1","Whirlwind+1"],"relics":["Burning Blood","The Courier","Oddly Smooth Stone","Tiny Chest","Coffee Dripper","PreservedInsect","Blood Vial"],"potions_floor_usage":[7,24,31,33],"damage_taken":[{"damage":5,"enemies":"Cultist","floor":1,"turns":5},{"damage":8,"enemies":"Jaw Worm","floor":3,"turns":4},{"damage":7,"enemies":"Small Slimes","floor":4,"turns":3},{"damage":22,"enemies":"3 Sentries","floor":7,"turns":8},{"damage":6,"enemies":"2 Fungi Beasts","floor":14,"turns":3},{"damage":16,"enemies":"Hexaghost","floor":16,"turns":12},{"damage":34,"enemies":"3 Byrds","floor":18,"turns":7},{"damage":12,"enemies":"Shell Parasite","floor":22,"turns":8},{"damage":23,"enemies":"Snake Plant","floor":24,"turns":5},{"damage":9,"enemies":"Cultist and Chosen","floor":27,"turns":5},{"damage":6,"enemies":"Book of Stabbing","floor":29,"turns":7},{"damage":2,"enemies":"Centurion and Healer","floor":31,"turns":9},{"damage":34,"enemies":"Automaton","floor":33,"turns":6}],"seed_played":"1727010761404273600","potions_obtained":[{"floor":1,"key":"Poison Potion"},{"floor":4,"key":"Strength Potion"},{"floor":18,"key":"Weak Potion"},{"floor":22,"key":"Poison Potion"},{"floor":28,"key":"Block Potion"},{"floor":28,"key":"LiquidBronze"}],"is_trial":false,"path_per_floor":["M","$","M","M","?","R","E","$","T","?","R","$","R","M","R","B",null,"M","$","?","$","M","R","M","R","T","M","?","E","R","M","R","B"],"character_chosen":"IRONCLAD","items_purchased":["Armaments","Iron Wave","Oddly Smooth Stone","Pommel Strike","Spot Weakness","Body Slam"],"campfire_rested":1,"item_purchase_floors":[2,8,8,8,12,19],"current_hp_per_floor":[80,80,78,77,77,77,61,61,61,43,67,67,67,67,67,57,80,52,52,52,52,46,46,29,29,29,26,26,26,26,32,32,0],"gold":139,"neow_bonus":"ONE_RANDOM_RARE_CARD","is_prod":false,"is_daily":false,"chose_seed":false,"campfire_upgraded":6,"win_rate":0,"timestamp":1550015376,"path_taken":["M","$","?","?","?","R","E","?","T","?","R","$","R","M","R","BOSS","M","$","?","$","?","R","M","R","T","M","?","E","R","M","R","BOSS"],"build_version":"2019-01-23","purchased_purges":2,"victory":false,"max_hp_per_floor":[80,80,80,80,80,80,80,80,80,80,80,80,80,80,80,80,80,80,80,80,80,80,80,80,80,80,80,80,80,80,80,80,80],"card_choices":[{"not_picked":["Pommel Strike","Perfected Strike"],"picked":"Shrug It Off","floor":1},{"not_picked":["Uppercut","Carnage"],"picked":"Battle Trance","floor":3},{"not_picked":["Entrench","Clothesline"],"picked":"Cleave","floor":4},{"not_picked":["Hemokinesis","Seeing Red"],"picked":"True Grit","floor":7},{"not_picked":["Cleave","Headbutt"],"picked":"Clothesline","floor":14},{"not_picked":["Fiend Fire","Brutality"],"picked":"Barricade","floor":16},{"not_picked":["Sentinel+1","Anger"],"picked":"Rage","floor":18},{"not_picked":["Wild Strike","Headbutt"],"picked":"Heavy Blade","floor":22},{"not_picked":["Clash","Thunderclap"],"picked":"Corruption+1","floor":24},{"not_picked":["Flame Barrier","Perfected Strike"],"picked":"True Grit+1","floor":27},{"not_picked":["Sword Boomerang","Body Slam"],"picked":"Demon Form","floor":29},{"not_picked":["Clash","Clothesline+1"],"picked":"Whirlwind","floor":31}],"player_experience":64683,"relics_obtained":[{"floor":7,"key":"The Courier"},{"floor":26,"key":"PreservedInsect"},{"floor":29,"key":"Blood Vial"}],"event_choices":[{"damage_healed":0,"gold_gain":175,"player_choice":"AGREE","damage_taken":0,"max_hp_gain":0,"max_hp_loss":0,"event_name":"Liars Game","floor":5,"gold_loss":0,"cards_obtained":["Doubt"]},{"damage_healed":0,"gold_gain":0,"player_choice":"Success","damage_taken":18,"relics_obtained":["Tiny Chest"],"max_hp_gain":0,"max_hp_loss":0,"event_name":"Scrap Ooze","floor":10,"gold_loss":0},{"cards_removed":["Doubt"],"damage_healed":0,"gold_gain":0,"player_choice":"Removed Curses","damage_taken":0,"max_hp_gain":0,"max_hp_loss":0,"event_name":"Fountain of Cleansing","floor":20,"gold_loss":0},{"damage_healed":0,"gold_gain":0,"player_choice":"Got Potions","damage_taken":0,"max_hp_gain":0,"max_hp_loss":0,"event_name":"Lab","floor":28,"gold_loss":0}],"is_beta":false,"boss_relics":[{"not_picked":["Black Star","Fusion Hammer"],"picked":"Coffee Dripper"}],"items_purged_floors":[8,19],"is_endless":false,"potions_floor_spawned":[1,4,18,22],"killed_by":"Automaton","ascension_level":2}