{"gold_per_floor":[116,116,41,54,54,54,54,97,97,131,131,171,189,209,209,335,335,350,374,92,117,131,31,50,50,50,83,107,150,170,209,209,335,335,350,373,71,91,114,152,152,152,152,152,152,166,166,191,191,191],"floor_reached":51,"playtime":2539,"items_purged":["Pain","Defend_B","Strike_B"],"score":980,"play_id":"4e89a98b-bc8f-4396-87c4-1d77770b7403","local_time":"20190214125652","is_ascension_mode":true,"campfire_choices":[{"data":"Zap","floor":6.0,"key":"SMITH"},{"data":"White Noise","floor":11.0,"key":"SMITH"},{"data":"Strike_B","floor":15.0,"key":"PURGE"},{"data":"Strike_B","floor":25.0,"key":"PURGE"},{"data":"Defragment","floor":32,"key":"SMITH"},{"floor":41,"key":"REST"},{"data":"1","floor":45,"key":"LIFT"},{"data":"2","floor":47,"key":"LIFT"},{"data":"3","floor":49,"key":"LIFT"}],"neow_cost":"NONE","seed_source_timestamp":0,"circlet_count":0,"master_deck":["Defend_B","Defend_B","Zap+1","Dualcast","Blizzard","Coolheaded","White Noise+1","Machine Learning","Gash","Self Repair","Coolheaded","Reinforced Body","Electrodynamics","Gash+1","Coolheaded","Glacier","Stack+1","Go for the Eyes","Conserve Battery","Cold Snap","Hologram","Electrodynamics","Conserve Battery","Defragment+1","Ball Lightning+1","Creative AI","Gash","Capacitor","Mind Blast","Barrage+1","Chill+1","Core Surge","Parasite","Rebound+1"],"special_seed":0,"relics":["Cracked Core","NeowsBlessing","WarpedTongs","Golden Idol","Ancient Tea Set","Shuriken","Mercury Hourglass","Peace Pipe","White Beast Statue","Anchor","Question Card","Pen Nib","DataDisk","Nunchaku","Fusion Hammer","Art of War","Girya"],"potions_floor_usage":[28,28,29,31,31,33,39,40,48,50,50,50],"damage_taken":[{"damage":0.0,"enemies":"Jaw Worm","floor":1.0,"turns":1.0},{"damage":0.0,"enemies":"Cultist","floor":4.0,"turns":1.0},{"damage":0.0,"enemies":"Lagavulin","floor":8.0,"turns":1.0},{"damage":10.0,"enemies":"3 Sentries","floor":10.0,"turns":9.0},{"damage":13.0,"enemies":"Gremlin Nob","floor":12.0,"turns":3.0},{"damage":0.0,"enemies":"2 Louse","floor":13.0,"turns":1.0},{"damage":9.0,"enemies":"Red Slaver","floor":14.0,"turns":3.0},{"damage":11.0,"enemies":"Hexaghost","floor":16.0,"turns":10.0},{"damage":6.0,"enemies":"3 Byrds","floor":18.0,"turns":3.0},{"damage":9.0,"enemies":"Chosen","floor":19.0,"turns":5.0},{"damage":28.0,"enemies":"Snake Plant","floor":21.0,"turns":5.0},{"damage":0.0,"enemies":"Chosen and Byrds","floor":22.0,"turns":4.0},{"damage":0.0,"enemies":"Cultist and Chosen","floor":24.0,"turns":6.0},{"damage":0.0,"enemies":"Book of Stabbing","floor":27.0,"turns":6.0},{"damage":4,"enemies":"Snake Plant","floor":28,"turns":4},{"damage":13,"enemies":"Slavers","floor":29,"turns":4},{"damage":0,"enemies":"Shelled Parasite and Fungi","floor":30,"turns":7},{"damage":8,"enemies":"Book of Stabbing","floor":31,"turns":6},{"damage":0,"enemies":"Champ","floor":33,"turns":9},{"damage":0,"enemies":"Orb Walker","floor":35,"turns":4},{"damage":0,"enemies":"3 Darklings","floor":36,"turns":2},{"damage":0,"enemies":"4 Shapes","floor":38,"turns":3},{"damage":1,"enemies":"Sphere and 2 Shapes","floor":39,"turns":5},{"damage":39,"enemies":"Nemesis","floor":40,"turns":5},{"damage":0,"enemies":"Transient","floor":46,"turns":5},{"damage":11,"enemies":"Writhing Mass","floor":48,"turns":5},{"damage":31,"enemies":"Awakened One","floor":50,"turns":11}],"seed_played":"-2976070240491241252","potions_obtained":[{"floor":4.0,"key":"Strength Potion"},{"floor":8.0,"key":"GamblersBrew"},{"floor":10.0,"key":"SkillPotion"},{"floor":13.0,"key":"Poison Potion"},{"floor":18.0,"key":"AttackPotion"},{"floor":19.0,"key":"GamblersBrew"},{"floor":21.0,"key":"SteroidPotion"},{"floor":22.0,"key":"Poison Potion"},{"floor":24.0,"key":"Explosive Potion"},{"floor":27.0,"key":"Fire Potion"},{"floor":28,"key":"Fruit Juice"},{"floor":29,"key":"EssenceOfSteel"},{"floor":30,"key":"AttackPotion"},{"floor":31,"key":"AttackPotion"},{"floor":33,"key":"SkillPotion"},{"floor":35,"key":"Strength Potion"},{"floor":36,"key":"SkillPotion"},{"floor":39,"key":"LiquidBronze"},{"floor":40,"key":"Ancient Potion"},{"floor":46,"key":"FocusPotion"},{"floor":48,"key":"PowerPotion"}],"is_trial":false,"path_per_floor":["M","?","$","M","?","R","?","E","T","E","R","E","M","M","R","B",null,"M","M","$","M","M","$","M","R","T","E","M","E","M","E","R","B",null,"M","M","$","M","M","E","R","?","T","?","R","M","R","M","R","B",null],"character_chosen":"DEFECT","items_purchased":["Glacier","Anchor","Conserve Battery","Cold Snap","Capacitor","Mind Blast"],"campfire_rested":1,"item_purchase_floors":[20,20,23,23,37,37],"current_hp_per_floor":[75,75,75,75,69,69,69,69,69,59,59,46,46,44,44,40,69,69,67,67,46,53,53,60,60,60,67,68,62,72,71,71,74,74,74,74,74,74,74,35,57,65,65,65,65,65,65,61,61,37],"gold":191,"neow_bonus":"THREE_ENEMY_KILL","is_prod":false,"is_daily":false,"chose_seed":false,"campfire_upgraded":3,"win_rate":0,"timestamp":1550170612,"path_taken":["M","?","$","?","?","R","?","E","T","E","R","E","M","?","R","BOSS","M","M","?","?","M","$","M","R","T","E","M","E","?","E","R","BOSS","M","M","$","M","M","E","R","?","T","?","R","M","R","?","R","BOSS"],"build_version":"2019-01-23","purchased_purges":3,"victory":true,"max_hp_per_floor":[75,75,75,75,69,69,69,69,69,69,69,69,69,69,69,69,69,69,69,69,69,69,69,69,69,69,69,74,74,74,74,74,74,74,74,74,74,74,74,74,74,65,65,65,65,65,65,65,65,65],"card_choices":[{"not_picked":["Steam","Beam Cell"],"picked":"Blizzard","floor":1.0},{"not_picked":["Leap","Darkness"],"picked":"Coolheaded","floor":4.0},{"not_picked":["Steam Power","Rebound"],"picked":"Machine Learning","floor":8.0},{"not_picked":["Static Discharge","Storm"],"picked":"Gash","floor":10.0},{"not_picked":["Hologram","Coolheaded"],"picked":"Self Repair","floor":12.0},{"not_picked":["Barrage","Heatsinks"],"picked":"Coolheaded","floor":13.0},{"not_picked":["Hello World","Redo"],"picked":"Reinforced Body","floor":14.0},{"not_picked":["All For One","Buffer"],"picked":"Electrodynamics","floor":16.0},{"not_picked":["Streamline+1","Static Discharge"],"picked":"Gash+1","floor":18.0},{"not_picked":["Turbo+1","Redo"],"picked":"Coolheaded","floor":19.0},{"not_picked":["Barrage","Recycle"],"picked":"Stack+1","floor":21.0},{"not_picked":["Machine Learning","Rebound"],"picked":"Go for the Eyes","floor":22.0},{"not_picked":["Recycle","Turbo+1"],"picked":"Hologram","floor":24.0},{"not_picked":["Blizzard","Auto Shields","Reinforced Body+1"],"picked":"Electrodynamics","floor":27.0},{"not_picked":["Stack","Darkness+1","Scrape"],"picked":"Conserve Battery","floor":28},{"not_picked":["Hologram","Steam","Machine Learning"],"picked":"Defragment","floor":29},{"not_picked":["Stack","Reprogram","Steam","Cold Snap"],"picked":"SKIP","floor":30},{"not_picked":["Rebound","Redo","Streamline"],"picked":"Ball Lightning+1","floor":31},{"not_picked":["Fission","Core Surge","Machine Learning"],"picked":"Creative AI","floor":33},{"not_picked":["Recycle+1","Sweeping Beam+1","Heatsinks+1"],"picked":"Gash","floor":35},{"not_picked":["Cold Snap","Leap","Hologram","Sweeping Beam+1"],"picked":"SKIP","floor":36},{"not_picked":["Streamline+1","Turbo","Leap"],"picked":"Barrage+1","floor":38},{"not_picked":["Conserve Battery+1","Steam","Darkness"],"picked":"Chill+1","floor":39},{"not_picked":["Chaos","Auto Shields+1","Reinforced Body+1"],"picked":"Core Surge","floor":40},{"not_picked":["Chaos","Compile Driver+1","Ball Lightning","Cold Snap"],"picked":"SKIP","floor":46},{"not_picked":["Heatsinks+1","Turbo","Barrage"],"picked":"Rebound+1","floor":48}],"player_experience":175755,"relics_obtained":[{"floor":8.0,"key":"Ancient Tea Set"},{"floor":9.0,"key":"Shuriken"},{"floor":10.0,"key":"Mercury Hourglass"},{"floor":12.0,"key":"Peace Pipe"},{"floor":26.0,"key":"Question Card"},{"floor":27.0,"key":"Pen Nib"},{"floor":29,"key":"DataDisk"},{"floor":31,"key":"Nunchaku"},{"floor":40,"key":"Art of War"},{"floor":43,"key":"Girya"}],"event_choices":[{"damage_healed":0.0,"max_hp_gain":0.0,"max_hp_loss":0.0,"gold_gain":0.0,"event_name":"Accursed Blacksmith","player_choice":"Rummage","floor":2.0,"gold_loss":0.0,"damage_taken":0.0,"relics_obtained":["WarpedTongs"],"cards_obtained":["Pain"]},{"damage_healed":0.0,"max_hp_gain":0.0,"max_hp_loss":6.0,"gold_gain":0.0,"event_name":"Golden Idol","player_choice":"Lose Max HP","floor":5.0,"gold_loss":0.0,"damage_taken":0.0,"relics_obtained":["Golden Idol"]},{"damage_healed":0.0,"max_hp_gain":0.0,"max_hp_loss":0.0,"gold_gain":0.0,"cards_transformed":["Strike_B"],"event_name":"Transmorgrifier","player_choice":"Transformed","floor":7.0,"gold_loss":0.0,"damage_taken":0.0,"cards_obtained":["White Noise"]},{"damage_healed":65,"gold_gain":0,"player_choice":"Heal","damage_taken":0,"max_hp_gain":0,"max_hp_loss":9,"event_name":"The Moai Head","floor":42,"gold_loss":0},{"cards_removed":["Defend_B"],"damage_healed":0,"gold_gain":0,"player_choice":"Offered Basic","damage_taken":0,"max_hp_gain":0,"max_hp_loss":0,"event_name":"Bonfire Elementals","floor":44,"gold_loss":0}],"is_beta":false,"boss_relics":[{"not_picked":["Busted Crown","Velvet Choker"],"picked":"White Beast Statue"},{"not_picked":["Runic Pyramid","Astrolabe"],"picked":"Fusion Hammer"}],"items_purged_floors":[3,20,37],"is_endless":false,"potions_floor_spawned":[4,8,10,13,18,19,21,22,24,27,28,29,30,31,33,35,36,38,39,40,46,48],"ascension_level":3}