{"gold_per_floor":[109,109,125,125,142,142,161,192,192,23,38,38,49,64,64,64],"floor_reached":16,"playtime":3072,"items_purged":[],"score":140,"play_id":"258c4fb7-4c05-4abf-817b-ef36bb5dcf69","local_time":"20190202224630","is_ascension_mode":true,"campfire_choices":[{"data":"Neutralize","floor":6,"key":"SMITH"},{"floor":12,"key":"REST"},{"floor":15,"key":"REST"}],"neow_cost":"NONE","seed_source_timestamp":334101917393460,"circlet_count":0,"master_deck":["Defend_G","Defend_G","Defend_G","Defend_G","Defend_G","Strike_G","Strike_G","Strike_G","Strike_G","Survivor","Neutralize+1","Tactician","Sucker Punch","Blur","Acrobatics","Dagger Spray","Acrobatics","Well Laid Plans","Dodge and Roll","Cloak And Dagger","Eviscerate"],"relics":["Ring of the Snake","Lantern","Sundial","Gremlin Horn"],"potions_floor_usage":[8,8],"damage_taken":[{"damage":2,"enemies":"Small Slimes","floor":1,"turns":5},{"damage":0,"enemies":"2 Louse","floor":3,"turns":3},{"damage":4,"enemies":"Cultist","floor":5,"turns":5},{"damage":5,"enemies":"Large Slime","floor":7,"turns":8},{"damage":41,"enemies":"Lagavulin","floor":8,"turns":17},{"damage":0,"enemies":"Blue Slaver","floor":11,"turns":5},{"damage":6,"enemies":"Lots of Slimes","floor":13,"turns":3},{"damage":0,"enemies":"Gremlin Gang","floor":14,"turns":3},{"damage":55,"enemies":"Hexaghost","floor":16,"turns":16}],"seed_played":"-2183398491678957703","potions_obtained":[{"floor":3,"key":"Dexterity Potion"},{"floor":5,"key":"LiquidBronze"},{"floor":13,"key":"GamblersBrew"},{"floor":14,"key":"LiquidBronze"}],"is_trial":false,"path_per_floor":["M","?","M","?","M","R","M","E","T","$","M","R","M","M","R","B"],"character_chosen":"THE_SILENT","items_purchased":["Acrobatics","Well Laid Plans","Dodge and Roll"],"campfire_rested":2,"item_purchase_floors":[10,10,10],"current_hp_per_floor":[61,66,66,66,62,62,57,16,16,16,16,38,32,32,54,0],"gold":64,"neow_bonus":"RANDOM_COMMON_RELIC","is_prod":false,"is_daily":false,"chose_seed":false,"campfire_upgraded":1,"win_rate":0,"timestamp":1549165590,"path_taken":["M","?","M","?","M","R","?","E","T","$","M","R","M","M","R","BOSS"],"build_version":"2019-01-23","purchased_purges":0,"victory":false,"max_hp_per_floor":[70,75,75,75,75,75,75,75,75,75,75,75,75,75,75,75],"card_choices":[{"not_picked":["Underhanded Strike","Dagger Throw"],"picked":"Tactician","floor":1},{"not_picked":["Poisoned Stab","Flechettes","Skewer"],"picked":"SKIP","floor":3},{"not_picked":["Finisher","Accuracy"],"picked":"Blur","floor":5},{"not_picked":["Dagger Throw","Underhanded Strike"],"picked":"Acrobatics","floor":7},{"not_picked":["Venomology","Dodge and Roll"],"picked":"Dagger Spray","floor":8},{"not_picked":["Deflect","Slice","Underhanded Strike"],"picked":"SKIP","floor":11},{"not_picked":["Terror","Deadly Poison"],"picked":"Cloak And Dagger","floor":13},{"not_picked":["Dagger Throw","Storm of Steel"],"picked":"Eviscerate","floor":14}],"player_experience":388270,"relics_obtained":[{"floor":8,"key":"Sundial"},{"floor":9,"key":"Gremlin Horn"}],"event_choices":[{"damage_healed":0,"gold_gain":0,"player_choice":"Donut","damage_taken":0,"max_hp_gain":5,"max_hp_loss":0,"event_name":"Big Fish","floor":2,"gold_loss":0},{"damage_healed":0,"gold_gain":0,"cards_transformed":["Strike_G"],"player_choice":"Transformed","damage_taken":0,"max_hp_gain":0,"max_hp_loss":0,"event_name":"Transmorgrifier","floor":4,"gold_loss":0,"cards_obtained":["Sucker Punch"]}],"is_beta":false,"boss_relics":[],"items_purged_floors":[],"is_endless":false,"potions_floor_spawned":[3,5,13,14],"killed_by":"Hexaghost","ascension_level":7}