{"path_per_floor":["M","$","M","$","M","E","R","M","T","?","E","R","?","E","R","B",null,"M","?","$","?","M","R","M","R","T","R","E","$","R","E","R","B",null,"M","?","M","?","?","R","M","R","T","E","R","E","$","M","R"],"character_chosen":"IRONCLAD","items_purchased":["Metallicize","Toxic Egg 2","Wild Strike","True Grit+1","Bottled Tornado","Exhume+1","Disarm+1","Dual Wield+1"],"gold_per_floor":[362,286,306,19,34,67,67,80,126,149,175,175,225,259,259,331,331,345,378,69,69,87,87,106,106,131,131,162,0,0,28,28,103,103,123,123,141,189,189,189,204,204,228,255,255,286,180,192,192,192],"floor_reached":50,"campfire_rested":4,"playtime":1612,"item_purchase_floors":[2,4,4,20,20,29,47,47],"current_hp_per_floor":[68,68,68,68,67,49,49,49,49,50,56,56,56,47,47,36,60,39,45,45,45,41,41,41,41,41,41,39,39,59,54,68,68,68,66,66,64,54,42,42,48,48,48,35,55,22,22,12,32,0],"items_purged":[],"gold":192,"score":1104,"play_id":"8b9e7fc9-2656-4db2-bcf2-55eb6cc6c145","local_time":"20180530141442","is_prod":false,"is_daily":false,"chose_seed":false,"is_ascension_mode":true,"campfire_upgraded":8,"win_rate":0,"timestamp":1527682482,"campfire_choices":[{"data":"Whirlwind","floor":7,"key":"SMITH"},{"data":"Inflame","floor":12,"key":"SMITH"},{"data":"Metallicize","floor":15,"key":"SMITH"},{"data":"Immolate","floor":23,"key":"SMITH"},{"data":"Wild Strike","floor":25,"key":"SMITH"},{"data":"Wild Strike","floor":27,"key":"SMITH"},{"floor":30,"key":"REST"},{"floor":32,"key":"REST"},{"data":"Evolve","floor":40,"key":"SMITH"},{"data":"Bash","floor":42,"key":"SMITH"},{"floor":45,"key":"REST"},{"floor":49,"key":"REST"}],"path_taken":["M","$","M","$","M","E","R","?","T","?","E","R","?","E","R","BOSS","M","?","$","?","M","R","M","R","T","R","E","$","R","E","R","BOSS","M","?","M","?","?","R","M","R","T","E","R","E","$","M","R","BOSS"],"build_version":"2018-05-29","seed_source_timestamp":1862014643518193,"purchased_purges":0,"victory":false,"master_deck":["Strike_R","Strike_R","Defend_R","Defend_R","Defend_R","Defend_R","Bash+1","AscendersBane","Inflame+1","Metallicize+1","Wild Strike+1","Wild Strike+1","Shockwave+1","Whirlwind+1","True Grit+1","Evolve+1","Sentinel+1","Ghostly Armor+1","Immolate+1","True Grit+1","Intimidate+1","Limit Break+1","Spot Weakness+1","Exhume+1","Seeing Red+1","Exhume+1","Sword Boomerang+1","Intimidate+1","Bloodletting+1","True Grit+1","Battle Trance+1","Madness+1","Madness+1","Disarm+1","Dual Wield+1","Spot Weakness+1"],"max_hp_per_floor":[68,68,68,68,68,68,68,68,68,68,68,68,68,68,68,68,68,68,68,68,68,68,68,68,68,68,68,68,68,68,68,68,68,68,68,68,68,68,68,68,68,68,68,68,68,68,68,68,68,68],"relics":["Burning Blood","Toxic Egg 2","Bottled Lightning","Oddly Smooth Stone","Odd Mushroom","Pen Nib","Potion Belt","Velvet Choker","Red Mask","Bottled Tornado","Vajra","Centennial Puzzle","Smiling Mask","Astrolabe","Bird Faced Urn","Happy Flower","Blue Candle","Boot"],"card_choices":[{"not_picked":["Clash","Pommel Strike"],"picked":"Inflame","floor":1},{"not_picked":["Hemokinesis","Seeing Red"],"picked":"Wild Strike","floor":3},{"not_picked":["Headbutt","Cleave"],"picked":"Shockwave+1","floor":5},{"not_picked":["Shockwave+1","Iron Wave"],"picked":"Whirlwind","floor":6},{"not_picked":["Perfected Strike","Anger"],"picked":"True Grit+1","floor":8},{"not_picked":["Body Slam","Headbutt"],"picked":"Evolve","floor":10},{"not_picked":["Whirlwind","Body Slam"],"picked":"Sentinel+1","floor":11},{"not_picked":["Carnage","Havoc+1"],"picked":"Ghostly Armor+1","floor":14},{"not_picked":["Reaper","Berserk"],"picked":"Immolate","floor":16},{"not_picked":["Iron Wave+1","Cleave","Warcry+1"],"picked":"SKIP","floor":18},{"not_picked":["Perfected Strike","Rage+1"],"picked":"Intimidate+1","floor":22},{"not_picked":["Body Slam","Shrug It Off+1"],"picked":"Limit Break+1","floor":24},{"not_picked":["Rampage","Wild Strike"],"picked":"Spot Weakness+1","floor":28},{"not_picked":["Cleave","Feel No Pain"],"picked":"Seeing Red+1","floor":31},{"not_picked":["Immolate","Fiend Fire"],"picked":"Exhume+1","floor":33},{"not_picked":["Iron Wave","Wild Strike"],"picked":"True Grit+1","floor":35},{"not_picked":["Sword Boomerang+1","Hemokinesis"],"picked":"Battle Trance+1","floor":37},{"not_picked":["Anger","True Grit+1","Searing Blow"],"picked":"SKIP","floor":41},{"not_picked":["Whirlwind+1","Thunderclap","True Grit+1"],"picked":"SKIP","floor":44},{"not_picked":["Iron Wave","Pommel Strike+1","Sword Boomerang"],"picked":"SKIP","floor":46},{"not_picked":["Bludgeon","Iron Wave"],"picked":"Spot Weakness+1","floor":48}],"player_experience":805847,"potions_floor_usage":[11,31,33,33,33,50,50,50,50],"damage_taken":[{"damage":5,"enemies":"Cultist","floor":1,"turns":4},{"damage":3,"enemies":"2 Louse","floor":3,"turns":4},{"damage":7,"enemies":"Small Slimes","floor":5,"turns":5},{"damage":24,"enemies":"Gremlin Nob","floor":6,"turns":5},{"damage":6,"enemies":"Blue Slaver","floor":8,"turns":3},{"damage":5,"enemies":"The Mushroom Lair","floor":10,"turns":3},{"damage":0,"enemies":"Lagavulin","floor":11,"turns":6},{"damage":15,"enemies":"Gremlin Nob","floor":14,"turns":4},{"damage":17,"enemies":"The Guardian","floor":16,"turns":13},{"damage":27,"enemies":"Spheric Guardian","floor":18,"turns":5},{"damage":0,"enemies":"Masked Bandits","floor":19,"turns":2},{"damage":10,"enemies":"2 Thieves","floor":22,"turns":4},{"damage":6,"enemies":"Centurion and Healer","floor":24,"turns":2},{"damage":8,"enemies":"Gremlin Leader","floor":28,"turns":5},{"damage":11,"enemies":"Slavers","floor":31,"turns":2},{"damage":6,"enemies":"Automaton","floor":33,"turns":6},{"damage":8,"enemies":"3 Darklings","floor":35,"turns":2},{"damage":8,"enemies":"Orb Walker","floor":37,"turns":3},{"damage":16,"enemies":"Mysterious Sphere","floor":38,"turns":4},{"damage":2,"enemies":"Sphere and 2 Shapes","floor":41,"turns":3},{"damage":25,"enemies":"Nemesis","floor":44,"turns":7},{"damage":41,"enemies":"2 Orb Walkers","floor":46,"turns":5},{"damage":30,"enemies":"Maw","floor":48,"turns":7},{"damage":71,"enemies":"Awakened One","floor":50,"turns":8}],"relics_obtained":[{"floor":6,"key":"Bottled Lightning"},{"floor":9,"key":"Oddly Smooth Stone"},{"floor":10,"key":"Odd Mushroom"},{"floor":11,"key":"Pen Nib"},{"floor":14,"key":"Potion Belt"},{"floor":19,"key":"Red Mask"},{"floor":26,"key":"Vajra"},{"floor":28,"key":"Centennial Puzzle"},{"floor":31,"key":"Smiling Mask"},{"floor":38,"key":"Bird Faced Urn"},{"floor":43,"key":"Happy Flower"},{"floor":44,"key":"Blue Candle"},{"floor":46,"key":"Boot"}],"event_choices":[{"event_name":"Mushrooms","player_choice":"Fought Mushrooms","floor":10,"damage_taken":0},{"event_name":"Golden Shrine","player_choice":"Pray","floor":13,"damage_taken":0},{"event_name":"Masked Bandits","player_choice":"Fought over 345 gold","floor":19,"damage_taken":0},{"event_name":"Addict","player_choice":"Ignored","floor":21,"damage_taken":0},{"event_name":"The Lab","player_choice":"Got Potions","floor":36,"damage_taken":0},{"event_name":"Mysterious Sphere","player_choice":"Fight","floor":38,"damage_taken":0},{"event_name":"Winding Halls","player_choice":"Embrace Madness","floor":39,"damage_taken":0}],"boss_relics":[{"not_picked":["Runic Cube","Lizard Tail"],"picked":"Velvet Choker"},{"not_picked":["Calling Bell","Pandora\u0027s Box"],"picked":"Astrolabe"}],"items_purged_floors":[],"potions_floor_spawned":[5,6,8,14,16,19,22,24,33,38,44,46],"seed_played":"-6107857380880125639","killed_by":"Awakened One","ascension_level":15,"potions_obtained":[{"floor":5,"key":"SteroidPotion"},{"floor":6,"key":"FearPotion"},{"floor":8,"key":"Energy Potion"},{"floor":14,"key":"FearPotion"},{"floor":16,"key":"SpeedPotion"},{"floor":19,"key":"Poison Potion"},{"floor":24,"key":"Strength Potion"},{"floor":33,"key":"Dexterity Potion"},{"floor":36,"key":"FairyPotion"},{"floor":36,"key":"SpeedPotion"},{"floor":38,"key":"SkillPotion"},{"floor":44,"key":"Strength Potion"}],"is_trial":false}