{"path_per_floor":["M","?","$","M","M","R","E","$","T","M","R","$","?","?","R","B",null,"M","?","M","?","?","E","M","$","T","M","M","R","E","$","R","B",null,"M","M","$","?","?","R","E","M","T","$","$","R","M","?","R"],"character_chosen":"IRONCLAD","items_purchased":["Whirlwind","Bag of Preparation","Strength Potion","Inflame"],"gold_per_floor":[116,116,41,59,74,74,103,28,28,43,43,43,118,118,118,244,244,263,263,286,286,246,278,288,43,43,54,72,72,104,53,53,148,148,164,183,58,58,58,58,90,105,105,105,28,28,43,0,0],"floor_reached":50,"campfire_rested":5,"playtime":1186,"current_hp_per_floor":[80,80,80,74,75,75,53,53,53,49,73,73,62,42,66,27,94,94,94,81,81,81,60,63,63,63,54,65,93,86,86,86,20,94,94,94,94,94,94,94,31,36,36,36,36,64,75,75,94],"items_purged":["Defend_R","Injury","Defend_R"],"gold":0,"score":456,"play_id":"8df717ff-4190-46bb-a671-31dee50843e0","local_time":"20180303182103","is_prod":false,"is_daily":false,"is_ascension_mode":false,"campfire_upgraded":3,"timestamp":1520097663,"path_taken":["M","?","$","M","M","R","E","?","T","M","R","$","?","?","R","BOSS","M","?","M","?","?","E","?","?","T","M","M","R","E","$","R","BOSS","M","M","$","?","?","R","E","M","T","?","$","R","M","?","R","BOSS"],"build_version":"2018-03-01-PROD1","purchased_purges":3,"victory":false,"master_deck":["Strike_R","Strike_R","Strike_R","Strike_R","Defend_R","Bash+1","Pommel Strike+1","Whirlwind+1","Flex+1","Thunderclap","Writhe","Inflame"],"max_hp_per_floor":[80,80,80,80,80,80,80,80,80,80,80,80,80,80,80,80,94,94,94,94,94,94,94,94,94,94,94,94,94,94,94,94,94,94,94,94,94,94,94,94,94,94,94,94,94,94,94,94,94],"relics":["Burning Blood","Omamori","Unceasing Top","Gambling Chip","Bloody Idol","Calling Bell","Ginger","Ornamental Fan","Mango","Kunai","Bag of Preparation","Lantern","Bag of Marbles","Runic Dome","Happy Flower","Champion Belt","Red Mask"],"card_choices":[{"not_picked":["True Grit","Blood for Blood"],"picked":"Pommel Strike"},{"not_picked":["Blood for Blood","Iron Wave"],"picked":"Flex"},{"not_picked":["Shrug It Off","Twin Strike"],"picked":"Thunderclap"}],"player_experience":186272,"potions_floor_usage":[16,20,20,23,23,24,33,33,33,41,41],"damage_taken":[{"damage":0,"enemies":"Small Slimes","floor":1,"turns":3},{"damage":12,"enemies":"2 Louse","floor":4,"turns":2},{"damage":5,"enemies":"Jaw Worm","floor":5,"turns":5},{"damage":28,"enemies":"Gremlin Nob","floor":7,"turns":4},{"damage":10,"enemies":"Exordium Thugs","floor":10,"turns":3},{"damage":45,"enemies":"Slime Boss","floor":16,"turns":8},{"damage":1,"enemies":"3 Byrds","floor":18,"turns":3},{"damage":19,"enemies":"Spheric Guardian","floor":20,"turns":5},{"damage":32,"enemies":"Slavers","floor":23,"turns":2},{"damage":8,"enemies":"Centurion and Healer","floor":24,"turns":5},{"damage":20,"enemies":"Snecko","floor":27,"turns":4},{"damage":0,"enemies":"Cultist and Chosen","floor":28,"turns":3},{"damage":18,"enemies":"Gremlin Leader","floor":30,"turns":5},{"damage":77,"enemies":"Collector","floor":33,"turns":7},{"damage":0,"enemies":"3 Shapes","floor":35,"turns":1},{"damage":0,"enemies":"3 Darklings","floor":36,"turns":1},{"damage":74,"enemies":"Nemesis","floor":41,"turns":7},{"damage":6,"enemies":"4 Shapes","floor":42,"turns":1},{"damage":0,"enemies":"Sphere and 2 Shapes","floor":47,"turns":1},{"damage":109,"enemies":"Awakened One","floor":50,"turns":6}],"event_choices":[{"event_name":"The Cleric","player_choice":"Leave","floor":2,"damage_taken":0},{"event_name":"World of Goop","player_choice":"Gather Gold","floor":13,"damage_taken":0},{"event_name":"Golden Idol","player_choice":"Take Damage","floor":14,"damage_taken":0},{"event_name":"Back to Basics","player_choice":"Elegance","floor":19,"damage_taken":0},{"event_name":"Forgotten Altar","player_choice":"Gave Idol","floor":21,"damage_taken":0},{"event_name":"The Woman in Blue","player_choice":"Bought 3 Potions","floor":22,"damage_taken":0},{"event_name":"Winding Halls","player_choice":"Writhe","floor":39,"damage_taken":0},{"event_name":"Tomb of Lord Red Mask","player_choice":"Paid","floor":48,"damage_taken":0}],"boss_relics":[{"not_picked":["Question Card","Philosopher\u0027s Stone"],"picked":"Calling Bell"},{"not_picked":["Runic Cube","Runic Pyramid"],"picked":"Runic Dome"}],"potions_floor_spawned":[10,16,18,27,30,35,36,42],"seed_played":"-3623548728880982749","killed_by":"Awakened One","ascension_level":0,"is_trial":false}