{"gold_per_floor":[109,36,52,52,3,3,31,43,55,67,89,112,140,163,175,289,301,331,164,174,188,188,188],"floor_reached":23,"playtime":1065,"items_purged":["Strike_B"],"score":218,"play_id":"9cb745d4-ec8d-4e0a-bb22-ed80e4d48181","local_time":"20190210024819","is_ascension_mode":false,"campfire_choices":[{"data":"Auto Shields","floor":6.0,"key":"SMITH"},{"data":"Defragment","floor":15,"key":"SMITH"}],"neow_cost":"NONE","seed_source_timestamp":284085494740760,"circlet_count":0,"master_deck":["Strike_B","Defend_B","Defend_B","Defend_B","Zap","Dualcast","Beam Cell","Auto Shields+1","Gash+1","Defragment+1","Ball Lightning","Lockon","Sunder","Scrape","Biased Cognition","Lockon+1","Machine Learning+1","Aggregate+1","Gash+1","Gash","Conserve Battery","Self Repair+1","Genetic Algorithm"],"special_seed":0,"relics":["Cracked Core","NeowsBlessing","MawBank","Shuriken","Gremlin Horn","Astrolabe"],"potions_floor_usage":[],"damage_taken":[{"damage":0.0,"enemies":"Cultist","floor":1.0,"turns":1.0},{"damage":0.0,"enemies":"Jaw Worm","floor":3.0,"turns":1.0},{"damage":0.0,"enemies":"Lagavulin","floor":7.0,"turns":1.0},{"damage":0.0,"enemies":"2 Louse","floor":11.0,"turns":2.0},{"damage":17.0,"enemies":"Exordium Thugs","floor":12.0,"turns":3.0},{"damage":4.0,"enemies":"Blue Slaver","floor":13.0,"turns":4.0},{"damage":1,"enemies":"2 Fungi Beasts","floor":14,"turns":2},{"damage":25,"enemies":"Hexaghost","floor":16,"turns":9},{"damage":22,"enemies":"Shell Parasite","floor":18,"turns":5},{"damage":15,"enemies":"2 Thieves","floor":20,"turns":4},{"damage":30,"enemies":"Chosen and Byrds","floor":21,"turns":5},{"damage":11,"enemies":"Book of Stabbing","floor":23,"turns":2}],"seed_played":"5722118144219075435","potions_obtained":[{"floor":11.0,"key":"Ancient Potion"},{"floor":12.0,"key":"Poison Potion"}],"is_trial":false,"path_per_floor":["M","$","M","?","$","R","E","$","T","T","M","M","M","M","R","B",null,"M","$","M","M","?","E"],"character_chosen":"DEFECT","items_purchased":["Auto Shields","Block Potion","Gash","Conserve Battery"],"campfire_rested":0,"item_purchase_floors":[2,5,19,19],"current_hp_per_floor":[75,75,75,75,75,75,75,75,75,75,75,58,54,53,53,28,75,53,53,38,18,9,0],"gold":188,"neow_bonus":"THREE_ENEMY_KILL","is_prod":false,"is_daily":false,"chose_seed":false,"campfire_upgraded":2,"win_rate":0.0,"timestamp":1549784899,"path_taken":["M","$","?","?","?","R","E","$","T","?","M","M","M","M","R","BOSS","M","$","M","M","?","E"],"build_version":"2019-01-23","purchased_purges":1,"victory":false,"max_hp_per_floor":[75,75,75,75,75,75,75,75,75,75,75,75,75,75,75,75,75,75,75,75,75,75,75],"card_choices":[{"not_picked":["Stack","Streamline"],"picked":"Beam Cell","floor":1.0},{"not_picked":["Heatsinks","Thunder Strike"],"picked":"Gash","floor":3.0},{"not_picked":["Leap","Redo"],"picked":"Defragment","floor":7.0},{"not_picked":["Beam Cell","Darkness"],"picked":"Ball Lightning","floor":11.0},{"not_picked":["Auto Shields","Scrape"],"picked":"Lockon","floor":12.0},{"not_picked":["Compile Driver","Hologram"],"picked":"Sunder","floor":13.0},{"not_picked":["Redo","Hologram"],"picked":"Scrape","floor":14},{"not_picked":["Meteor Strike","Seek"],"picked":"Biased Cognition","floor":16},{"not_picked":["Consume","Glacier+1"],"picked":"Gash+1","floor":18},{"not_picked":["Force Field+1","Barrage"],"picked":"Self Repair+1","floor":20},{"not_picked":["Ball Lightning","Force Field"],"picked":"Genetic Algorithm","floor":21}],"player_experience":420452,"relics_obtained":[{"floor":7.0,"key":"MawBank"},{"floor":9.0,"key":"Shuriken"},{"floor":10.0,"key":"Gremlin Horn"}],"event_choices":[{"damage_healed":0.0,"max_hp_gain":0.0,"max_hp_loss":0.0,"gold_gain":0.0,"event_name":"Upgrade Shrine","player_choice":"Upgraded","floor":4.0,"gold_loss":0.0,"damage_taken":0.0,"cards_upgraded":["Gash"]},{"damage_healed":0,"gold_gain":0,"player_choice":"Stopped","damage_taken":9,"max_hp_gain":0,"max_hp_loss":0,"event_name":"Cursed Tome","floor":22,"gold_loss":0}],"is_beta":false,"boss_relics":[{"not_picked":["Runic Pyramid","Black Star"],"picked":"Astrolabe"}],"items_purged_floors":[19],"is_endless":false,"potions_floor_spawned":[11,12,16,20],"killed_by":"Book of Stabbing","ascension_level":0}