{"gold_per_floor":[111,111,111,131,154,154,182,182,182,192,205,222,222,238,238,339,339,339],"floor_reached":18,"playtime":1302,"items_purged":[],"score":162,"play_id":"3433135c-5e7c-481b-aa6c-bd5135feb6a2","local_time":"20190208002010","is_ascension_mode":false,"campfire_choices":[{"data":"Survivor","floor":6,"key":"SMITH"},{"floor":8,"key":"REST"},{"data":"Outmaneuver","floor":13,"key":"SMITH"},{"data":"Unload","floor":15,"key":"SMITH"}],"neow_cost":"NONE","seed_source_timestamp":4390146095271,"circlet_count":0,"master_deck":["Defend_G","Defend_G","Defend_G","Defend_G+1","Defend_G+1","Strike_G","Strike_G","Strike_G","Strike_G","Strike_G","Survivor+1","Neutralize+1","Madness+1","Crippling Poison","PiercingWail","Unload+1","Outmaneuver+1","Dagger Throw","Underhanded Strike","Deflect","Adrenaline"],"relics":["Ring of the Snake","Pen Nib","Regal Pillow","War Paint","Question Card","HoveringKite"],"potions_floor_usage":[7,16],"damage_taken":[{"damage":0,"enemies":"Cultist","floor":1,"turns":5},{"damage":3,"enemies":"2 Louse","floor":4,"turns":3},{"damage":36,"enemies":"Lagavulin","floor":7,"turns":12},{"damage":2,"enemies":"Jaw Worm","floor":10,"turns":3},{"damage":8,"enemies":"Exordium Thugs","floor":11,"turns":6},{"damage":1,"enemies":"Red Slaver","floor":12,"turns":2},{"damage":4,"enemies":"3 Louse","floor":14,"turns":2},{"damage":27,"enemies":"The Guardian","floor":16,"turns":16},{"damage":33,"enemies":"Spheric Guardian","floor":18,"turns":7}],"seed_played":"-6044452526373657926","potions_obtained":[{"floor":1,"key":"Explosive Potion"},{"floor":7,"key":"SteroidPotion"},{"floor":10,"key":"SpeedPotion"}],"is_trial":false,"path_per_floor":["M","T","?","M","T","R","E","R","T","M","M","M","R","M","R","B",null,"M"],"character_chosen":"THE_SILENT","items_purchased":[],"campfire_rested":1,"item_purchase_floors":[],"current_hp_per_floor":[70,70,56,53,53,53,17,53,53,51,43,42,42,38,38,11,70,37],"gold":339,"neow_bonus":"RANDOM_COLORLESS","is_prod":false,"is_daily":false,"chose_seed":false,"campfire_upgraded":3,"win_rate":0.0,"timestamp":1549581610,"path_taken":["M","?","?","?","?","R","E","R","T","M","M","M","R","?","R","BOSS","M"],"build_version":"2019-01-23","purchased_purges":0,"victory":false,"max_hp_per_floor":[70,70,70,70,70,70,70,70,70,70,70,70,70,70,70,70,70,70],"card_choices":[{"not_picked":["Cloak And Dagger","Endless Agony"],"picked":"Crippling Poison","floor":1},{"not_picked":["Dodge and Roll","Tactician"],"picked":"PiercingWail","floor":4},{"not_picked":["Blade Dance","Eviscerate"],"picked":"Unload","floor":7},{"not_picked":["Blade Dance","Prepared","Sucker Punch"],"picked":"Outmaneuver","floor":10},{"not_picked":["Dagger Spray","Dodge and Roll","Masterful Stab"],"picked":"Dagger Throw","floor":11},{"not_picked":["Infinite Blades","Catalyst","Leg Sweep"],"picked":"Underhanded Strike","floor":12},{"not_picked":["Reflex","Bane","All Out Attack"],"picked":"Deflect","floor":14},{"not_picked":["Unload","After Image","Die Die Die"],"picked":"Adrenaline","floor":16}],"player_experience":83328,"relics_obtained":[{"floor":2,"key":"Pen Nib"},{"floor":5,"key":"Regal Pillow"},{"floor":7,"key":"War Paint"},{"floor":9,"key":"Question Card"}],"event_choices":[{"damage_healed":0,"gold_gain":0,"player_choice":"Entered Light","damage_taken":14,"max_hp_gain":0,"max_hp_loss":0,"event_name":"Shining Light","floor":3,"gold_loss":0,"cards_upgraded":["Neutralize","Madness"]}],"is_beta":false,"boss_relics":[{"not_picked":["Astrolabe","Snecko Eye"],"picked":"HoveringKite"}],"items_purged_floors":[],"is_endless":false,"potions_floor_spawned":[1,7,10],"killed_by":"Spheric Guardian","ascension_level":0}