{"gold_per_floor":[109,129,129,304,13,13,24,24,47,67,102,158,183,193,193,292,292,308,25,44,63,75,75,89,89,115,115,115,115,145,155,155,155],"floor_reached":33,"playtime":3537,"items_purged":["Pain"],"score":302,"play_id":"1d04b51e-1a43-42fe-bd48-5ee009e27822","local_time":"20190209160121","is_ascension_mode":false,"campfire_choices":[{"data":"Loop","floor":6,"key":"SMITH"},{"floor":8,"key":"REST"},{"data":"Creative AI","floor":15,"key":"SMITH"},{"floor":23,"key":"REST"},{"data":"Master of Strategy","floor":27,"key":"SMITH"},{"data":"Stack","floor":29,"key":"SMITH"},{"data":"Conserve Battery","floor":32,"key":"SMITH"}],"neow_cost":"NONE","seed_source_timestamp":1011055642125000,"circlet_count":0,"master_deck":["Strike_B","Strike_B+1","Strike_B","Strike_B","Defend_B","Defend_B","Defend_B","Defend_B","Zap","Dualcast","Go for the Eyes","Cold Snap+1","Doubt","Loop+1","Go for the Eyes+1","Go for the Eyes+1","Conserve Battery","Blizzard+1","Creative AI+1","Compile Driver+1","Doubt","Decay","Cold Snap+1","Barrage+1","Master of Strategy+1","Compile Driver+1","Leap","Defragment+1","Compile Driver+1","Stack+1","Zap","Conserve Battery+1"],"relics":["Cracked Core","Molten Egg 2","Anchor","Meat on the Bone","Lantern","Potion Belt","Calling Bell","Happy Flower","Gremlin Horn","Mango","Strawberry","Vajra"],"potions_floor_usage":[16,22,33,33,33],"damage_taken":[{"damage":0,"enemies":"Cultist","floor":1,"turns":3},{"damage":3,"enemies":"2 Louse","floor":2,"turns":3},{"damage":5,"enemies":"Small Slimes","floor":7,"turns":3},{"damage":0,"enemies":"Looter","floor":10,"turns":3},{"damage":22,"enemies":"3 Sentries","floor":11,"turns":5},{"damage":25,"enemies":"Gremlin Nob","floor":12,"turns":4},{"damage":12,"enemies":"Lagavulin","floor":13,"turns":6},{"damage":0,"enemies":"Large Slime","floor":14,"turns":3},{"damage":21,"enemies":"Hexaghost","floor":16,"turns":6},{"damage":36,"enemies":"Spheric Guardian","floor":18,"turns":6},{"damage":0,"enemies":"Chosen","floor":20,"turns":5},{"damage":24,"enemies":"Snake Plant","floor":21,"turns":7},{"damage":25,"enemies":"Centurion and Healer","floor":22,"turns":11},{"damage":4,"enemies":"Snecko","floor":24,"turns":5},{"damage":18,"enemies":"Book of Stabbing","floor":30,"turns":5},{"damage":4,"enemies":"Sentry and Sphere","floor":31,"turns":4},{"damage":61,"enemies":"Automaton","floor":33,"turns":6}],"seed_played":"7723131290670364839","potions_obtained":[{"floor":2,"key":"Weak Potion"},{"floor":13,"key":"PowerPotion"},{"floor":16,"key":"Strength Potion"},{"floor":20,"key":"Energy Potion"},{"floor":21,"key":"Swift Potion"},{"floor":31,"key":"SteroidPotion"}],"is_trial":false,"path_per_floor":["M","M","?","?","$","R","M","R","T","M","E","?","E","M","R","B",null,"M","$","M","M","M","R","M","?","T","R","?","R","E","M","R","B"],"character_chosen":"DEFECT","items_purchased":["Molten Egg 2","Loop","Barrage+1","Master of Strategy"],"campfire_rested":2,"item_purchase_floors":[5,5,19,19],"current_hp_per_floor":[82,79,63,63,63,63,58,82,82,82,60,47,47,47,47,38,96,60,60,60,48,35,63,59,59,66,66,66,66,60,56,56,0],"gold":155,"neow_bonus":"TEN_PERCENT_HP_BONUS","is_prod":false,"is_daily":false,"chose_seed":false,"campfire_upgraded":5,"win_rate":0.0,"timestamp":1549724481,"path_taken":["M","M","?","?","$","R","M","R","T","M","E","?","E","M","R","BOSS","M","$","M","M","M","R","M","?","T","R","?","R","E","?","R","BOSS"],"build_version":"2019-01-23","purchased_purges":1,"victory":false,"max_hp_per_floor":[82,82,82,82,82,82,82,82,82,82,82,82,82,82,82,82,96,96,96,96,96,96,96,96,96,103,103,103,103,103,103,103,103],"card_choices":[{"not_picked":["Melter","Leap"],"picked":"Go for the Eyes","floor":1},{"not_picked":["Barrage","Sweeping Beam"],"picked":"Cold Snap","floor":2},{"not_picked":["Beam Cell+1","Reinforced Body"],"picked":"Go for the Eyes+1","floor":7},{"not_picked":["Reprogram","Beam Cell+1"],"picked":"Go for the Eyes+1","floor":10},{"not_picked":["Reboot","Aggregate"],"picked":"Conserve Battery","floor":11},{"not_picked":["Streamline+1","Steam Power"],"picked":"Blizzard+1","floor":12},{"not_picked":["BootSequence","Beam Cell+1"],"picked":"Creative AI","floor":13},{"not_picked":["Hello World","Gash+1"],"picked":"Compile Driver+1","floor":14},{"not_picked":["Compile Driver+1","Consume"],"picked":"Cold Snap+1","floor":18},{"not_picked":["Sweeping Beam+1","Leap"],"picked":"Compile Driver+1","floor":20},{"not_picked":["Double Energy+1","Tempest"],"picked":"Leap","floor":21},{"not_picked":["Aggregate+1","Blizzard+1"],"picked":"Defragment+1","floor":22},{"not_picked":["Leap","Barrage+1"],"picked":"Compile Driver+1","floor":24},{"not_picked":["Steam Power","Leap"],"picked":"Conserve Battery","floor":30},{"not_picked":["Darkness","Lockon+1","Hello World+1"],"picked":"SKIP","floor":31}],"player_experience":117349,"relics_obtained":[{"floor":9,"key":"Anchor"},{"floor":11,"key":"Meat on the Bone"},{"floor":12,"key":"Lantern"},{"floor":13,"key":"Potion Belt"},{"floor":17,"key":"Happy Flower"},{"floor":17,"key":"Gremlin Horn"},{"floor":17,"key":"Mango"},{"floor":26,"key":"Strawberry"},{"floor":30,"key":"Vajra"}],"event_choices":[{"damage_healed":0,"gold_gain":0,"player_choice":"Entered Light","damage_taken":16,"max_hp_gain":0,"max_hp_loss":0,"event_name":"Shining Light","floor":3,"gold_loss":0,"cards_upgraded":["Strike_B","Cold Snap"]},{"damage_healed":0,"gold_gain":175,"player_choice":"AGREE","damage_taken":0,"max_hp_gain":0,"max_hp_loss":0,"event_name":"Liars Game","floor":4,"gold_loss":0,"cards_obtained":["Doubt"]},{"damage_healed":0,"gold_gain":0,"player_choice":"Searched \u00272\u0027 times","damage_taken":0,"max_hp_gain":0,"max_hp_loss":0,"event_name":"Dead Adventurer","floor":12,"gold_loss":0},{"damage_healed":0,"gold_gain":0,"player_choice":"Ignored","damage_taken":0,"max_hp_gain":0,"max_hp_loss":0,"event_name":"Ghosts","floor":25,"gold_loss":0},{"damage_healed":0,"gold_gain":0,"player_choice":"2 cards matched","damage_taken":0,"max_hp_gain":0,"max_hp_loss":0,"event_name":"Match and Keep!","floor":28,"gold_loss":0,"cards_obtained":["Stack","Zap"]}],"is_beta":false,"boss_relics":[{"not_picked":["Orrery","Inserter"],"picked":"Calling Bell"}],"items_purged_floors":[19],"is_endless":false,"potions_floor_spawned":[2,13,16,20,21,31],"killed_by":"Automaton","ascension_level":0}