{"gold_per_floor":[118,118,47,67,83,114,114,114,114,114,134,134,150,6,6,108,108,124,124,124,75,87,87],"floor_reached":23,"playtime":862,"items_purged":["Slimebound:Strike_Slimebound"],"score":227,"play_id":"3e073a95-c91d-41b2-96a3-fdd20ad5acb8","local_time":"20190107170542","is_ascension_mode":true,"campfire_choices":[{"data":"Slimebound:CheckThePlaybook","floor":8.0,"key":"SMITH"},{"data":"Slimebound:StudyTheSpire","floor":10.0,"key":"SMITH"},{"floor":12.0,"key":"REST"},{"data":"Slimebound:MassRepurpose","floor":15.0,"key":"SMITH"}],"neow_cost":"NONE","seed_source_timestamp":420435666627714,"circlet_count":0,"master_deck":["Slimebound:Strike_Slimebound","Slimebound:Defend_Slimebound","Slimebound:Defend_Slimebound","Slimebound:Defend_Slimebound","Slimebound:Defend_Slimebound","Slimebound:Split","Slimebound:CorrosiveSpit","Slimebound:CheckThePlaybook+1","Slimebound:PoisonLick","Slimebound:StudyTheSpire+1","Slimebound:Dissolve","Slimebound:LeechLife","Slimebound:Repurpose","Slimebound:MassRepurpose+1","Slimebound:MegaLick","Slimebound:FirmFortitude","Slimebound:Gluttony"],"special_seed":0,"relics":["Slimebound:AbsorbEndCombat","Mercury Hourglass","Matryoshka","Pantograph","Lantern","Velvet Choker"],"potions_floor_usage":[23],"damage_taken":[{"damage":5.0,"enemies":"Cultist","floor":1.0,"turns":3.0},{"damage":2.0,"enemies":"Jaw Worm","floor":4.0,"turns":2.0},{"damage":8.0,"enemies":"Small Slimes","floor":5.0,"turns":2.0},{"damage":37.0,"enemies":"Gremlin Nob","floor":6.0,"turns":3.0},{"damage":0.0,"enemies":"2 Fungi Beasts","floor":11.0,"turns":2.0},{"damage":11.0,"enemies":"Lots of Slimes","floor":13.0,"turns":3.0},{"damage":38.0,"enemies":"The Guardian","floor":16.0,"turns":6.0},{"damage":12.0,"enemies":"Spheric Guardian","floor":18.0,"turns":3.0},{"damage":16.0,"enemies":"Shell Parasite","floor":22.0,"turns":3.0},{"damage":41,"enemies":"Slavers","floor":23,"turns":2}],"seed_played":"-3082588403883487016","potions_obtained":[{"floor":4.0,"key":"Fire Potion"},{"floor":5.0,"key":"SmokeBomb"},{"floor":11.0,"key":"PowerPotion"},{"floor":22.0,"key":"SkillPotion"}],"is_trial":false,"path_per_floor":["M","T","$","M","M","E","?","R","T","R","M","R","M","$","R","B",null,"M","?","?","$","M","E"],"character_chosen":"SLIMEBOUND","items_purchased":["Slimebound:StudyTheSpire","Slimebound:MassRepurpose","Slimebound:FirmFortitude"],"campfire_rested":1,"item_purchase_floors":[3,14,21],"current_hp_per_floor":[58,58,58,60,55,34,27,27,27,27,32,50,46,46,46,38,60,51,51,45,45,38,0],"gold":87,"neow_bonus":"TRANSFORM_CARD","is_prod":false,"is_daily":false,"chose_seed":false,"campfire_upgraded":3,"win_rate":0,"timestamp":1546877142,"path_taken":["M","?","?","?","M","E","?","R","T","R","M","R","M","?","R","BOSS","M","?","?","$","M","E"],"build_version":"2019-01-03v4","purchased_purges":1,"victory":false,"max_hp_per_floor":[60,60,60,60,60,60,60,60,60,60,60,60,60,60,60,60,60,60,60,60,60,60,60],"card_choices":[{"not_picked":["Slimebound:SlimeSpikes","Slimebound:FlameTackle"],"picked":"Slimebound:PoisonLick","floor":1.0},{"not_picked":["Slimebound:FormABlockade","Slimebound:DivideAndConquer","Slimebound:ItLooksTasty"],"picked":"SKIP","floor":4.0},{"not_picked":["Slimebound:PressTheAttack","Slimebound:VenomTackle"],"picked":"Slimebound:Dissolve","floor":5.0},{"not_picked":["Slimebound:PressTheAttack","Slimebound:FormABlockade","Slimebound:StrayGoop"],"picked":"SKIP","floor":6.0},{"not_picked":["Slimebound:SplitLeeching","Slimebound:ViciousTackle"],"picked":"Slimebound:LeechLife","floor":11.0},{"not_picked":["Slimebound:DivideAndConquer","Slimebound:FormABlockade"],"picked":"Slimebound:Repurpose","floor":13.0},{"not_picked":["Slimebound:SpikyOuterGoop","Slimebound:ItLooksTasty"],"picked":"Slimebound:MegaLick","floor":18.0},{"not_picked":["Slimebound:StrayGoop","Slimebound:ViciousTackle"],"picked":"Slimebound:Gluttony","floor":22.0}],"player_experience":32213,"relics_obtained":[{"floor":2.0,"key":"Mercury Hourglass"},{"floor":6.0,"key":"Matryoshka"},{"floor":9.0,"key":"Pantograph"},{"floor":9.0,"key":"Lantern"}],"event_choices":[{"cards_removed":["Slimebound:Strike_Slimebound"],"damage_healed":0.0,"max_hp_gain":0.0,"max_hp_loss":0.0,"gold_gain":0.0,"event_name":"Golden Wing","player_choice":"Card Removal","floor":7.0,"gold_loss":0.0,"damage_taken":7.0},{"damage_healed":0.0,"max_hp_gain":0.0,"max_hp_loss":0.0,"gold_gain":0.0,"event_name":"Ghosts","player_choice":"Ignored","floor":19.0,"gold_loss":0.0,"damage_taken":0.0},{"damage_healed":0.0,"max_hp_gain":0.0,"max_hp_loss":0.0,"gold_gain":0.0,"event_name":"Knowing Skull","player_choice":"","floor":20.0,"potions_obtained":[],"gold_loss":0.0,"damage_taken":6.0,"cards_obtained":[]}],"is_beta":false,"boss_relics":[{"not_picked":["Coffee Dripper","Fusion Hammer"],"picked":"Velvet Choker"}],"items_purged_floors":[14],"is_endless":false,"potions_floor_spawned":[4,5,11,22],"killed_by":"Slavers","ascension_level":4}