{"gold_per_floor":[113,113,125,138,157,157,190,140,222,256,268,268,298,310,310,310],"floor_reached":16,"playtime":776,"items_purged":[],"score":178,"play_id":"aa7f03c5-b6fa-432d-9bf9-c87d097796a9","local_time":"20190210221323","is_ascension_mode":true,"campfire_choices":[{"data":"Feed","floor":6,"key":"SMITH"},{"data":"Feed","floor":15,"key":"SMITH"}],"neow_cost":"NONE","seed_source_timestamp":256506760487464,"circlet_count":0,"master_deck":["Strike_R","Strike_R","Strike_R","Strike_R","Defend_R","Defend_R","Defend_R","Bash","Feed+1","Clash","Shrug It Off","Clash","Feed+1","Flame Barrier","Dropkick","Bludgeon","Dropkick","Iron Wave"],"relics":["Burning Blood","Calipers","Smiling Mask","Frozen Egg 2","Ancient Tea Set","Ornamental Fan"],"potions_floor_usage":[7,13,14],"damage_taken":[{"damage":2,"enemies":"2 Louse","floor":1,"turns":4},{"damage":0,"enemies":"Small Slimes","floor":3,"turns":2},{"damage":1,"enemies":"Cultist","floor":4,"turns":3},{"damage":2,"enemies":"Blue Slaver","floor":5,"turns":3},{"damage":37,"enemies":"3 Sentries","floor":7,"turns":13},{"damage":23,"enemies":"Gremlin Nob","floor":10,"turns":4},{"damage":1,"enemies":"3 Louse","floor":11,"turns":3},{"damage":4,"enemies":"Lagavulin","floor":13,"turns":5},{"damage":0,"enemies":"Red Slaver","floor":14,"turns":1},{"damage":55,"enemies":"The Guardian","floor":16,"turns":11}],"seed_played":"-9138271137413912426","potions_obtained":[{"floor":4,"key":"Fire Potion"},{"floor":10,"key":"Dexterity Potion"},{"floor":11,"key":"AttackPotion"}],"is_trial":false,"path_per_floor":["M","?","M","M","M","R","E","?","T","E","M","?","E","M","R","B"],"character_chosen":"IRONCLAD","items_purchased":[],"campfire_rested":0,"item_purchase_floors":[],"current_hp_per_floor":[83,50,59,67,74,74,50,50,50,37,49,42,48,54,54,0],"gold":310,"neow_bonus":"ONE_RANDOM_RARE_CARD","is_prod":false,"is_daily":false,"chose_seed":false,"campfire_upgraded":2,"win_rate":0,"timestamp":1549833203,"path_taken":["M","?","M","M","M","R","E","?","T","E","M","?","E","M","R","BOSS"],"build_version":"2019-01-23","purchased_purges":0,"victory":false,"max_hp_per_floor":[83,83,86,89,92,92,99,99,99,103,110,110,114,114,114,114],"card_choices":[{"not_picked":["Wild Strike","Cleave"],"picked":"Clash","floor":1},{"not_picked":["Entrench","Havoc"],"picked":"Shrug It Off","floor":3},{"not_picked":["Pommel Strike","Rampage"],"picked":"Clash","floor":4},{"not_picked":["Rage","Burning Pact"],"picked":"Feed","floor":5},{"not_picked":["Warcry","Whirlwind"],"picked":"Flame Barrier","floor":7},{"not_picked":["Shockwave","Wild Strike"],"picked":"Dropkick","floor":10},{"not_picked":["True Grit","Thunderclap"],"picked":"Bludgeon","floor":11},{"not_picked":["Disarm","Shrug It Off"],"picked":"Dropkick","floor":13},{"not_picked":["Twin Strike","Wild Strike"],"picked":"Iron Wave","floor":14}],"player_experience":153759,"relics_obtained":[{"floor":7,"key":"Smiling Mask"},{"floor":9,"key":"Frozen Egg 2"},{"floor":10,"key":"Ancient Tea Set"},{"floor":13,"key":"Ornamental Fan"}],"event_choices":[{"damage_healed":0,"gold_gain":0,"player_choice":"Success","damage_taken":33,"relics_obtained":["Calipers"],"max_hp_gain":0,"max_hp_loss":0,"event_name":"Scrap Ooze","floor":2,"gold_loss":0},{"cards_removed":["Defend_R"],"damage_healed":0,"gold_gain":0,"player_choice":"Card Removal","damage_taken":0,"max_hp_gain":0,"max_hp_loss":0,"event_name":"The Cleric","floor":8,"gold_loss":50},{"cards_removed":["Strike_R"],"damage_healed":0,"gold_gain":0,"player_choice":"Card Removal","damage_taken":7,"max_hp_gain":0,"max_hp_loss":0,"event_name":"Golden Wing","floor":12,"gold_loss":0}],"is_beta":false,"boss_relics":[],"items_purged_floors":[],"is_endless":false,"potions_floor_spawned":[4,10,11],"killed_by":"The Guardian","ascension_level":1}