{"gold_per_floor":[118,129,79,93,104,134,97,97,165,240,255,255,266,285,285,385,385,400,400,36,46,46,46],"floor_reached":23,"playtime":4403,"items_purged":["Strike_G"],"score":203,"play_id":"9199e98e-eedc-42e9-b027-0df271819ecd","local_time":"20190208171310","is_ascension_mode":true,"campfire_choices":[{"floor":8,"key":"REST"},{"floor":12,"key":"REST"},{"floor":15,"key":"REST"}],"neow_cost":"NONE","seed_source_timestamp":928099547536400,"circlet_count":0,"master_deck":["Defend_G","Defend_G","Defend_G","Defend_G","Strike_G","Strike_G","Strike_G","Survivor","Neutralize","Eviscerate","Well Laid Plans","Skewer","Predator","Prepared","Concentrate","Caltrops","Well Laid Plans","Backflip","Escape Plan","Endless Agony","Quick Slash","A Thousand Cuts","Cloak And Dagger","Flechettes","Master of Strategy","Reflex","Dash","Distraction+1","Footwork"],"relics":["Ring of the Snake","Prayer Wheel","Blue Candle","Busted Crown","Enchiridion","Mango"],"potions_floor_usage":[5,16,16,21,23],"damage_taken":[{"damage":4,"enemies":"Jaw Worm","floor":1,"turns":5},{"damage":0,"enemies":"2 Louse","floor":2,"turns":3},{"damage":2,"enemies":"Cultist","floor":4,"turns":4},{"damage":5,"enemies":"Looter","floor":5,"turns":4},{"damage":38,"enemies":"Lagavulin","floor":6,"turns":8},{"damage":12,"enemies":"Gremlin Gang","floor":11,"turns":4},{"damage":3,"enemies":"2 Fungi Beasts","floor":13,"turns":4},{"damage":9,"enemies":"Exordium Wildlife","floor":14,"turns":3},{"damage":17,"enemies":"Slime Boss","floor":16,"turns":11},{"damage":9,"enemies":"Shell Parasite","floor":18,"turns":5},{"damage":14,"enemies":"2 Thieves","floor":21,"turns":3},{"damage":23,"enemies":"Slavers","floor":23,"turns":3}],"seed_played":"-7098921969279151698","potions_obtained":[{"floor":1,"key":"Regen Potion"},{"floor":4,"key":"Poison Potion"},{"floor":11,"key":"GhostInAJar"},{"floor":13,"key":"Energy Potion"},{"floor":14,"key":"PowerPotion"},{"floor":18,"key":"GamblersBrew"}],"is_trial":false,"path_per_floor":["M","M","?","M","M","E","$","R","T","?","M","R","M","M","R","B",null,"M","?","$","M","T","E"],"character_chosen":"THE_SILENT","items_purchased":["Concentrate","Master of Strategy","Reflex","Dash"],"campfire_rested":3,"item_purchase_floors":[7,20,20,20],"current_hp_per_floor":[66,66,66,64,59,21,21,42,42,31,19,40,37,28,49,32,70,61,45,45,31,45,27],"gold":46,"neow_bonus":"TRANSFORM_CARD","is_prod":false,"is_daily":false,"chose_seed":false,"campfire_upgraded":0,"win_rate":0,"timestamp":1549642390,"path_taken":["M","M","?","M","M","E","?","R","T","?","M","R","M","M","R","BOSS","M","?","$","M","?","E"],"build_version":"2019-01-23","purchased_purges":1,"victory":false,"max_hp_per_floor":[70,70,70,70,70,70,70,70,70,70,70,70,70,70,70,70,70,70,70,70,70,84,84],"card_choices":[{"not_picked":["Leg Sweep","Dodge and Roll"],"picked":"Well Laid Plans","floor":1},{"not_picked":["All Out Attack","Deadly Poison"],"picked":"Skewer","floor":2},{"not_picked":["Blade Dance","Flying Knee"],"picked":"Predator","floor":4},{"not_picked":["Dodge and Roll","Quick Slash"],"picked":"Prepared","floor":5},{"not_picked":["Poisoned Stab","Masterful Stab","Unload"],"picked":"SKIP","floor":6},{"not_picked":["Calculated Gamble","Dagger Spray"],"picked":"Caltrops","floor":11},{"not_picked":["Outmaneuver","Sucker Punch"],"picked":"Well Laid Plans","floor":11},{"not_picked":["Masterful Stab","Quick Slash"],"picked":"Backflip","floor":13},{"not_picked":["Deflect","Dagger Throw"],"picked":"Escape Plan","floor":13},{"not_picked":["Blade Dance","Heel Hook"],"picked":"Endless Agony","floor":14},{"not_picked":["Deadly Poison","Blade Dance"],"picked":"Quick Slash","floor":14},{"not_picked":["Bullet Time","Night Terror"],"picked":"A Thousand Cuts","floor":16},{"not_picked":[],"picked":"Cloak And Dagger","floor":18},{"not_picked":[],"picked":"Flechettes","floor":18},{"not_picked":[],"picked":"Distraction+1","floor":21},{"not_picked":[],"picked":"Footwork","floor":21}],"player_experience":90347,"relics_obtained":[{"floor":6,"key":"Prayer Wheel"},{"floor":9,"key":"Blue Candle"},{"floor":19,"key":"Enchiridion"},{"floor":22,"key":"Mango"}],"event_choices":[{"cards_removed":["Defend_G"],"damage_healed":0,"gold_gain":0,"player_choice":"Card Removal","damage_taken":0,"max_hp_gain":0,"max_hp_loss":0,"event_name":"The Cleric","floor":3,"gold_loss":50},{"damage_healed":0,"gold_gain":75,"player_choice":"Gather Gold","damage_taken":11,"max_hp_gain":0,"max_hp_loss":0,"event_name":"World of Goop","floor":10,"gold_loss":0},{"damage_healed":0,"gold_gain":0,"player_choice":"Obtained Book","damage_taken":16,"max_hp_gain":0,"max_hp_loss":0,"event_name":"Cursed Tome","floor":19,"gold_loss":0}],"is_beta":false,"boss_relics":[{"not_picked":["Ectoplasm","Velvet Choker"],"picked":"Busted Crown"}],"items_purged_floors":[20],"is_endless":false,"potions_floor_spawned":[1,4,11,13,14,18],"killed_by":"Slavers","ascension_level":1}