{"gold_per_floor":[112,112,124,124,142,172,187,187,187,187,142,142,154,51,51,152,152,92,18,18,18,18,43,43,43],"floor_reached":25,"playtime":1434,"items_purged":[],"score":226,"play_id":"523fe242-afbd-4088-90a8-f463748540ed","local_time":"20190213224151","is_ascension_mode":true,"campfire_choices":[{"floor":12,"key":"REST"},{"floor":15,"key":"REST"},{"data":"Creative AI","floor":24,"key":"SMITH"}],"neow_cost":"NONE","seed_source_timestamp":16456950827084,"circlet_count":0,"master_deck":["Strike_B","Strike_B","Defend_B","Defend_B+1","Defend_B","Defend_B+1","Zap","Dualcast","Coolheaded","Steam Power","Creative AI+1","Conserve Battery","Cold Snap","Go for the Eyes","BootSequence+1","Barrage","Leap","Creative AI"],"relics":["FrozenCore","Du-Vu Doll","Bottled Lightning","Pantograph","Regal Pillow"],"potions_floor_usage":[16,21],"damage_taken":[{"damage":2,"enemies":"Jaw Worm","floor":1,"turns":5},{"damage":2,"enemies":"Small Slimes","floor":3,"turns":3},{"damage":0,"enemies":"Cultist","floor":5,"turns":3},{"damage":38,"enemies":"Lagavulin","floor":6,"turns":11},{"damage":1,"enemies":"3 Louse","floor":7,"turns":3},{"damage":12,"enemies":"Blue Slaver","floor":13,"turns":5},{"damage":59,"enemies":"Slime Boss","floor":16,"turns":14},{"damage":9,"enemies":"2 Thieves","floor":18,"turns":4},{"damage":47,"enemies":"Colosseum Slavers","floor":21,"turns":7},{"damage":35,"enemies":"Book of Stabbing","floor":23,"turns":7},{"damage":63,"enemies":"Gremlin Leader","floor":25,"turns":7}],"seed_played":"4429648171068614117","potions_obtained":[{"floor":1,"key":"EssenceOfSteel"},{"floor":5,"key":"Poison Potion"},{"floor":13,"key":"FearPotion"},{"floor":16,"key":"LiquidBronze"},{"floor":23,"key":"Poison Potion"}],"is_trial":false,"path_per_floor":["M","?","M","?","M","E","M","?","T","?","?","R","M","$","R","B",null,"M","$","?","?","?","E","R","E"],"character_chosen":"DEFECT","items_purchased":["Cold Snap","Go for the Eyes","Barrage","Leap"],"campfire_rested":2,"item_purchase_floors":[14,14,19,19],"current_hp_per_floor":[73,73,71,71,71,33,32,17,17,10,10,32,20,20,42,8,75,66,66,66,19,85,50,50,0],"gold":43,"neow_bonus":"REMOVE_CARD","is_prod":false,"is_daily":false,"chose_seed":false,"campfire_upgraded":1,"win_rate":0,"timestamp":1550119311,"path_taken":["M","?","M","?","M","E","?","?","T","?","?","R","M","$","R","BOSS","M","$","?","?","?","E","R","E"],"build_version":"2019-01-23","purchased_purges":0,"victory":false,"max_hp_per_floor":[75,75,75,75,75,75,75,75,75,75,75,75,75,75,75,75,75,75,75,75,75,85,85,85,85],"card_choices":[{"not_picked":["Skim","Doom and Gloom"],"picked":"Coolheaded","floor":1},{"not_picked":["Streamline","Fusion"],"picked":"Steam Power","floor":3},{"not_picked":["Stack","Force Field","Beam Cell"],"picked":"SKIP","floor":5},{"not_picked":["Stack","Compile Driver","Turbo"],"picked":"SKIP","floor":6},{"not_picked":["Reprogram","Gash"],"picked":"Creative AI","floor":7},{"not_picked":["Sweeping Beam","Skim"],"picked":"Conserve Battery","floor":13},{"not_picked":["Thunder Strike","Machine Learning"],"picked":"Creative AI","floor":16},{"not_picked":["Steam","Sweeping Beam+1"],"picked":"BootSequence+1","floor":18},{"not_picked":["Cold Snap","Rebound+1"],"picked":"Creative AI","floor":23}],"player_experience":87557,"relics_obtained":[{"floor":6,"key":"Bottled Lightning"},{"floor":9,"key":"Pantograph"},{"floor":23,"key":"Regal Pillow"}],"event_choices":[{"damage_healed":0,"gold_gain":0,"player_choice":"Box","damage_taken":0,"relics_obtained":["Du-Vu Doll"],"max_hp_gain":0,"max_hp_loss":0,"event_name":"Big Fish","floor":2,"gold_loss":0,"cards_obtained":["Regret"]},{"cards_removed":["Regret"],"damage_healed":0,"gold_gain":0,"player_choice":"Removed Curses","damage_taken":0,"max_hp_gain":0,"max_hp_loss":0,"event_name":"Fountain of Cleansing","floor":4,"gold_loss":0},{"damage_healed":0,"gold_gain":0,"player_choice":"Entered Light","damage_taken":15,"max_hp_gain":0,"max_hp_loss":0,"event_name":"Shining Light","floor":8,"gold_loss":0,"cards_upgraded":["Defend_B","Defend_B"]},{"cards_removed":["Strike_B"],"damage_healed":0,"gold_gain":0,"player_choice":"Card Removal","damage_taken":7,"max_hp_gain":0,"max_hp_loss":0,"event_name":"Golden Wing","floor":10,"gold_loss":0},{"damage_healed":0,"gold_gain":0,"player_choice":"Left Gold","damage_taken":0,"max_hp_gain":0,"max_hp_loss":0,"event_name":"World of Goop","floor":11,"gold_loss":45},{"damage_healed":0,"gold_gain":0,"player_choice":"Ignored","damage_taken":0,"max_hp_gain":0,"max_hp_loss":0,"event_name":"Ghosts","floor":20,"gold_loss":0},{"damage_healed":0,"gold_gain":0,"player_choice":"Fight","damage_taken":0,"max_hp_gain":0,"max_hp_loss":0,"event_name":"Colosseum","floor":21,"gold_loss":0},{"damage_healed":0,"gold_gain":0,"player_choice":"Fled From Nobs","damage_taken":0,"max_hp_gain":0,"max_hp_loss":0,"event_name":"Colosseum","floor":21,"gold_loss":0},{"cards_removed":["Creative AI"],"damage_healed":56,"gold_gain":0,"player_choice":"Offered Rare","damage_taken":0,"max_hp_gain":10,"max_hp_loss":0,"event_name":"Bonfire Elementals","floor":22,"gold_loss":0}],"is_beta":false,"boss_relics":[{"not_picked":["Sozu","Velvet Choker"],"picked":"FrozenCore"}],"items_purged_floors":[],"is_endless":false,"potions_floor_spawned":[1,5,13,16,21,23],"killed_by":"Gremlin Leader","ascension_level":1}