{"gold_per_floor":[113,133,133,150,162,196,196,224,277,277,287,305,332,389,389,491,491,507,132,132,146,161,186,186,218,266,266,266],"floor_reached":28,"playtime":2741,"items_purged":["Disarm"],"score":343,"play_id":"c1be3516-fdb1-4cc8-a47f-568ff937324c","local_time":"20190208115223","is_ascension_mode":true,"campfire_choices":[{"data":"Uppercut","floor":7,"key":"SMITH"},{"floor":10,"key":"REST"},{"data":"Armaments","floor":15,"key":"SMITH"},{"floor":24,"key":"REST"}],"neow_cost":"NONE","seed_source_timestamp":910508411314800,"circlet_count":0,"master_deck":["Bash","Uppercut+1","Heavy Blade","Exhume","Headbutt","Spot Weakness","Blood for Blood","Shockwave","Corruption","Armaments+1","Heavy Blade","Barricade","Rage","Headbutt","Limit Break","Anger","Berserk","Shockwave","Juggernaut","Battle Trance+1","Thinking Ahead","Sentinel","Armaments","Headbutt+1","Immolate","Armaments","Armaments"],"relics":["Snecko Eye","Gambling Chip","Darkstone Periapt","Ancient Tea Set","Smiling Mask","Lantern","Pandora\u0027s Box","Paper Frog","Juzu Bracelet","Red Skull"],"potions_floor_usage":[12,21,23,23,28],"damage_taken":[{"damage":3,"enemies":"2 Louse","floor":1,"turns":2},{"damage":10,"enemies":"Small Slimes","floor":2,"turns":2},{"damage":0,"enemies":"Cultist","floor":4,"turns":2},{"damage":14,"enemies":"3 Louse","floor":5,"turns":3},{"damage":14,"enemies":"Gremlin Nob","floor":6,"turns":3},{"damage":13,"enemies":"Lagavulin","floor":8,"turns":3},{"damage":0,"enemies":"Exordium Thugs","floor":11,"turns":3},{"damage":0,"enemies":"Looter","floor":12,"turns":2},{"damage":0,"enemies":"Gremlin Nob","floor":13,"turns":2},{"damage":19,"enemies":"Lagavulin Event","floor":14,"turns":4},{"damage":5,"enemies":"The Guardian","floor":16,"turns":4},{"damage":0,"enemies":"Shell Parasite","floor":18,"turns":1},{"damage":5,"enemies":"Chosen","floor":21,"turns":2},{"damage":17,"enemies":"3 Cultists","floor":22,"turns":4},{"damage":41,"enemies":"Gremlin Leader","floor":23,"turns":4},{"damage":16,"enemies":"Slavers","floor":25,"turns":3},{"damage":13,"enemies":"Colosseum Slavers","floor":28,"turns":2}],"seed_played":"5048978466630318039","potions_obtained":[{"floor":1,"key":"LiquidBronze"},{"floor":6,"key":"Fire Potion"},{"floor":11,"key":"Energy Potion"},{"floor":12,"key":"Weak Potion"},{"floor":21,"key":"AttackPotion"},{"floor":25,"key":"SkillPotion"}],"is_trial":false,"path_per_floor":["M","M","?","M","M","E","R","E","T","R","M","M","E","?","R","B",null,"M","$","?","M","M","E","R","E","T","?","?"],"character_chosen":"IRONCLAD","items_purchased":["Thinking Ahead","Sentinel","Armaments"],"campfire_rested":2,"item_purchase_floors":[19,19,19],"current_hp_per_floor":[77,67,67,67,53,39,39,26,26,50,50,50,50,31,31,26,80,80,80,65,60,43,2,27,11,11,11,0],"gold":266,"neow_bonus":"BOSS_RELIC","is_prod":false,"is_daily":false,"chose_seed":false,"campfire_upgraded":2,"win_rate":0,"timestamp":1549623143,"path_taken":["M","M","?","M","M","E","R","E","T","R","M","M","E","?","R","BOSS","M","$","?","M","M","E","R","E","T","?","?"],"build_version":"2019-01-23","purchased_purges":1,"victory":false,"max_hp_per_floor":[80,80,80,80,80,80,80,80,80,80,80,80,80,80,80,80,80,80,80,85,85,85,85,85,85,85,85,85],"card_choices":[{"not_picked":["Fire Breathing","Armaments"],"picked":"Uppercut","floor":1},{"not_picked":["Cleave","Dropkick"],"picked":"Heavy Blade","floor":2},{"not_picked":["Infernal Blade","Second Wind"],"picked":"Headbutt","floor":4},{"not_picked":["Sentinel","Iron Wave"],"picked":"Spot Weakness","floor":5},{"not_picked":["Seeing Red","Dark Embrace"],"picked":"Blood for Blood","floor":6},{"not_picked":["Exhume","Twin Strike"],"picked":"Shockwave","floor":8},{"not_picked":["Reckless Charge","Body Slam"],"picked":"Warcry","floor":11},{"not_picked":["Fire Breathing","Cleave"],"picked":"Corruption","floor":12},{"not_picked":["Combust","Cleave"],"picked":"Armaments","floor":13},{"not_picked":["Battle Trance","Intimidate"],"picked":"Heavy Blade","floor":14},{"not_picked":["Feed","Dark Embrace"],"picked":"Barricade","floor":16},{"not_picked":["True Grit","Intimidate"],"picked":"Battle Trance+1","floor":18},{"not_picked":["Anger","Havoc"],"picked":"Headbutt+1","floor":21},{"not_picked":["Anger","Fire Breathing"],"picked":"Immolate","floor":22},{"not_picked":["Cleave","Havoc+1"],"picked":"Armaments","floor":23},{"not_picked":["Clash","Feel No Pain+1"],"picked":"Armaments","floor":25}],"player_experience":80418,"relics_obtained":[{"floor":6,"key":"Gambling Chip"},{"floor":8,"key":"Darkstone Periapt"},{"floor":9,"key":"Ancient Tea Set"},{"floor":13,"key":"Smiling Mask"},{"floor":14,"key":"Lantern"},{"floor":23,"key":"Paper Frog"},{"floor":25,"key":"Juzu Bracelet"},{"floor":26,"key":"Red Skull"}],"event_choices":[{"damage_healed":0,"gold_gain":0,"cards_transformed":["Strike_R"],"player_choice":"Change","damage_taken":0,"max_hp_gain":0,"max_hp_loss":0,"event_name":"Living Wall","floor":3,"gold_loss":0,"cards_obtained":["Exhume"]},{"damage_healed":0,"gold_gain":30,"player_choice":"Searched \u00272\u0027 times","damage_taken":0,"max_hp_gain":0,"max_hp_loss":0,"event_name":"Dead Adventurer","floor":14,"gold_loss":0},{"damage_healed":0,"gold_gain":0,"player_choice":"Shed Blood","damage_taken":20,"max_hp_gain":5,"max_hp_loss":0,"event_name":"Forgotten Altar","floor":20,"gold_loss":0},{"cards_removed":["Warcry"],"damage_healed":0,"gold_gain":0,"player_choice":"Elegance","damage_taken":0,"max_hp_gain":0,"max_hp_loss":0,"event_name":"Back to Basics","floor":27,"gold_loss":0},{"damage_healed":0,"gold_gain":0,"player_choice":"Fight","damage_taken":0,"max_hp_gain":0,"max_hp_loss":0,"event_name":"Colosseum","floor":28,"gold_loss":0}],"is_beta":false,"boss_relics":[{"not_picked":["Velvet Choker","Tiny House"],"picked":"Pandora\u0027s Box"}],"items_purged_floors":[19],"is_endless":false,"potions_floor_spawned":[1,6,11,12,13,21,25],"killed_by":"Colosseum Slavers","ascension_level":1}