{"gold_per_floor":[17,27,27,27,39,39,56,86,86,97,112,1,13,29,29,124,124,134,63,63,63,75,101,101,116,141,155,155],"floor_reached":28,"playtime":1749,"items_purged":["Regret"],"score":244,"play_id":"d7d700f3-b2f8-4ad4-822c-7851447fc420","local_time":"20190209163405","is_ascension_mode":false,"campfire_choices":[{"data":"Apotheosis","floor":6,"key":"SMITH"},{"data":"Machine Learning","floor":15,"key":"SMITH"},{"floor":24,"key":"REST"}],"neow_cost":"NO_GOLD","seed_source_timestamp":148781677225892,"circlet_count":0,"master_deck":["Strike_B","Strike_B","Strike_B","Strike_B","Defend_B","Defend_B","Defend_B","Defend_B","Zap","Dualcast","Swift Strike","Apotheosis+1","Leap","Melter","Steam","Doom and Gloom","Self Repair","Machine Learning+1","FTL","Fusion","Streamline","Buffer","Heatsinks+1","Defragment","RitualDagger+1","Conserve Battery+1","Loop","Force Field","Conserve Battery"],"relics":["Cracked Core","Bag of Marbles","Thread and Needle","Singing Bowl","Black Star","Blood Vial","Regal Pillow","Pen Nib"],"potions_floor_usage":[28],"damage_taken":[{"damage":7,"enemies":"Jaw Worm","floor":1,"turns":3},{"damage":0,"enemies":"Small Slimes","floor":2,"turns":3},{"damage":1,"enemies":"Cultist","floor":5,"turns":2},{"damage":6,"enemies":"Exordium Thugs","floor":7,"turns":4},{"damage":15,"enemies":"Lagavulin","floor":8,"turns":5},{"damage":0,"enemies":"2 Fungi Beasts","floor":10,"turns":3},{"damage":1,"enemies":"Gremlin Gang","floor":11,"turns":3},{"damage":4,"enemies":"3 Louse","floor":13,"turns":3},{"damage":3,"enemies":"Exordium Thugs","floor":14,"turns":3},{"damage":32,"enemies":"The Guardian","floor":16,"turns":10},{"damage":6,"enemies":"3 Byrds","floor":18,"turns":5},{"damage":0,"enemies":"Chosen","floor":22,"turns":6},{"damage":61,"enemies":"Gremlin Leader","floor":23,"turns":8},{"damage":18,"enemies":"Shelled Parasite and Fungi","floor":25,"turns":5},{"damage":30,"enemies":"Cultist and Chosen","floor":27,"turns":7},{"damage":66,"enemies":"Slavers","floor":28,"turns":6}],"seed_played":"-947003083347963853","potions_obtained":[{"floor":1,"key":"FairyPotion"},{"floor":4,"key":"FairyPotion"},{"floor":4,"key":"SpeedPotion"}],"is_trial":false,"path_per_floor":["M","M","?","?","M","R","M","E","T","M","M","$","M","M","R","B",null,"M","$","?","?","M","E","R","M","T","M","E"],"character_chosen":"DEFECT","items_purchased":["FTL","Defragment"],"campfire_rested":1,"item_purchase_floors":[12,19],"current_hp_per_floor":[68,68,68,68,67,67,61,46,46,55,64,64,67,71,71,46,77,77,77,71,71,77,26,64,55,55,34,0],"gold":155,"neow_bonus":"RANDOM_COLORLESS_2","is_prod":false,"is_daily":false,"chose_seed":false,"campfire_upgraded":2,"win_rate":0.0,"timestamp":1549726445,"path_taken":["M","M","?","?","M","R","M","E","T","?","M","$","M","M","R","BOSS","M","$","?","?","M","E","R","M","T","?","E"],"build_version":"2019-01-23","purchased_purges":1,"victory":false,"max_hp_per_floor":[75,75,75,75,75,75,75,75,75,77,77,77,77,77,77,77,77,77,77,77,77,77,77,77,77,77,77,77],"card_choices":[{"not_picked":["Cold Snap","Redo"],"picked":"Leap","floor":1},{"not_picked":["Coolheaded","Glacier"],"picked":"Melter","floor":2},{"not_picked":["White Noise","BootSequence"],"picked":"Steam","floor":5},{"not_picked":["Chaos","Cold Snap"],"picked":"Doom and Gloom","floor":7},{"not_picked":["All For One","Go for the Eyes"],"picked":"Self Repair","floor":8},{"not_picked":["Barrage","Rip and Tear","Self Repair"],"picked":"Singing Bowl","floor":10},{"not_picked":["Cold Snap","Compile Driver"],"picked":"Machine Learning","floor":11},{"not_picked":["Leap","Coolheaded"],"picked":"Fusion","floor":13},{"not_picked":["Steam","Hologram"],"picked":"Streamline","floor":14},{"not_picked":["Multi-Cast","Rainbow"],"picked":"Buffer","floor":16},{"not_picked":["Ball Lightning+1","Leap+1"],"picked":"Heatsinks+1","floor":18},{"not_picked":["Compile Driver","Chaos"],"picked":"Conserve Battery+1","floor":22},{"not_picked":["Consume","BootSequence"],"picked":"Loop","floor":23},{"not_picked":["Leap","Storm"],"picked":"Force Field","floor":25},{"not_picked":["Coolheaded","Hologram"],"picked":"Conserve Battery","floor":27}],"player_experience":101902,"relics_obtained":[{"floor":8,"key":"Thread and Needle"},{"floor":9,"key":"Singing Bowl"},{"floor":23,"key":"Blood Vial"},{"floor":23,"key":"Regal Pillow"},{"floor":26,"key":"Pen Nib"}],"event_choices":[{"damage_healed":0,"gold_gain":0,"player_choice":"Box","damage_taken":0,"relics_obtained":["Bag of Marbles"],"max_hp_gain":0,"max_hp_loss":0,"event_name":"Big Fish","floor":3,"gold_loss":0,"cards_obtained":["Regret"]},{"damage_healed":0,"gold_gain":0,"player_choice":"Got Potions","damage_taken":0,"max_hp_gain":0,"max_hp_loss":0,"event_name":"Lab","floor":4,"gold_loss":0},{"damage_healed":0,"gold_gain":0,"player_choice":"Joined the Cult","damage_taken":6,"max_hp_gain":0,"max_hp_loss":0,"event_name":"Nest","floor":20,"gold_loss":0,"cards_obtained":["RitualDagger"]},{"damage_healed":0,"gold_gain":0,"player_choice":"Upgraded","damage_taken":0,"max_hp_gain":0,"max_hp_loss":0,"event_name":"Upgrade Shrine","floor":21,"gold_loss":0,"cards_upgraded":["RitualDagger"]}],"is_beta":false,"boss_relics":[{"not_picked":["Coffee Dripper","Astrolabe"],"picked":"Black Star"}],"items_purged_floors":[12],"is_endless":false,"potions_floor_spawned":[1,8,10,14,18,27],"killed_by":"Slavers","ascension_level":0}