{"gold_per_floor":[114,129,144,159,62,62,77,92,92,107,122,122,137,167,167,267,267,282,297,116,131,27,27,57,69,106,133,145,3,18,18,18,118,118,133,83,98,113,8,8,23,23,23,38,68,68,83,83,83,83],"floor_reached":51,"playtime":4639,"items_purged":["Strike_G","Strike_G","Strike_G","Strike_G","Defend_G","Crippling Poison"],"score":730,"play_id":"0eee55b5-69a6-430f-9269-48af35de3064","local_time":"20190211173658","daily_mods":["Specialized","Vintage","Terminal"],"is_ascension_mode":false,"campfire_choices":[{"data":"Neutralize","floor":6,"key":"SMITH"},{"data":"Survivor","floor":12,"key":"SMITH"},{"data":"Poisoned Stab","floor":15,"key":"SMITH"},{"data":"Noxious Fumes","floor":23,"key":"SMITH"},{"floor":25,"key":"REST"},{"data":"Backflip","floor":28,"key":"SMITH"},{"data":"Backflip","floor":32,"key":"SMITH"},{"data":"Footwork","floor":40,"key":"SMITH"},{"data":"Bouncing Flask","floor":42,"key":"SMITH"},{"data":"Backflip","floor":46,"key":"SMITH"},{"data":"Deadly Poison","floor":49,"key":"SMITH"}],"neow_cost":"","seed_source_timestamp":0,"circlet_count":0,"master_deck":["Defend_G","Defend_G","Defend_G","Defend_G","Survivor+1","Neutralize+1","Crippling Poison","Crippling Poison","Crippling Poison","Deadly Poison+1","Poisoned Stab+1","Die Die Die","Noxious Fumes+1","Backflip+1","Poisoned Stab","Backflip+1","Backflip+1","Bouncing Flask+1","Dagger Spray","Wraith Form v2","Footwork+1","Heel Hook+1"],"special_seed":17938,"relics":["Ring of the Snake","Tingsha","Mummified Hand","Shuriken","Torii","WingedGreaves","Shovel","Meat on the Bone","Snake Skull","Question Card","Letter Opener","Smiling Mask","White Beast Statue","Juzu Bracelet","Bag of Preparation","Bottled Tornado","MawBank","Orichalcum","Potion Belt","Happy Flower","Lizard Tail","Matryoshka","Blue Candle","The Courier","Molten Egg 2","Omamori","Ginger","Pen Nib","Oddly Smooth Stone","Mercury Hourglass"],"potions_floor_usage":[19,33,33,41,45,50,50,50,50,50],"damage_taken":[{"damage":1,"enemies":"Cultist","floor":1,"turns":5},{"damage":0,"enemies":"Jaw Worm","floor":2,"turns":4},{"damage":0,"enemies":"2 Louse","floor":3,"turns":2},{"damage":13,"enemies":"Large Slime","floor":4,"turns":11},{"damage":8,"enemies":"Gremlin Gang","floor":7,"turns":3},{"damage":0,"enemies":"2 Fungi Beasts","floor":8,"turns":3},{"damage":1,"enemies":"Blue Slaver","floor":10,"turns":4},{"damage":0,"enemies":"Looter","floor":11,"turns":4},{"damage":7,"enemies":"2 Fungi Beasts","floor":13,"turns":3},{"damage":0,"enemies":"Lagavulin","floor":14,"turns":6},{"damage":4,"enemies":"The Guardian","floor":16,"turns":8},{"damage":0,"enemies":"3 Byrds","floor":18,"turns":4},{"damage":1,"enemies":"2 Thieves","floor":19,"turns":4},{"damage":1,"enemies":"Centurion and Healer","floor":21,"turns":6},{"damage":20,"enemies":"Gremlin Leader","floor":24,"turns":6},{"damage":1,"enemies":"3 Cultists","floor":27,"turns":3},{"damage":0,"enemies":"Chosen and Byrds","floor":30,"turns":4},{"damage":18,"enemies":"Collector","floor":33,"turns":7},{"damage":0,"enemies":"3 Darklings","floor":35,"turns":5},{"damage":1,"enemies":"Orb Walker","floor":37,"turns":4},{"damage":1,"enemies":"Sphere and 2 Shapes","floor":38,"turns":3},{"damage":0,"enemies":"Maw","floor":41,"turns":6},{"damage":0,"enemies":"4 Shapes","floor":44,"turns":3},{"damage":2,"enemies":"Nemesis","floor":45,"turns":7},{"damage":0,"enemies":"Jaw Worm Horde","floor":47,"turns":3},{"damage":12,"enemies":"Donu and Deca","floor":50,"turns":8}],"seed_played":"6339212738474030288","potions_obtained":[{"floor":3,"key":"Fire Potion"},{"floor":8,"key":"SpeedPotion"},{"floor":14,"key":"Fire Potion"},{"floor":16,"key":"Swift Potion"},{"floor":19,"key":"Poison Potion"},{"floor":21,"key":"Regen Potion"},{"floor":24,"key":"SpeedPotion"},{"floor":27,"key":"SneckoOil"},{"floor":30,"key":"Block Potion"},{"floor":33,"key":"AttackPotion"},{"floor":35,"key":"Regen Potion"},{"floor":37,"key":"Block Potion"},{"floor":41,"key":"Regen Potion"},{"floor":44,"key":"Poison Potion"},{"floor":45,"key":"LiquidBronze"}],"is_trial":false,"path_per_floor":["M","M","M","M","$","R","M","M","T","M","M","R","M","E","R","B",null,"M","M","$","M","$","R","E","R","T","M","R","$","M","?","R","B",null,"M","$","M","M","$","R","M","R","T","M","E","R","M","?","R","B",null],"character_chosen":"THE_SILENT","items_purchased":["Deadly Poison","Noxious Fumes","Backflip","Poisoned Stab","Backflip","Bouncing Flask","Footwork"],"campfire_rested":1,"item_purchase_floors":[5,20,20,22,29,29,39],"current_hp_per_floor":[68,67,66,53,53,53,45,45,45,44,44,44,37,37,37,33,52,51,50,49,48,47,46,26,39,39,38,38,38,38,38,37,33,35,34,33,32,31,30,29,28,27,26,25,23,23,22,21,20,19],"gold":83,"neow_bonus":"","is_prod":false,"is_daily":true,"chose_seed":false,"campfire_upgraded":10,"win_rate":0.0,"timestamp":1549924618,"path_taken":["M","M","M","M","$","R","M","M","T","M","M","R","M","E","R","BOSS","M","M","?","M","$","R","E","R","T","M","R","$","M","?","R","BOSS","M","$","M","M","$","R","M","R","T","M","E","R","M","?","R","BOSS"],"build_version":"2019-01-23","purchased_purges":6,"victory":true,"max_hp_per_floor":[68,67,66,65,64,63,62,61,60,59,58,57,56,55,54,53,52,51,50,49,48,47,46,45,44,43,42,41,40,39,38,37,36,35,34,33,32,31,30,29,28,27,26,25,24,23,22,21,20,19],"card_choices":[{"not_picked":["Bane","Cloak And Dagger","Endless Agony"],"picked":"Poisoned Stab","floor":14},{"not_picked":["Tools of the Trade","Wraith Form v2","Malaise"],"picked":"Die Die Die","floor":16},{"not_picked":["Flying Knee","Blade Dance+1","Choke"],"picked":"Backflip","floor":24},{"not_picked":["Bullet Time","Die Die Die","Glass Knife"],"picked":"Wraith Form v2","floor":33},{"not_picked":["Blade Dance","Dagger Spray+1","Prepared"],"picked":"Heel Hook+1","floor":45}],"player_experience":19515,"relics_obtained":[{"floor":1,"key":"Tingsha"},{"floor":2,"key":"Mummified Hand"},{"floor":3,"key":"Shuriken"},{"floor":4,"key":"Torii"},{"floor":7,"key":"WingedGreaves"},{"floor":8,"key":"Shovel"},{"floor":9,"key":"Meat on the Bone"},{"floor":10,"key":"Snake Skull"},{"floor":11,"key":"Question Card"},{"floor":13,"key":"Letter Opener"},{"floor":14,"key":"Smiling Mask"},{"floor":18,"key":"Juzu Bracelet"},{"floor":19,"key":"Bag of Preparation"},{"floor":21,"key":"Bottled Tornado"},{"floor":24,"key":"MawBank"},{"floor":26,"key":"Orichalcum"},{"floor":27,"key":"Potion Belt"},{"floor":30,"key":"Happy Flower"},{"floor":35,"key":"Matryoshka"},{"floor":37,"key":"Blue Candle"},{"floor":38,"key":"The Courier"},{"floor":41,"key":"Molten Egg 2"},{"floor":43,"key":"Omamori"},{"floor":43,"key":"Ginger"},{"floor":44,"key":"Pen Nib"},{"floor":45,"key":"Oddly Smooth Stone"},{"floor":47,"key":"Mercury Hourglass"}],"event_choices":[{"damage_healed":0,"gold_gain":0,"cards_transformed":["Strike_G"],"player_choice":"Transformed","damage_taken":0,"max_hp_gain":0,"max_hp_loss":0,"event_name":"Transmorgrifier","floor":31,"gold_loss":0,"cards_obtained":["Dagger Spray"]},{"cards_removed":["Crippling Poison"],"damage_healed":0,"gold_gain":0,"player_choice":"Removed Skill","damage_taken":0,"max_hp_gain":0,"max_hp_loss":0,"event_name":"Falling","floor":48,"gold_loss":0}],"is_beta":false,"boss_relics":[{"not_picked":["Runic Pyramid","Runic Dome"],"picked":"White Beast Statue"},{"not_picked":["Black Star","Snecko Eye"],"picked":"Lizard Tail"}],"items_purged_floors":[5,20,22,29,36,39],"is_endless":false,"potions_floor_spawned":[3,8,14,16,18,19,21,24,27,30,33,35,37,38,41,44,45,47],"ascension_level":0}