{"gold_per_floor":[20,20,20,20,40,80,93,93,141,27,27,27,71,96,96,225,225,225,225,225,225,225,225],"floor_reached":23,"playtime":2978,"items_purged":["Defend_G"],"score":213,"play_id":"3ac4754b-ce4e-4c57-8fee-60b285559c17","local_time":"20190213104014","is_ascension_mode":true,"campfire_choices":[{"floor":8.0,"key":"REST"},{"data":"After Image","floor":11.0,"key":"SMITH"},{"data":"Neutralize","floor":15.0,"key":"SMITH"}],"neow_cost":"NO_GOLD","seed_source_timestamp":0,"circlet_count":0,"master_deck":["Defend_G","Defend_G","Defend_G","Defend_G","Strike_G","Strike_G","Strike_G","Strike_G","Strike_G","Survivor","Neutralize+1","After Image+1","Deflect","Distraction","Tools of the Trade","Terror","Infinite Blades","Burst","Dagger Throw","PiercingWail+1","Acrobatics","Leg Sweep","Heel Hook"],"special_seed":0,"relics":["Ring of the Snake","Golden Idol","Bag of Preparation","Ancient Tea Set","Lantern","Ectoplasm"],"potions_floor_usage":[22],"damage_taken":[{"damage":0.0,"enemies":"Jaw Worm","floor":1.0,"turns":5.0},{"damage":0.0,"enemies":"2 Louse","floor":5.0,"turns":3.0},{"damage":29.0,"enemies":"Gremlin Nob","floor":6.0,"turns":7.0},{"damage":1.0,"enemies":"Cultist","floor":7.0,"turns":5.0},{"damage":15.0,"enemies":"Lagavulin","floor":13.0,"turns":6.0},{"damage":0.0,"enemies":"Exordium Wildlife","floor":14.0,"turns":4.0},{"damage":22.0,"enemies":"Slime Boss","floor":16.0,"turns":11.0},{"damage":29.0,"enemies":"Spheric Guardian","floor":18.0,"turns":8.0},{"damage":6.0,"enemies":"Shell Parasite","floor":19.0,"turns":6.0},{"damage":0.0,"enemies":"Snake Plant","floor":20.0,"turns":8.0},{"damage":2,"enemies":"Shelled Parasite and Fungi","floor":21,"turns":10},{"damage":14,"enemies":"3 Cultists","floor":22,"turns":9},{"damage":26,"enemies":"Gremlin Leader","floor":23,"turns":5}],"seed_played":"7602010598577604553","potions_obtained":[{"floor":5.0,"key":"SteroidPotion"},{"floor":12.0,"key":"AttackPotion"},{"floor":12.0,"key":"LiquidBronze"},{"floor":14.0,"key":"PowerPotion"},{"floor":16.0,"key":"Swift Potion"},{"floor":20.0,"key":"Dexterity Potion"}],"is_trial":false,"path_per_floor":["M","?","?","$","M","E","M","R","T","$","R","?","E","M","R","B",null,"M","M","M","M","M","E"],"character_chosen":"THE_SILENT","items_purchased":["Terror"],"campfire_rested":1,"item_purchase_floors":[10],"current_hp_per_floor":[70,53,58,58,58,29,28,50,50,50,50,50,35,35,35,13,75,46,40,40,38,24,0],"gold":225,"neow_bonus":"THREE_RARE_CARDS","is_prod":false,"is_daily":false,"chose_seed":false,"campfire_upgraded":2,"win_rate":0,"timestamp":1550050814,"path_taken":["M","?","?","?","?","E","M","R","T","$","R","?","E","M","R","BOSS","M","M","M","M","M","E"],"build_version":"2019-01-23","purchased_purges":1,"victory":false,"max_hp_per_floor":[70,70,75,75,75,75,75,75,75,75,75,75,75,75,75,75,75,75,75,75,75,75,75],"card_choices":[{"not_picked":["Burst","Adrenaline"],"picked":"After Image","floor":0.0},{"not_picked":["Dodge and Roll","Slice"],"picked":"Deflect","floor":1.0},{"not_picked":["Riddle With Holes","Catalyst"],"picked":"Distraction","floor":5.0},{"not_picked":["Expertise","Underhanded Strike"],"picked":"Tools of the Trade","floor":6.0},{"not_picked":["Slice","Heel Hook","Distraction"],"picked":"SKIP","floor":7.0},{"not_picked":["Distraction","Catalyst","Masterful Stab"],"picked":"SKIP","floor":13.0},{"not_picked":["Dodge and Roll","Underhanded Strike"],"picked":"Infinite Blades","floor":14.0},{"not_picked":["Doppelganger","Night Terror"],"picked":"Burst","floor":16.0},{"not_picked":["Bane","Terror"],"picked":"Dagger Throw","floor":18.0},{"not_picked":["Underhanded Strike","Calculated Gamble"],"picked":"PiercingWail+1","floor":19.0},{"not_picked":["Outmaneuver","Slice"],"picked":"Acrobatics","floor":20.0},{"not_picked":["Bouncing Flask","Poisoned Stab"],"picked":"Leg Sweep","floor":21},{"not_picked":["Quick Slash","Outmaneuver"],"picked":"Heel Hook","floor":22}],"player_experience":128597,"relics_obtained":[{"floor":6.0,"key":"Bag of Preparation"},{"floor":9.0,"key":"Ancient Tea Set"},{"floor":13.0,"key":"Lantern"}],"event_choices":[{"damage_healed":0.0,"max_hp_gain":0.0,"max_hp_loss":0.0,"gold_gain":0.0,"event_name":"Golden Idol","player_choice":"Take Damage","floor":2.0,"gold_loss":0.0,"damage_taken":17.0,"relics_obtained":["Golden Idol"]},{"damage_healed":0.0,"max_hp_gain":5.0,"max_hp_loss":0.0,"gold_gain":0.0,"event_name":"Big Fish","player_choice":"Donut","floor":3.0,"gold_loss":0.0,"damage_taken":0.0},{"damage_healed":0.0,"max_hp_gain":0.0,"max_hp_loss":0.0,"gold_gain":0.0,"event_name":"Lab","player_choice":"Got Potions","floor":12.0,"gold_loss":0.0,"damage_taken":0.0}],"is_beta":false,"boss_relics":[{"not_picked":["Coffee Dripper","Snecko Eye"],"picked":"Ectoplasm"}],"items_purged_floors":[10],"is_endless":false,"potions_floor_spawned":[5,14,16,20,21],"killed_by":"Gremlin Leader","ascension_level":1}