{"gold_per_floor":[113,133,150,166,184,218,218,218],"floor_reached":8,"playtime":477,"items_purged":[],"score":108,"play_id":"0930d7ab-c2dd-44f3-a3ab-d3c30f29eae1","local_time":"20190211140256","is_ascension_mode":true,"campfire_choices":[{"data":"Dodge and Roll","floor":7.0,"key":"SMITH"}],"neow_cost":"TEN_PERCENT_HP_LOSS","seed_source_timestamp":64178473494100,"circlet_count":0,"master_deck":["AscendersBane","Defend_G","Defend_G","Defend_G","Defend_G","Defend_G","Strike_G","Strike_G","Strike_G","Strike_G","Strike_G","Survivor","Neutralize","Cloak And Dagger","Deadly Poison","Dash","Venomology","Dodge and Roll+1"],"special_seed":0,"relics":["Ring of the Snake","Gambling Chip","Ancient Tea Set"],"potions_floor_usage":[],"damage_taken":[{"damage":0.0,"enemies":"2 Louse","floor":1.0,"turns":5.0},{"damage":1.0,"enemies":"Cultist","floor":2.0,"turns":5.0},{"damage":4.0,"enemies":"Small Slimes","floor":3.0,"turns":5.0},{"damage":0.0,"enemies":"Blue Slaver","floor":4.0,"turns":5.0},{"damage":5.0,"enemies":"3 Louse","floor":5.0,"turns":4.0},{"damage":20.0,"enemies":"Gremlin Nob","floor":6.0,"turns":4.0},{"damage":27,"enemies":"Lagavulin","floor":8,"turns":8}],"seed_played":"8334513896724853978","potions_obtained":[{"floor":1.0,"key":"SteroidPotion"},{"floor":4.0,"key":"Swift Potion"}],"is_trial":false,"path_per_floor":[],"character_chosen":"THE_SILENT","items_purchased":[],"campfire_rested":0,"item_purchase_floors":[],"current_hp_per_floor":[59,58,54,54,49,29,29,2],"gold":218,"neow_bonus":"ONE_RARE_RELIC","is_prod":false,"is_daily":false,"chose_seed":false,"campfire_upgraded":1,"win_rate":0,"timestamp":1549861376,"path_taken":["M","M","M","M","M","E","R","E"],"build_version":"2019-01-23","purchased_purges":0,"victory":false,"max_hp_per_floor":[60,60,60,60,60,60,60,60],"card_choices":[{"not_picked":["Eviscerate","Accuracy","Outmaneuver"],"picked":"SKIP","floor":1.0},{"not_picked":["Quick Slash","Acrobatics"],"picked":"Cloak And Dagger","floor":2.0},{"not_picked":["Flying Knee","PiercingWail"],"picked":"Deadly Poison","floor":3.0},{"not_picked":["Dagger Throw","Bane"],"picked":"Dash","floor":4.0},{"not_picked":["Prepared","PiercingWail"],"picked":"Venomology","floor":5.0},{"not_picked":["Acrobatics","Flying Knee"],"picked":"Dodge and Roll","floor":6.0}],"player_experience":334238,"relics_obtained":[{"floor":6.0,"key":"Ancient Tea Set"}],"event_choices":[],"is_beta":false,"boss_relics":[],"items_purged_floors":[],"is_endless":false,"potions_floor_spawned":[1,4],"killed_by":"Lagavulin","ascension_level":16}