{"gold_per_floor":[368,518,530,546,207,235,235,235,235,254,254,264,289,303,303,377,377,395,384,232,249,174,174],"floor_reached":23,"playtime":952,"items_purged":["Doubt","Strike_R"],"score":380,"play_id":"2f055441-39d8-4c7c-b939-ab132dc457c8","local_time":"20180727155105","is_ascension_mode":true,"campfire_choices":[{"floor":7,"key":"REST"},{"data":"Whirlwind","floor":11,"key":"SMITH"},{"data":"Seeing Red","floor":15,"key":"SMITH"}],"neow_cost":"CURSE","seed_source_timestamp":267904221331095,"circlet_count":0,"master_deck":["Strike_R","Strike_R","Defend_R","Defend_R","Defend_R","Defend_R","Bash","AscendersBane","Decay","Feel No Pain","Shrug It Off","Feed","Warcry","Reckless Charge","Corruption","Parasite","Whirlwind+1","Battle Trance","Dropkick","Seeing Red+1","Immolate","Reckless Charge","Feel No Pain","Shrug It Off","Armaments"],"relics":["Burning Blood","Torii","Thread and Needle","Kunai","Empty Cage"],"potions_floor_usage":[6,13,16,23,23],"damage_taken":[{"damage":18,"enemies":"Cultist","floor":1,"turns":4},{"damage":9,"enemies":"Small Slimes","floor":3,"turns":4},{"damage":3,"enemies":"2 Louse","floor":4,"turns":4},{"damage":48,"enemies":"Lagavulin","floor":6,"turns":10},{"damage":11,"enemies":"Gremlin Gang","floor":10,"turns":9},{"damage":0,"enemies":"3 Louse","floor":12,"turns":3},{"damage":1,"enemies":"3 Sentries","floor":13,"turns":2},{"damage":14,"enemies":"Blue Slaver","floor":14,"turns":7},{"damage":33,"enemies":"The Guardian","floor":16,"turns":8},{"damage":24,"enemies":"Shell Parasite","floor":18,"turns":7},{"damage":14,"enemies":"2 Thieves","floor":19,"turns":4},{"damage":46,"enemies":"Snecko","floor":21,"turns":8},{"damage":32,"enemies":"Book of Stabbing","floor":23,"turns":5}],"seed_played":"-2777213682418669214","potions_obtained":[{"floor":4,"key":"Poison Potion"},{"floor":10,"key":"PowerPotion"},{"floor":12,"key":"Energy Potion"},{"floor":16,"key":"LiquidBronze"},{"floor":18,"key":"SteroidPotion"},{"floor":21,"key":"Fruit Juice"}],"is_trial":false,"path_per_floor":["M","?","M","M","$","E","R","?","T","M","R","M","E","M","R","B",null,"M","M","$","M","$"],"character_chosen":"IRONCLAD","items_purchased":["Feed","Warcry","Reckless Charge","Shrug It Off","BloodPotion"],"campfire_rested":1,"item_purchase_floors":[5,5,5,20,22],"current_hp_per_floor":[56,56,53,56,56,14,36,54,54,52,52,58,63,58,58,34,72,57,52,52,12,12,0],"gold":174,"neow_bonus":"TWO_FIFTY_GOLD","is_prod":false,"is_daily":false,"chose_seed":false,"campfire_upgraded":2,"win_rate":0,"timestamp":1532699465,"path_taken":["M","?","?","M","$","E","R","?","T","M","R","?","E","M","R","BOSS","M","M","$","M","?","E"],"build_version":"2018-07-26","purchased_purges":2,"victory":false,"max_hp_per_floor":[75,75,75,75,75,75,75,75,75,78,78,78,78,81,81,84,84,87,90,90,90,90,95],"card_choices":[{"not_picked":["Headbutt","Sword Boomerang"],"picked":"Feel No Pain","floor":1},{"not_picked":["Sword Boomerang","Twin Strike"],"picked":"Shrug It Off","floor":3},{"not_picked":["Dropkick","Wild Strike","Clash"],"picked":"SKIP","floor":4},{"not_picked":["Sever Soul","Sword Boomerang"],"picked":"Corruption","floor":6},{"not_picked":["Thunderclap","Carnage"],"picked":"Whirlwind","floor":10},{"not_picked":["Anger","Wild Strike"],"picked":"Battle Trance","floor":12},{"not_picked":["Brutality","Searing Blow"],"picked":"Dropkick","floor":13},{"not_picked":["Infernal Blade","Burning Pact"],"picked":"Seeing Red","floor":14},{"not_picked":["Fiend Fire","Barricade"],"picked":"Immolate","floor":16},{"not_picked":["Seeing Red","Power Through"],"picked":"Reckless Charge","floor":18},{"not_picked":["Intimidate","Flex"],"picked":"Feel No Pain","floor":19},{"not_picked":["Inflame","Clothesline"],"picked":"Armaments","floor":21}],"player_experience":1180502,"relics_obtained":[{"floor":6,"key":"Torii"},{"floor":9,"key":"Thread and Needle"},{"floor":13,"key":"Kunai"}],"event_choices":[{"event_name":"Liars Game","player_choice":"agreed","floor":2,"damage_taken":0},{"event_name":"Mushrooms","player_choice":"Healed and dodged fight","floor":8,"damage_taken":0}],"is_beta":false,"boss_relics":[{"not_picked":["Runic Dome","Ectoplasm"],"picked":"Empty Cage"}],"items_purged_floors":[5,20],"is_endless":false,"potions_floor_spawned":[4,10,12,16,18,19,21],"killed_by":"Book of Stabbing","ascension_level":15}