{"gold_per_floor":[117,117,131,131,131,171,346,367,393,393,393,414,428,446,446,446],"floor_reached":16,"playtime":652,"items_purged":[],"score":122,"play_id":"a4390c01-628d-4ca9-bfa0-4498e4bb4eb6","local_time":"20190210201000","is_ascension_mode":true,"campfire_choices":[{"floor":11,"key":"REST"},{"data":"Armaments","floor":15,"key":"SMITH"}],"neow_cost":"NONE","seed_source_timestamp":249230234291126,"circlet_count":0,"master_deck":["Strike_R","Strike_R","Strike_R","Strike_R","Strike_R","Defend_R","Defend_R","Defend_R","Defend_R","Bash+1","Whirlwind","Double Tap","Good Instincts","Thunderclap","Flex","Doubt","Shrug It Off","Armaments+1","Wild Strike","Cleave"],"relics":["Burning Blood","Golden Idol","Orichalcum","Dodecahedron","Blood Vial"],"potions_floor_usage":[8,16,16],"damage_taken":[{"damage":6,"enemies":"2 Louse","floor":1,"turns":3},{"damage":6,"enemies":"Cultist","floor":3,"turns":3},{"damage":56,"enemies":"Lagavulin","floor":6,"turns":9},{"damage":2,"enemies":"Small Slimes","floor":8,"turns":3},{"damage":10,"enemies":"2 Fungi Beasts","floor":12,"turns":4},{"damage":0,"enemies":"3 Louse","floor":13,"turns":3},{"damage":11,"enemies":"Looter","floor":14,"turns":3},{"damage":53,"enemies":"The Guardian","floor":16,"turns":12}],"seed_played":"-616164019652440107","potions_obtained":[{"floor":1,"key":"GamblersBrew"},{"floor":12,"key":"GamblersBrew"},{"floor":14,"key":"Weak Potion"}],"is_trial":false,"path_per_floor":["M","?","M","?","?","E","?","M","T","?","R","M","M","M","R","B"],"character_chosen":"IRONCLAD","items_purchased":[],"campfire_rested":1,"item_purchase_floors":[],"current_hp_per_floor":[80,80,80,60,60,10,10,14,14,7,31,29,37,34,34,0],"gold":446,"neow_bonus":"UPGRADE_CARD","is_prod":false,"is_daily":false,"chose_seed":false,"campfire_upgraded":1,"win_rate":0,"timestamp":1549825800,"path_taken":["M","?","?","?","?","E","?","M","T","?","R","M","M","M","R","BOSS"],"build_version":"2019-01-23","purchased_purges":0,"victory":false,"max_hp_per_floor":[80,80,80,80,80,80,80,80,80,80,80,80,80,80,80,80],"card_choices":[{"not_picked":["Power Through","Armaments"],"picked":"Whirlwind","floor":1},{"not_picked":["Cleave","Sentinel"],"picked":"Thunderclap","floor":3},{"not_picked":["Twin Strike","Havoc"],"picked":"Flex","floor":6},{"not_picked":["Entrench","Burning Pact"],"picked":"Shrug It Off","floor":8},{"not_picked":["Pummel","Wild Strike"],"picked":"Armaments","floor":12},{"not_picked":["True Grit","Clothesline"],"picked":"Wild Strike","floor":13},{"not_picked":["Heavy Blade","Rupture"],"picked":"Cleave","floor":14}],"player_experience":150251,"relics_obtained":[{"floor":6,"key":"Dodecahedron"},{"floor":9,"key":"Blood Vial"}],"event_choices":[{"damage_healed":0,"gold_gain":0,"player_choice":"2 cards matched","damage_taken":0,"max_hp_gain":0,"max_hp_loss":0,"event_name":"Match and Keep!","floor":2,"gold_loss":0,"cards_obtained":["Double Tap","Good Instincts"]},{"damage_healed":0,"gold_gain":0,"player_choice":"Take Damage","damage_taken":20,"relics_obtained":["Golden Idol"],"max_hp_gain":0,"max_hp_loss":0,"event_name":"Golden Idol","floor":4,"gold_loss":0},{"damage_healed":0,"gold_gain":0,"player_choice":"Box","damage_taken":0,"relics_obtained":["Orichalcum"],"max_hp_gain":0,"max_hp_loss":0,"event_name":"Big Fish","floor":5,"gold_loss":0,"cards_obtained":["Regret"]},{"damage_healed":0,"gold_gain":175,"player_choice":"AGREE","damage_taken":0,"max_hp_gain":0,"max_hp_loss":0,"event_name":"Liars Game","floor":7,"gold_loss":0,"cards_obtained":["Doubt"]},{"cards_removed":["Regret"],"damage_healed":0,"gold_gain":0,"player_choice":"Card Removal","damage_taken":7,"max_hp_gain":0,"max_hp_loss":0,"event_name":"Golden Wing","floor":10,"gold_loss":0}],"is_beta":false,"boss_relics":[],"items_purged_floors":[],"is_endless":false,"potions_floor_spawned":[1,12,14],"killed_by":"The Guardian","ascension_level":4}