{"path_per_floor":["M","$","M","?","M","E","?","R","T","E","$","?","R","E","R","B",null,"M","?","M","?","?","R","$","?","T","R","M","M","E","?","R"],"character_chosen":"IRONCLAD","items_purchased":["Offering","War Paint","Inflame","Limit Break"],"gold_per_floor":[219,66,85,85,103,136,136,136,136,168,25,25,25,66,66,156,156,175,215,240,240,240,240,28,28,51,51,72,88,126,106,106,106],"floor_reached":33,"campfire_rested":1,"playtime":745,"item_purchase_floors":[2,11,24,24],"current_hp_per_floor":[68,68,68,68,66,59,59,59,59,61,61,61,61,47,47,32,67,60,56,51,51,51,51,51,43,50,50,51,52,11,11,36,0],"items_purged":[],"gold":106,"score":532,"play_id":"c757776c-0fc6-40e9-bf80-f41b673392b2","local_time":"20180530134734","is_prod":false,"is_daily":false,"chose_seed":false,"is_ascension_mode":true,"campfire_upgraded":5,"win_rate":0,"timestamp":1527680854,"campfire_choices":[{"data":"Whirlwind","floor":8,"key":"SMITH"},{"data":"True Grit","floor":13,"key":"SMITH"},{"data":"Bash","floor":15,"key":"SMITH"},{"data":"Metallicize","floor":23,"key":"SMITH"},{"data":"Inflame","floor":27,"key":"SMITH"},{"floor":32,"key":"REST"}],"path_taken":["M","$","M","?","M","E","?","R","T","E","?","?","R","E","R","BOSS","M","?","M","?","?","R","$","?","T","R","M","?","E","?","R","BOSS"],"build_version":"2018-05-29","seed_source_timestamp":1861253773784456,"purchased_purges":0,"victory":false,"master_deck":["Strike_R","Strike_R","Strike_R","Strike_R","Strike_R","Defend_R","Defend_R+1","Defend_R+1","Defend_R","Bash+1","AscendersBane","Offering","Uppercut+1","Whirlwind+1","True Grit+1","Ghostly Armor","Injury","Immolate","Shrug It Off","Metallicize+1","Inflame+1","Limit Break","True Grit","Limit Break"],"max_hp_per_floor":[75,75,75,75,75,79,79,79,79,79,79,79,79,79,79,79,79,79,79,79,79,79,79,79,79,86,86,86,86,86,86,86,86],"relics":["Burning Blood","Turnip","Calipers","Boot","War Paint","Golden Idol","Ornamental Fan","Sozu","Red Mask","Strawberry","Shovel"],"card_choices":[{"not_picked":["Thunderclap","Havoc","Heavy Blade"],"picked":"SKIP","floor":1},{"not_picked":["Iron Wave","Cleave"],"picked":"Uppercut","floor":3},{"not_picked":["Disarm","Twin Strike"],"picked":"Whirlwind","floor":5},{"not_picked":["Combust","Havoc"],"picked":"True Grit","floor":6},{"not_picked":["Anger","Sword Boomerang"],"picked":"Ghostly Armor","floor":10},{"not_picked":["Twin Strike","Barricade","Thunderclap"],"picked":"SKIP","floor":14},{"not_picked":["Fiend Fire","Reaper"],"picked":"Immolate","floor":16},{"not_picked":["Flex","Twin Strike"],"picked":"Shrug It Off","floor":18},{"not_picked":["Flex","Impervious"],"picked":"Metallicize","floor":19},{"not_picked":["Anger","Wild Strike","Searing Blow"],"picked":"SKIP","floor":20},{"not_picked":["Perfected Strike","Havoc"],"picked":"True Grit","floor":28},{"not_picked":["Pommel Strike","Wild Strike","Burning Pact"],"picked":"SKIP","floor":29},{"not_picked":["Entrench","Power Through"],"picked":"Limit Break","floor":30}],"player_experience":805102,"potions_floor_usage":[6,6],"damage_taken":[{"damage":6,"enemies":"Cultist","floor":1,"turns":3},{"damage":6,"enemies":"Small Slimes","floor":3,"turns":5},{"damage":8,"enemies":"2 Louse","floor":5,"turns":2},{"damage":17,"enemies":"Gremlin Nob","floor":6,"turns":3},{"damage":4,"enemies":"3 Sentries","floor":10,"turns":2},{"damage":20,"enemies":"Gremlin Nob","floor":14,"turns":3},{"damage":21,"enemies":"Slime Boss","floor":16,"turns":10},{"damage":13,"enemies":"Spheric Guardian","floor":18,"turns":4},{"damage":10,"enemies":"Masked Bandits","floor":19,"turns":3},{"damage":11,"enemies":"Chosen","floor":20,"turns":4},{"damage":5,"enemies":"3 Cultists","floor":28,"turns":3},{"damage":5,"enemies":"Snake Plant","floor":29,"turns":5},{"damage":47,"enemies":"Book of Stabbing","floor":30,"turns":6},{"damage":53,"enemies":"Automaton","floor":33,"turns":6}],"relics_obtained":[{"floor":6,"key":"Turnip"},{"floor":9,"key":"Calipers"},{"floor":10,"key":"Boot"},{"floor":14,"key":"Ornamental Fan"},{"floor":19,"key":"Red Mask"},{"floor":26,"key":"Strawberry"},{"floor":30,"key":"Shovel"}],"event_choices":[{"event_name":"Liars Game","player_choice":"disagreed","floor":4,"damage_taken":0},{"event_name":"Living Wall","player_choice":"Grow","floor":7,"damage_taken":0},{"event_name":"Golden Idol","player_choice":"Take Wound","floor":12,"damage_taken":0},{"event_name":"Masked Bandits","player_choice":"Fought over 175 gold","floor":19,"damage_taken":0},{"event_name":"Vampires","player_choice":"Ignored","floor":21,"damage_taken":0},{"event_name":"Ghosts","player_choice":"Ignored","floor":22,"damage_taken":0},{"event_name":"Knowing Skull","player_choice":"","floor":25,"damage_taken":0},{"event_name":"The Woman in Blue","player_choice":"Bought 1 Potion","floor":31,"damage_taken":0}],"boss_relics":[{"not_picked":["Black Blood","Velvet Choker"],"picked":"Sozu"}],"items_purged_floors":[],"potions_floor_spawned":[3,5,18,19],"seed_played":"-3401101482679018386","killed_by":"Automaton","ascension_level":15,"potions_obtained":[{"floor":3,"key":"Fruit Juice"},{"floor":5,"key":"FearPotion"}],"is_trial":false}