{"gold_per_floor":[161,236,255,266,276,276,276,303,375,388,313,330,7,27,27,122,122,142,157,82,82,99,99,115,126,153,165,184,115,115,133,133,133],"floor_reached":33,"playtime":2152,"items_purged":["Strike_G","Defend_G"],"score":345,"play_id":"89239359-cab7-4a4f-ada4-0241fd3bef5f","local_time":"20190201010043","is_ascension_mode":true,"campfire_choices":[{"data":"Bouncing Flask","floor":7,"key":"SMITH"},{"data":"Neutralize","floor":15,"key":"SMITH"},{"floor":30,"key":"REST"},{"floor":32,"key":"REST"}],"neow_cost":"NONE","seed_source_timestamp":96427550225600,"circlet_count":0,"master_deck":["Defend_G","Defend_G","Defend_G","Defend_G","Strike_G+1","Strike_G","Strike_G","Survivor","Neutralize+1","Bouncing Flask+1","Bane","Skewer","Poisoned Stab","PiercingWail","Deadly Poison","Bane","Bane","Leg Sweep","Corpse Explosion","Blur+1","Acrobatics","Outmaneuver+1","Poisoned Stab","Footwork","Deadly Poison+1"],"relics":["Tiny House","Ginger","Sundial","Lee\u0027s Waffle","Sozu","Snake Skull"],"potions_floor_usage":[6,6,14,27],"damage_taken":[{"damage":3,"enemies":"2 Louse","floor":1,"turns":4},{"damage":0,"enemies":"Cultist","floor":3,"turns":3},{"damage":0,"enemies":"Jaw Worm","floor":4,"turns":3},{"damage":11,"enemies":"Large Slime","floor":5,"turns":6},{"damage":0,"enemies":"3 Sentries","floor":6,"turns":2},{"damage":7,"enemies":"Lagavulin","floor":8,"turns":7},{"damage":11,"enemies":"Lots of Slimes","floor":10,"turns":4},{"damage":10,"enemies":"3 Louse","floor":12,"turns":3},{"damage":13,"enemies":"Exordium Wildlife","floor":14,"turns":4},{"damage":12,"enemies":"Slime Boss","floor":16,"turns":11},{"damage":8,"enemies":"Chosen","floor":18,"turns":4},{"damage":16,"enemies":"2 Thieves","floor":19,"turns":3},{"damage":13,"enemies":"Centurion and Healer","floor":22,"turns":5},{"damage":2,"enemies":"Snake Plant","floor":24,"turns":4},{"damage":5,"enemies":"Chosen and Byrds","floor":25,"turns":6},{"damage":13,"enemies":"Snecko","floor":27,"turns":4},{"damage":14,"enemies":"Centurion and Healer","floor":28,"turns":4},{"damage":23,"enemies":"Sentry and Sphere","floor":31,"turns":6},{"damage":30,"enemies":"Automaton","floor":33,"turns":4}],"seed_played":"-6364041750292066590","potions_obtained":[{"floor":0,"key":"SmokeBomb"},{"floor":5,"key":"SpeedPotion"},{"floor":8,"key":"Energy Potion"},{"floor":12,"key":"Ancient Potion"},{"floor":16,"key":"Dexterity Potion"}],"is_trial":false,"path_per_floor":["?","$","M","?","?","?"],"character_chosen":"THE_SILENT","items_purchased":["Bane","Lee\u0027s Waffle","Footwork"],"campfire_rested":2,"item_purchase_floors":[13,13,29],"current_hp_per_floor":[65,58,58,58,47,47,47,40,40,29,29,19,82,69,69,57,76,68,52,52,52,39,39,37,32,32,19,5,5,29,6,30,0],"gold":133,"neow_bonus":"BOSS_RELIC","is_prod":false,"is_daily":false,"chose_seed":false,"campfire_upgraded":2,"win_rate":0,"timestamp":1548950443,"path_taken":["M","?","M","M","M","E","R","E","T","M","$","M","?","?","R","BOSS","M","M","?","?","M","?","M","M","T","M","M","$","R","M","R","BOSS"],"build_version":"2019-01-23","purchased_purges":2,"victory":false,"max_hp_per_floor":[75,75,75,75,75,75,75,75,75,75,75,75,82,82,82,82,82,82,82,82,82,82,82,82,82,82,82,82,82,82,82,82,82],"card_choices":[{"not_picked":["Prepared","Poisoned Stab"],"picked":"Bouncing Flask","floor":0},{"not_picked":["Slice","Cloak And Dagger"],"picked":"Bane","floor":1},{"not_picked":["Endless Agony","Underhanded Strike"],"picked":"Skewer","floor":3},{"not_picked":["Skewer","Reflex"],"picked":"Poisoned Stab","floor":4},{"not_picked":["Prepared","Dagger Throw"],"picked":"PiercingWail","floor":5},{"not_picked":["Poisoned Stab","Flying Knee"],"picked":"Deadly Poison","floor":8},{"not_picked":["Heel Hook","Prepared"],"picked":"Bane","floor":10},{"not_picked":["Grand Finale","Riddle With Holes","Heel Hook"],"picked":"SKIP","floor":12},{"not_picked":["Outmaneuver","Bane"],"picked":"Leg Sweep","floor":14},{"not_picked":["Wraith Form v2","Envenom"],"picked":"Corpse Explosion","floor":16},{"not_picked":["Blade Dance","Quick Slash+1","Finisher+1"],"picked":"SKIP","floor":18},{"not_picked":["Finisher","Slice","Dash"],"picked":"SKIP","floor":19},{"not_picked":["Phantasmal Killer","Expertise"],"picked":"Blur+1","floor":22},{"not_picked":["Well Laid Plans","Terror"],"picked":"Acrobatics","floor":24},{"not_picked":["Finisher","Heel Hook","Dodge and Roll"],"picked":"SKIP","floor":25},{"not_picked":["Setup","Acrobatics"],"picked":"Outmaneuver+1","floor":27},{"not_picked":["Flying Knee","Infinite Blades"],"picked":"Poisoned Stab","floor":28},{"not_picked":["Flying Knee","Expertise"],"picked":"Deadly Poison+1","floor":31}],"player_experience":171733,"relics_obtained":[{"floor":8,"key":"Ginger"},{"floor":9,"key":"Sundial"},{"floor":26,"key":"Snake Skull"}],"event_choices":[{"damage_healed":0,"gold_gain":75,"player_choice":"Touch","damage_taken":7,"max_hp_gain":0,"max_hp_loss":0,"event_name":"FaceTrader","floor":2,"gold_loss":0},{"cards_removed":["Strike_G"],"damage_healed":0,"gold_gain":0,"player_choice":"Gave Gold","damage_taken":0,"max_hp_gain":0,"max_hp_loss":0,"event_name":"Beggar","floor":20,"gold_loss":75},{"damage_healed":0,"gold_gain":0,"player_choice":"Bought 0 Potions","damage_taken":0,"max_hp_gain":0,"max_hp_loss":0,"event_name":"The Woman in Blue","floor":23,"gold_loss":0}],"is_beta":false,"boss_relics":[{"not_picked":["Coffee Dripper","Runic Dome"],"picked":"Sozu"}],"items_purged_floors":[11,13],"is_endless":false,"potions_floor_spawned":[5,8,12,16,18,22,24,25],"killed_by":"Automaton","ascension_level":6}