{"gold_per_floor":[119,269,269,269,282,309,309,322,322,334,334,334,369,114,114,191,191,204,223,223,223,234,234,260,270,318,318,349,349,408,12,12,91,91,102,114,114,114,131,158,158,168,221,253,253,253,288,312,324,336,348,360,372,2,33,33],"floor_reached":57,"playtime":2570,"items_purged":["Doubt","Writhe"],"score":3137,"play_id":"d01d87f4-ddce-4d39-8767-fd65c7859d0d","local_time":"20190111164747","is_ascension_mode":true,"campfire_choices":[{"data":"Bash","floor":7,"key":"SMITH"},{"data":"Whirlwind","floor":12,"key":"SMITH"},{"data":"Corruption","floor":15,"key":"SMITH"},{"data":"Immolate","floor":23,"key":"SMITH"},{"data":"True Grit","floor":27,"key":"SMITH"},{"data":"Armaments","floor":32,"key":"SMITH"},{"floor":46,"key":"RECALL"},{"floor":49,"key":"REST"},{"floor":53,"key":"REST"}],"neow_cost":"NONE","seed_source_timestamp":352291716876411,"circlet_count":0,"master_deck":["AscendersBane","Strike_R","Strike_R","Strike_R","Strike_R","Defend_R","Defend_R+1","Defend_R+1","Bash+1","Whirlwind+1","Clothesline","Impervious","Spot Weakness","Inflame","Corruption+1","Immolate+1","Shrug It Off","Immolate","True Grit+1","Body Slam","Armaments+1","Double Tap","Armaments+1","Disarm","Dark Embrace","Flame Barrier+1","True Grit","Feel No Pain","Exhume","Flame Barrier","Havoc","Limit Break"],"relics":["Burning Blood","NeowsBlessing","Paper Frog","The Courier","Singing Bowl","Kunai","Snecko Eye","Nilry\u0027s Codex","Gremlin Horn","Happy Flower","Meat on the Bone","Pen Nib","Tiny Chest","Bottled Tornado","Fusion Hammer","Darkstone Periapt","Letter Opener","MawBank","Dead Branch","Pocketwatch"],"potions_floor_usage":[13,24,28,30,56],"damage_taken":[{"damage":0,"enemies":"2 Louse","floor":1,"turns":1},{"damage":0,"enemies":"Small Slimes","floor":5,"turns":1},{"damage":0,"enemies":"Lagavulin","floor":6,"turns":1},{"damage":2,"enemies":"Jaw Worm","floor":8,"turns":3},{"damage":13,"enemies":"Exordium Wildlife","floor":10,"turns":5},{"damage":26,"enemies":"Gremlin Nob","floor":13,"turns":4},{"damage":26,"enemies":"The Guardian","floor":16,"turns":8},{"damage":0,"enemies":"2 Thieves","floor":18,"turns":2},{"damage":8,"enemies":"3 Byrds","floor":19,"turns":4},{"damage":6,"enemies":"Snecko","floor":22,"turns":5},{"damage":13,"enemies":"Gremlin Leader","floor":24,"turns":3},{"damage":5,"enemies":"Sentry and Sphere","floor":25,"turns":3},{"damage":0,"enemies":"Slavers","floor":28,"turns":3},{"damage":21,"enemies":"Book of Stabbing","floor":30,"turns":4},{"damage":12,"enemies":"Champ","floor":33,"turns":9},{"damage":53,"enemies":"3 Shapes","floor":35,"turns":1},{"damage":0,"enemies":"Orb Walker","floor":36,"turns":2},{"damage":4,"enemies":"Maw","floor":39,"turns":5},{"damage":6,"enemies":"Reptomancer","floor":40,"turns":3},{"damage":0,"enemies":"Transient","floor":42,"turns":6},{"damage":14,"enemies":"Nemesis","floor":44,"turns":3},{"damage":0,"enemies":"Reptomancer","floor":47,"turns":2},{"damage":12,"enemies":"Jaw Worm Horde","floor":48,"turns":3},{"damage":10,"enemies":"Donu and Deca","floor":50,"turns":4},{"damage":19,"enemies":"Time Eater","floor":51,"turns":7},{"damage":0,"enemies":"Shield and Spear","floor":55,"turns":3},{"damage":47,"enemies":"The Heart","floor":56,"turns":6}],"seed_played":"-5353827176337307458","potions_obtained":[{"floor":8,"key":"Poison Potion"},{"floor":13,"key":"LiquidBronze"},{"floor":16,"key":"PowerPotion"},{"floor":24,"key":"SteroidPotion"},{"floor":28,"key":"SpeedPotion"},{"floor":33,"key":"Strength Potion"}],"is_trial":false,"path_per_floor":["M","?","?","?","M","E","R","M","T","M","?","R","E","$","R","B",null,"M","M","?","?","M","R","E","M","T","R","E","?","E","$","R","B",null,"M","M","?","$","M","E","?","M","T","E","?","R","E","M","R","B","B",null,"R","$","E","B",null],"character_chosen":"IRONCLAD","items_purchased":["Spot Weakness","Inflame","Corruption","Bottled Tornado","Armaments","Disarm","Dead Branch","Flame Barrier","Havoc"],"campfire_rested":2,"item_purchase_floors":[14,14,14,31,31,31,54,54,54],"current_hp_per_floor":[74,74,79,55,61,67,67,71,71,64,64,64,44,44,44,24,66,74,72,51,51,51,51,46,47,47,47,53,53,52,52,52,58,79,44,50,50,50,54,56,56,62,62,56,56,56,64,58,85,81,68,85,90,90,90,61],"gold":33,"neow_bonus":"THREE_ENEMY_KILL","is_prod":false,"is_daily":false,"chose_seed":false,"campfire_upgraded":6,"win_rate":0,"timestamp":1547221667,"path_taken":["M","?","?","?","M","E","R","M","T","M","?","R","E","?","R","BOSS","M","M","?","?","M","R","E","M","T","R","E","?","E","?","R","BOSS","M","M","?","$","M","E","?","?","T","E","?","R","E","M","R","BOSS","BOSS","R","$","E","BOSS"],"build_version":"2019-01-10","purchased_purges":2,"victory":true,"max_hp_per_floor":[75,75,80,80,80,80,80,80,80,80,80,80,80,80,80,80,80,82,82,82,82,82,82,84,84,84,84,84,84,86,86,86,86,86,86,86,82,82,84,86,86,86,86,88,88,88,90,90,90,90,90,90,90,90,90,90],"card_choices":[{"not_picked":["Armaments","Ghostly Armor"],"picked":"Wild Strike","floor":1},{"not_picked":["Inflame","Pommel Strike"],"picked":"Anger","floor":5},{"not_picked":["Searing Blow","Rampage"],"picked":"Whirlwind","floor":6},{"not_picked":["Dropkick","Sword Boomerang","Wild Strike"],"picked":"SKIP","floor":8},{"not_picked":["Warcry","Sword Boomerang"],"picked":"Clothesline","floor":10},{"not_picked":["Flex","Feel No Pain"],"picked":"Impervious","floor":13},{"not_picked":["Fiend Fire","Berserk"],"picked":"Immolate","floor":16},{"not_picked":["Anger","Clothesline","Infernal Blade"],"picked":"Singing Bowl","floor":18},{"not_picked":["Warcry","Body Slam"],"picked":"Shrug It Off","floor":19},{"not_picked":["Headbutt","Dropkick"],"picked":"Body Slam","floor":22},{"not_picked":["Entrench","Perfected Strike","Brutality"],"picked":"Singing Bowl","floor":24},{"not_picked":["Thunderclap","Perfected Strike"],"picked":"Armaments+1","floor":25},{"not_picked":["Metallicize+1","Perfected Strike+1"],"picked":"Double Tap","floor":28},{"not_picked":["Ghostly Armor","Pommel Strike","Double Tap"],"picked":"Singing Bowl","floor":30},{"not_picked":["Fiend Fire","Impervious"],"picked":"Dark Embrace","floor":33},{"not_picked":["Headbutt","Anger"],"picked":"Flame Barrier+1","floor":35},{"not_picked":["Pommel Strike","Iron Wave+1"],"picked":"True Grit","floor":36},{"not_picked":["Hemokinesis","Anger+1","Metallicize"],"picked":"Singing Bowl","floor":39},{"not_picked":["Intimidate","Twin Strike","Heavy Blade"],"picked":"Singing Bowl","floor":40},{"not_picked":["Sword Boomerang","Thunderclap"],"picked":"Feel No Pain","floor":42},{"not_picked":["Battle Trance","Searing Blow","Clash"],"picked":"Singing Bowl","floor":44},{"not_picked":["Perfected Strike","Clash","Anger"],"picked":"Singing Bowl","floor":47},{"not_picked":["Warcry","Battle Trance"],"picked":"Exhume","floor":48},{"not_picked":["Searing Blow+1","Spot Weakness"],"picked":"Limit Break","floor":55}],"player_experience":1876958,"relics_obtained":[{"floor":6,"key":"Paper Frog"},{"floor":9,"key":"The Courier"},{"floor":13,"key":"Kunai"},{"floor":20,"key":"Nilry\u0027s Codex"},{"floor":24,"key":"Gremlin Horn"},{"floor":26,"key":"Happy Flower"},{"floor":28,"key":"Meat on the Bone"},{"floor":30,"key":"Tiny Chest"},{"floor":40,"key":"Darkstone Periapt"},{"floor":44,"key":"Letter Opener"},{"floor":47,"key":"MawBank"},{"floor":55,"key":"Pocketwatch"}],"event_choices":[{"damage_healed":0,"gold_gain":150,"player_choice":"AGREE","damage_taken":0,"max_hp_gain":0,"max_hp_loss":0,"event_name":"Liars Game","floor":2,"gold_loss":0,"cards_obtained":["Doubt"]},{"damage_healed":0,"gold_gain":0,"player_choice":"Donut","damage_taken":0,"max_hp_gain":5,"max_hp_loss":0,"event_name":"Big Fish","floor":3,"gold_loss":0},{"damage_healed":0,"gold_gain":0,"player_choice":"Entered Light","damage_taken":24,"max_hp_gain":0,"max_hp_loss":0,"event_name":"Shining Light","floor":4,"gold_loss":0,"cards_upgraded":["Defend_R","Defend_R"]},{"damage_healed":0,"gold_gain":0,"player_choice":"Searched \u00271\u0027 times","damage_taken":0,"relics_obtained":["Singing Bowl"],"max_hp_gain":0,"max_hp_loss":0,"event_name":"Dead Adventurer","floor":11,"gold_loss":0},{"damage_healed":0,"gold_gain":0,"player_choice":"Obtained Book","damage_taken":21,"max_hp_gain":0,"max_hp_loss":0,"event_name":"Cursed Tome","floor":20,"gold_loss":0},{"damage_healed":0,"gold_gain":0,"cards_transformed":["Anger","Wild Strike"],"player_choice":"Became Test Subject","damage_taken":0,"max_hp_gain":0,"max_hp_loss":0,"event_name":"Drug Dealer","floor":21,"gold_loss":0,"cards_obtained":["Immolate","True Grit"]},{"damage_healed":0,"gold_gain":0,"player_choice":"Opened","damage_taken":0,"relics_obtained":["Pen Nib"],"max_hp_gain":0,"max_hp_loss":0,"event_name":"The Mausoleum","floor":29,"gold_loss":0,"cards_obtained":["Writhe"]},{"damage_healed":0,"gold_gain":0,"player_choice":"Max HP","damage_taken":0,"max_hp_gain":0,"max_hp_loss":4,"event_name":"Winding Halls","floor":37,"gold_loss":0},{"cards_removed":["Strike_R"],"damage_healed":0,"gold_gain":0,"player_choice":"Card Removal","damage_taken":0,"max_hp_gain":0,"max_hp_loss":0,"event_name":"Wheel of Change","floor":41,"gold_loss":0},{"cards_removed":["Defend_R"],"damage_healed":0,"gold_gain":0,"player_choice":"Removed Skill","damage_taken":0,"max_hp_gain":0,"max_hp_loss":0,"event_name":"Falling","floor":45,"gold_loss":0}],"is_beta":false,"boss_relics":[{"not_picked":["Velvet Choker","Runic Dome"],"picked":"Snecko Eye"},{"not_picked":["Busted Crown","Eternal Feather"],"picked":"Fusion Hammer"}],"items_purged_floors":[14,31],"is_endless":false,"potions_floor_spawned":[8,13,16,22,24,28,33,35,42,44,47],"ascension_level":20}