{"gold_per_floor":[114,114,131,131,142,176,176,23,93,103,120,120,85,85,85,85],"floor_reached":16,"playtime":907,"items_purged":["Strike_B"],"score":100,"play_id":"8d6f0329-51e3-419d-b1b1-ae6462d75a83","local_time":"20190210031431","is_ascension_mode":false,"campfire_choices":[{"data":"Genetic Algorithm","floor":7,"key":"SMITH"},{"floor":12,"key":"REST"},{"data":"Stack","floor":15,"key":"SMITH"}],"neow_cost":"NONE","seed_source_timestamp":285860274019857,"circlet_count":0,"master_deck":["Strike_B","Strike_B","Defend_B","Defend_B","Defend_B","Defend_B","Zap","Dualcast","Leap","Genetic Algorithm+1","Capacitor","Electrodynamics","Capacitor","Stack+1"],"relics":["Cracked Core","Lantern","Blue Candle"],"potions_floor_usage":[],"damage_taken":[{"damage":6,"enemies":"Jaw Worm","floor":1,"turns":3},{"damage":7,"enemies":"Small Slimes","floor":3,"turns":4},{"damage":0,"enemies":"Cultist","floor":5,"turns":4},{"damage":32,"enemies":"Lagavulin","floor":6,"turns":8},{"damage":12,"enemies":"Large Slime","floor":10,"turns":5},{"damage":0,"enemies":"2 Fungi Beasts","floor":11,"turns":4},{"damage":70,"enemies":"Hexaghost","floor":16,"turns":15}],"seed_played":"-8464437565944312198","potions_obtained":[{"floor":3,"key":"LiquidBronze"},{"floor":6,"key":"LiquidBronze"},{"floor":10,"key":"SkillPotion"}],"is_trial":false,"path_per_floor":["M","?","M","?","M","E","R","$","T","M","M","R","?","?","R","B"],"character_chosen":"DEFECT","items_purchased":["Capacitor"],"campfire_rested":1,"item_purchase_floors":[8],"current_hp_per_floor":[76,69,62,67,67,35,35,35,35,23,23,49,70,70,70,0],"gold":85,"neow_bonus":"TEN_PERCENT_HP_BONUS","is_prod":false,"is_daily":false,"chose_seed":false,"campfire_upgraded":2,"win_rate":0.0,"timestamp":1549786471,"path_taken":["M","?","M","?","M","E","R","?","T","M","M","R","?","?","R","BOSS"],"build_version":"2019-01-23","purchased_purges":1,"victory":false,"max_hp_per_floor":[82,82,82,87,87,87,87,87,87,87,87,87,87,87,87,87],"card_choices":[{"not_picked":["Stack","Go for the Eyes"],"picked":"Leap","floor":1},{"not_picked":["Storm","Rebound"],"picked":"Genetic Algorithm","floor":3},{"not_picked":["Conserve Battery","Barrage"],"picked":"Capacitor","floor":5},{"not_picked":["Ball Lightning","Rebound"],"picked":"Electrodynamics","floor":6},{"not_picked":["Hologram","Scrape"],"picked":"Stack","floor":10},{"not_picked":["Conserve Battery","Loop","Go for the Eyes"],"picked":"SKIP","floor":11}],"player_experience":422155,"relics_obtained":[{"floor":6,"key":"Lantern"},{"floor":9,"key":"Blue Candle"}],"event_choices":[{"cards_removed":["Strike_B"],"damage_healed":0,"gold_gain":0,"player_choice":"Card Removal","damage_taken":7,"max_hp_gain":0,"max_hp_loss":0,"event_name":"Golden Wing","floor":2,"gold_loss":0},{"damage_healed":0,"gold_gain":0,"player_choice":"Donut","damage_taken":0,"max_hp_gain":5,"max_hp_loss":0,"event_name":"Big Fish","floor":4,"gold_loss":0},{"damage_healed":21,"gold_gain":0,"player_choice":"Healed","damage_taken":0,"max_hp_gain":0,"max_hp_loss":0,"event_name":"The Cleric","floor":13,"gold_loss":35},{"damage_healed":0,"gold_gain":0,"player_choice":"Ignored","damage_taken":0,"max_hp_gain":0,"max_hp_loss":0,"event_name":"Liars Game","floor":14,"gold_loss":0}],"is_beta":false,"boss_relics":[],"items_purged_floors":[8],"is_endless":false,"potions_floor_spawned":[3,6,10],"killed_by":"Hexaghost","ascension_level":0}