{"gold_per_floor":[116,128,143,163,11,44,60,78,105,105,122,142,170,188,188,284,284,295,307,218,418,432,432,443,453,453,453,65,98,111,134,134,235,235,247,34,44,59,72,105,105,105,105,119,134,134,134],"floor_reached":47,"playtime":5645,"items_purged":["Strike_G"],"score":537,"play_id":"db17835b-0824-407f-932b-df3dc91cfbb9","local_time":"20190208034603","is_ascension_mode":false,"campfire_choices":[{"data":"Infinite Blades","floor":10,"key":"SMITH"},{"floor":15,"key":"REST"},{"floor":23,"key":"REST"},{"data":"Panache","floor":32,"key":"SMITH"},{"floor":42,"key":"REST"},{"floor":46,"key":"REST"}],"neow_cost":"NONE","seed_source_timestamp":878433596253300,"circlet_count":0,"master_deck":["Defend_G","Defend_G","Defend_G","Defend_G","Defend_G","Strike_G","Strike_G","Strike_G","Strike_G","Survivor","Neutralize","Backflip","Dagger Spray","Blur","Quick Slash","Escape Plan","Poisoned Stab","Backstab","Infinite Blades+1","Deflect","Deflect","Noxious Fumes","Prepared","Adrenaline","Calculated Gamble","Blur","Reflex","Quick Slash","Dagger Throw+1","Backstab","Prepared","Deflect","Poisoned Stab","Panache+1","Noxious Fumes","Dagger Spray+1","Corpse Explosion","Prepared+1","Backstab","Footwork","Blade Dance+1","Backstab+1","Backflip","Choke+1","Discovery","Finesse","Flash of Steel","Expertise+1","Dagger Throw+1"],"relics":["Ring of the Snake","Bag of Preparation","Snake Skull","Centennial Puzzle","Odd Mushroom","Philosopher\u0027s Stone","Thread and Needle","Lee\u0027s Waffle","Paper Crane","Anchor","Runic Dome","Blood Vial","Gremlin Horn"],"potions_floor_usage":[6,16,16,25,33,40,47],"damage_taken":[{"damage":4,"enemies":"Cultist","floor":1,"turns":6},{"damage":2,"enemies":"Small Slimes","floor":2,"turns":3},{"damage":0,"enemies":"Jaw Worm","floor":3,"turns":5},{"damage":0,"enemies":"Gremlin Gang","floor":4,"turns":6},{"damage":23,"enemies":"3 Sentries","floor":6,"turns":6},{"damage":0,"enemies":"2 Fungi Beasts","floor":7,"turns":2},{"damage":0,"enemies":"Exordium Wildlife","floor":8,"turns":2},{"damage":0,"enemies":"Large Slime","floor":11,"turns":4},{"damage":11,"enemies":"3 Louse","floor":12,"turns":2},{"damage":9,"enemies":"The Mushroom Lair","floor":13,"turns":3},{"damage":0,"enemies":"Blue Slaver","floor":14,"turns":4},{"damage":32,"enemies":"Slime Boss","floor":16,"turns":9},{"damage":10,"enemies":"Spheric Guardian","floor":18,"turns":4},{"damage":15,"enemies":"Shell Parasite","floor":19,"turns":4},{"damage":19,"enemies":"Snake Plant","floor":22,"turns":6},{"damage":9,"enemies":"3 Cultists","floor":24,"turns":5},{"damage":3,"enemies":"Sentry and Sphere","floor":25,"turns":4},{"damage":20,"enemies":"Gremlin Leader","floor":29,"turns":5},{"damage":2,"enemies":"Cultist and Chosen","floor":30,"turns":4},{"damage":22,"enemies":"Collector","floor":33,"turns":6},{"damage":0,"enemies":"Orb Walker","floor":35,"turns":3},{"damage":2,"enemies":"3 Shapes","floor":37,"turns":2},{"damage":36,"enemies":"Spire Growth","floor":38,"turns":5},{"damage":0,"enemies":"Transient","floor":39,"turns":5},{"damage":18,"enemies":"Nemesis","floor":40,"turns":8},{"damage":10,"enemies":"4 Shapes","floor":44,"turns":2},{"damage":20,"enemies":"Maw","floor":45,"turns":6},{"damage":38,"enemies":"Reptomancer","floor":47,"turns":2}],"seed_played":"3214627143893248316","potions_obtained":[{"floor":1,"key":"AttackPotion"},{"floor":4,"key":"FearPotion"},{"floor":6,"key":"Dexterity Potion"},{"floor":12,"key":"Block Potion"},{"floor":13,"key":"Fire Potion"},{"floor":18,"key":"GhostInAJar"},{"floor":29,"key":"Strength Potion"},{"floor":30,"key":"GamblersBrew"},{"floor":33,"key":"Strength Potion"},{"floor":37,"key":"SkillPotion"},{"floor":38,"key":"Poison Potion"},{"floor":39,"key":"Swift Potion"},{"floor":45,"key":"AttackPotion"}],"is_trial":false,"path_per_floor":["M","M","M","M","$","E","M","M","T","R","M","M","?","M","R","B",null,"M","M","$","?","M","R","M","M","T","?","$","E","M","T","R","B",null,"M","$","M","M","M","E","?","R","T","M","M","R","E"],"character_chosen":"THE_SILENT","items_purchased":["Bag of Preparation","Reflex","Quick Slash","Poisoned Stab","Panache","Lee\u0027s Waffle","Backstab","Footwork"],"campfire_rested":4,"item_purchase_floors":[5,20,20,28,28,28,36,36],"current_hp_per_floor":[66,64,64,64,64,41,41,41,41,41,41,30,21,21,42,10,70,60,45,45,45,26,47,38,35,35,35,77,57,55,55,55,33,77,77,77,75,39,39,21,11,34,34,26,8,31,0],"gold":134,"neow_bonus":"THREE_CARDS","is_prod":false,"is_daily":false,"chose_seed":false,"campfire_upgraded":2,"win_rate":0,"timestamp":1549593963,"path_taken":["M","M","?","M","$","E","M","M","T","R","?","M","?","M","R","BOSS","M","M","$","?","?","R","M","M","T","?","?","E","M","?","R","BOSS","M","$","M","M","M","E","?","R","T","M","M","R","E"],"build_version":"2019-01-23","purchased_purges":1,"victory":false,"max_hp_per_floor":[70,70,70,70,70,70,70,70,70,70,70,70,70,70,70,70,70,70,70,70,70,70,70,70,70,70,70,77,77,77,77,77,77,77,77,77,77,77,77,77,77,77,77,77,77,77,77],"card_choices":[{"not_picked":["Flying Knee","Dagger Spray"],"picked":"Backflip","floor":0},{"not_picked":["Choke","Sucker Punch"],"picked":"Dagger Spray","floor":1},{"not_picked":["Calculated Gamble","Terror"],"picked":"Blur","floor":2},{"not_picked":["Acrobatics","Cloak And Dagger"],"picked":"Quick Slash","floor":3},{"not_picked":["Quick Slash","Poisoned Stab"],"picked":"Escape Plan","floor":4},{"not_picked":["Sucker Punch","PiercingWail"],"picked":"Poisoned Stab","floor":6},{"not_picked":["Sucker Punch","PiercingWail"],"picked":"Backstab","floor":7},{"not_picked":["Backflip","Acrobatics"],"picked":"Infinite Blades","floor":8},{"not_picked":["Skewer","Dash"],"picked":"Deflect","floor":11},{"not_picked":["Footwork","Poisoned Stab"],"picked":"Deflect","floor":12},{"not_picked":["Outmaneuver","Crippling Poison"],"picked":"Noxious Fumes","floor":13},{"not_picked":["Storm of Steel","Eviscerate"],"picked":"Prepared","floor":14},{"not_picked":["Storm of Steel","Burst"],"picked":"Adrenaline","floor":16},{"not_picked":["Flying Knee","PiercingWail"],"picked":"Calculated Gamble","floor":18},{"not_picked":["Cloak And Dagger","Prepared+1"],"picked":"Blur","floor":19},{"not_picked":["Poisoned Stab+1","Cloak And Dagger"],"picked":"Dagger Throw+1","floor":22},{"not_picked":["Deflect+1","Dagger Spray"],"picked":"Backstab","floor":24},{"not_picked":["All Out Attack+1","Unload"],"picked":"Prepared","floor":25},{"not_picked":["Outmaneuver","Prepared"],"picked":"Noxious Fumes","floor":29},{"not_picked":["Backflip","Outmaneuver"],"picked":"Dagger Spray+1","floor":30},{"not_picked":["A Thousand Cuts","After Image"],"picked":"Corpse Explosion","floor":33},{"not_picked":["Caltrops","Blade Dance"],"picked":"Prepared+1","floor":35},{"not_picked":["Dagger Spray","Quick Slash"],"picked":"Blade Dance+1","floor":37},{"not_picked":["Leg Sweep+1","Acrobatics"],"picked":"Backstab+1","floor":38},{"not_picked":["Acrobatics","Sucker Punch"],"picked":"Backflip","floor":39},{"not_picked":["Dagger Throw","Cloak And Dagger+1"],"picked":"Choke+1","floor":40},{"not_picked":["Violence","Mayhem"],"picked":"Discovery","floor":41},{"not_picked":["Forethought","Discovery"],"picked":"Finesse","floor":41},{"not_picked":["Sadistic Nature","Violence"],"picked":"Flash of Steel","floor":41},{"not_picked":["Dagger Spray","Flying Knee"],"picked":"Expertise+1","floor":44},{"not_picked":["Deadly Poison+1","Calculated Gamble+1"],"picked":"Dagger Throw+1","floor":45}],"player_experience":70321,"relics_obtained":[{"floor":6,"key":"Snake Skull"},{"floor":9,"key":"Centennial Puzzle"},{"floor":13,"key":"Odd Mushroom"},{"floor":26,"key":"Thread and Needle"},{"floor":29,"key":"Paper Crane"},{"floor":31,"key":"Anchor"},{"floor":40,"key":"Blood Vial"},{"floor":43,"key":"Gremlin Horn"}],"event_choices":[{"damage_healed":0,"gold_gain":0,"player_choice":"Fought Mushrooms","damage_taken":0,"max_hp_gain":0,"max_hp_loss":0,"event_name":"Mushrooms","floor":13,"gold_loss":0},{"damage_healed":0,"gold_gain":250,"player_choice":"Bet on Owner","damage_taken":0,"max_hp_gain":0,"max_hp_loss":0,"event_name":"The Joust","floor":21,"gold_loss":50},{"damage_healed":0,"gold_gain":0,"player_choice":"Read","damage_taken":0,"max_hp_gain":0,"max_hp_loss":0,"event_name":"The Library","floor":27,"gold_loss":0,"cards_obtained":["Deflect"]},{"damage_healed":0,"gold_gain":0,"player_choice":"Memory 3","damage_taken":10,"max_hp_gain":0,"max_hp_loss":0,"event_name":"SensoryStone","floor":41,"gold_loss":0}],"is_beta":false,"boss_relics":[{"not_picked":["Snecko Eye","Velvet Choker"],"picked":"Philosopher\u0027s Stone"},{"not_picked":["Sozu","Runic Pyramid"],"picked":"Runic Dome"}],"items_purged_floors":[36],"is_endless":false,"potions_floor_spawned":[1,4,6,12,13,14,18,29,30,33,37,38,39,45],"killed_by":"Reptomancer","ascension_level":0}