{"gold_per_floor":[109,19,94,104,115,115,146,45,45,64,75,103,103,116,116,221,221,236,254,274,189,41,55,75,75,75,75,75,110,127,162,162,258,258,276,326,338,57,157,183,183,194,194,44,62,75,75,75,75,75],"floor_reached":51,"playtime":4751,"items_purged":["Strike_B","Strike_B","Strike_B"],"score":729,"play_id":"d5755a6d-26a1-410f-8403-e6f389176f41","local_time":"20190213134034","is_ascension_mode":false,"campfire_choices":[{"data":"Go for the Eyes","floor":6,"key":"SMITH"},{"data":"Creative AI","floor":13,"key":"SMITH"},{"floor":15,"key":"REST"},{"floor":25,"key":"REST"},{"data":"Electrodynamics","floor":27,"key":"SMITH"},{"floor":32,"key":"REST"},{"floor":41,"key":"REST"},{"data":"Zap","floor":47,"key":"SMITH"},{"data":"Coolheaded","floor":49,"key":"SMITH"}],"neow_cost":"PERCENT_DAMAGE","seed_source_timestamp":1346998591442200,"circlet_count":0,"master_deck":["Strike_B","Defend_B+1","Defend_B","Defend_B","Zap+1","Dualcast","Coolheaded+1","Auto Shields","Go for the Eyes+1","Barrage","Gash","Creative AI+1","Sweeping Beam","Reinforced Body","Force Field+1","Gash","Electrodynamics+1","Ball Lightning","Gash","Leap","Gash","Go for the Eyes+1","Loop","Conserve Battery","Gash+1","Ball Lightning+1","BootSequence+1","Scrape+1","Gash+1","BootSequence+1","Redo+1","Redo+1","Conserve Battery","Skim+1","Gash+1"],"relics":["Cracked Core","Ornamental Fan","Bottled Tornado","Dodecahedron","Busted Crown","Bag of Marbles","Letter Opener","Gambling Chip","Molten Egg 2","Nuclear Battery","Prayer Wheel","Mercury Hourglass","Bird Faced Urn","War Paint","Sundial"],"potions_floor_usage":[23,31,35,36,46,50,50],"damage_taken":[{"damage":2,"enemies":"Small Slimes","floor":1,"turns":4},{"damage":4,"enemies":"Jaw Worm","floor":4,"turns":4},{"damage":0,"enemies":"Cultist","floor":5,"turns":4},{"damage":13,"enemies":"3 Sentries","floor":7,"turns":8},{"damage":2,"enemies":"Blue Slaver","floor":10,"turns":4},{"damage":0,"enemies":"2 Fungi Beasts","floor":11,"turns":3},{"damage":12,"enemies":"Lagavulin","floor":12,"turns":7},{"damage":0,"enemies":"Looter","floor":14,"turns":3},{"damage":19,"enemies":"Slime Boss","floor":16,"turns":8},{"damage":0,"enemies":"3 Byrds","floor":18,"turns":3},{"damage":5,"enemies":"Chosen","floor":19,"turns":4},{"damage":16,"enemies":"Snake Plant","floor":20,"turns":5},{"damage":19,"enemies":"Cultist and Chosen","floor":23,"turns":6},{"damage":0,"enemies":"3 Cultists","floor":24,"turns":4},{"damage":24,"enemies":"Gremlin Leader","floor":29,"turns":5},{"damage":9,"enemies":"Shelled Parasite and Fungi","floor":30,"turns":5},{"damage":3,"enemies":"Slavers","floor":31,"turns":3},{"damage":34,"enemies":"Collector","floor":33,"turns":8},{"damage":11,"enemies":"Orb Walker","floor":35,"turns":3},{"damage":32,"enemies":"2 Orb Walkers","floor":36,"turns":4},{"damage":20,"enemies":"3 Darklings","floor":37,"turns":2},{"damage":0,"enemies":"Mind Bloom Boss Battle","floor":39,"turns":5},{"damage":21,"enemies":"Giant Head","floor":40,"turns":8},{"damage":0,"enemies":"Transient","floor":42,"turns":5},{"damage":7,"enemies":"Jaw Worm Horde","floor":45,"turns":2},{"damage":1,"enemies":"Sphere and 2 Shapes","floor":46,"turns":3},{"damage":52,"enemies":"Awakened One","floor":50,"turns":13}],"seed_played":"-2775874556271806695","potions_obtained":[{"floor":7,"key":"SpeedPotion"},{"floor":11,"key":"LiquidBronze"},{"floor":16,"key":"EssenceOfSteel"},{"floor":31,"key":"FearPotion"},{"floor":33,"key":"Strength Potion"},{"floor":39,"key":"Explosive Potion"},{"floor":40,"key":"Swift Potion"},{"floor":46,"key":"Weak Potion"}],"is_trial":false,"path_per_floor":["M","$","?","M","M","R","E","$","T","M","M","E","R","M","R","B",null,"M","M","M","?","$","M","M","R","T","R","?","E","M","E","R","B",null,"M","?","M","$","?","E","R","M","T","$","M","M","R","?","R","B",null],"character_chosen":"DEFECT","items_purchased":["Auto Shields","Go for the Eyes","Sweeping Beam","Gash","Scrape+1","Mercury Hourglass","Conserve Battery"],"campfire_rested":4,"item_purchase_floors":[2,2,8,22,38,38,44],"current_hp_per_floor":[66,66,55,51,51,51,38,38,38,36,36,24,24,24,50,31,89,89,84,68,68,68,49,49,75,75,75,75,51,42,39,65,31,89,78,46,26,26,26,19,45,57,57,57,56,61,61,61,61,27],"gold":75,"neow_bonus":"TWENTY_PERCENT_HP_BONUS","is_prod":false,"is_daily":false,"chose_seed":false,"campfire_upgraded":5,"win_rate":0.0,"timestamp":1550061634,"path_taken":["M","$","?","M","M","R","E","$","T","M","M","E","R","M","R","BOSS","M","M","M","?","$","M","M","R","T","R","?","E","M","E","R","BOSS","M","?","M","$","?","E","R","M","T","$","M","M","R","?","R","BOSS"],"build_version":"2019-01-23","purchased_purges":3,"victory":true,"max_hp_per_floor":[89,89,89,89,89,89,89,89,89,89,89,89,89,89,89,89,89,89,89,89,89,89,89,89,89,89,89,89,89,89,89,89,89,89,89,89,89,89,89,89,89,89,89,89,89,89,89,89,89,89],"card_choices":[{"not_picked":["Ball Lightning","Beam Cell"],"picked":"Coolheaded","floor":1},{"not_picked":["Force Field","Turbo"],"picked":"Barrage","floor":4},{"not_picked":["Steam","Go for the Eyes"],"picked":"Gash","floor":5},{"not_picked":["Barrage","Turbo"],"picked":"Creative AI","floor":7},{"not_picked":["Streamline","Hologram"],"picked":"Reinforced Body","floor":10},{"not_picked":["Beam Cell","Go for the Eyes"],"picked":"Force Field","floor":11},{"not_picked":["Capacitor","Undo","Barrage"],"picked":"SKIP","floor":12},{"not_picked":["Redo","Go for the Eyes"],"picked":"Gash","floor":14},{"not_picked":["Seek","Multi-Cast"],"picked":"Electrodynamics","floor":16},{"not_picked":[],"picked":"Ball Lightning","floor":18},{"not_picked":[],"picked":"Gash","floor":19},{"not_picked":[],"picked":"Leap","floor":20},{"not_picked":["Lockon"],"picked":"SKIP","floor":23},{"not_picked":[],"picked":"Go for the Eyes+1","floor":24},{"not_picked":[],"picked":"Loop","floor":29},{"not_picked":["Doom and Gloom"],"picked":"SKIP","floor":30},{"not_picked":[],"picked":"Conserve Battery","floor":31},{"not_picked":[],"picked":"Gash+1","floor":35},{"not_picked":[],"picked":"Ball Lightning+1","floor":37},{"not_picked":[],"picked":"BootSequence+1","floor":37},{"not_picked":[],"picked":"Gash+1","floor":39},{"not_picked":[],"picked":"BootSequence+1","floor":40},{"not_picked":[],"picked":"Redo+1","floor":42},{"not_picked":[],"picked":"Redo+1","floor":42},{"not_picked":[],"picked":"Skim+1","floor":45},{"not_picked":[],"picked":"Capacitor+1","floor":45},{"not_picked":[],"picked":"Gash+1","floor":46},{"not_picked":["Consume"],"picked":"SKIP","floor":46}],"player_experience":137591,"relics_obtained":[{"floor":7,"key":"Ornamental Fan"},{"floor":9,"key":"Bottled Tornado"},{"floor":12,"key":"Dodecahedron"},{"floor":26,"key":"Letter Opener"},{"floor":29,"key":"Gambling Chip"},{"floor":31,"key":"Molten Egg 2"},{"floor":36,"key":"Prayer Wheel"},{"floor":39,"key":"Bird Faced Urn"},{"floor":40,"key":"War Paint"},{"floor":43,"key":"Sundial"}],"event_choices":[{"damage_healed":0,"gold_gain":75,"player_choice":"Gather Gold","damage_taken":11,"max_hp_gain":0,"max_hp_loss":0,"event_name":"World of Goop","floor":3,"gold_loss":0},{"damage_healed":0,"gold_gain":0,"player_choice":"Obtained Relic","damage_taken":0,"relics_obtained":["Bag of Marbles"],"max_hp_gain":0,"max_hp_loss":0,"event_name":"Addict","floor":21,"gold_loss":85},{"cards_removed":["Defend_B"],"damage_healed":0,"gold_gain":0,"player_choice":"Offered Basic","damage_taken":0,"max_hp_gain":0,"max_hp_loss":0,"event_name":"Bonfire Elementals","floor":28,"gold_loss":0},{"damage_healed":0,"gold_gain":0,"player_choice":"Fight","damage_taken":0,"max_hp_gain":0,"max_hp_loss":0,"event_name":"Mysterious Sphere","floor":36,"gold_loss":0},{"damage_healed":0,"gold_gain":0,"player_choice":"Fight","damage_taken":0,"max_hp_gain":0,"max_hp_loss":0,"event_name":"MindBloom","floor":39,"gold_loss":0},{"cards_removed":["Capacitor"],"damage_healed":0,"gold_gain":0,"player_choice":"Removed Power","damage_taken":0,"max_hp_gain":0,"max_hp_loss":0,"event_name":"Falling","floor":48,"gold_loss":0}],"is_beta":false,"boss_relics":[{"not_picked":["Runic Dome","Eternal Feather"],"picked":"Busted Crown"},{"not_picked":["Lizard Tail","Inserter"],"picked":"Nuclear Battery"}],"items_purged_floors":[8,22,44],"is_endless":false,"potions_floor_spawned":[7,11,16,20,31,33,39,40,46],"ascension_level":0}