{"gold_per_floor":[369,384,394,394,319,319,26,26,51,51,51,80,95,129,129,206,206,225,236,8,8,8,8,32,32,86,112,126,159,186,209,221,312,324,356,368,380,15,88,88,115,100,100,116,116,148,148,167,167,167,167],"floor_reached":51,"playtime":2152,"items_purged":["Strike_G","Strike_G","Strike_G"],"score":1573,"play_id":"6b08a700-ea94-4803-8dbc-2af8ef128ccb","local_time":"20190125131031","is_ascension_mode":true,"campfire_choices":[{"data":"Neutralize","floor":6.0,"key":"SMITH"},{"data":"Noxious Fumes","floor":8.0,"key":"SMITH"},{"data":"Dagger Spray","floor":10.0,"key":"SMITH"},{"data":"Crippling Poison","floor":15.0,"key":"SMITH"},{"floor":23.0,"key":"REST"},{"floor":32.0,"key":"REST"},{"data":"After Image","floor":40.0,"key":"SMITH"},{"data":"Catalyst","floor":45.0,"key":"SMITH"},{"floor":47.0,"key":"RECALL"},{"floor":49.0,"key":"REST"}],"neow_cost":"CURSE","seed_source_timestamp":0,"circlet_count":0,"master_deck":["AscendersBane","Defend_G","Defend_G","Defend_G","Defend_G","Defend_G","Strike_G","Strike_G","Survivor","Noxious Fumes+1","Bane","Dagger Spray+1","Crippling Poison+1","Poisoned Stab","Malaise","Bouncing Flask","Eviscerate","Well Laid Plans","Catalyst+1","Necronomicurse","Shame","Dash","Burst","Dash","After Image+1","Caltrops","PiercingWail","Leg Sweep+1","Bullet Time"],"special_seed":0,"relics":["Ring of the Snake","PreservedInsect","Anchor","Boot","Pantograph","Snecko Eye","Necronomicon","Gremlin Horn","Juzu Bracelet","Strawberry","Bag of Marbles","MawBank","Philosopher\u0027s Stone","Membership Card","Pen Nib","Singing Bowl","Bronze Scales","Orichalcum"],"potions_floor_usage":[],"damage_taken":[{"damage":1.0,"enemies":"Cultist","floor":1.0,"turns":4.0},{"damage":4.0,"enemies":"Small Slimes","floor":2.0,"turns":5.0},{"damage":5.0,"enemies":"2 Louse","floor":3.0,"turns":4.0},{"damage":17.0,"enemies":"3 Sentries","floor":12.0,"turns":5.0},{"damage":0.0,"enemies":"2 Fungi Beasts","floor":13.0,"turns":3.0},{"damage":10.0,"enemies":"Lagavulin","floor":14.0,"turns":6.0},{"damage":41.0,"enemies":"Hexaghost","floor":16.0,"turns":10.0},{"damage":4.0,"enemies":"Shell Parasite","floor":18.0,"turns":5.0},{"damage":13.0,"enemies":"Chosen","floor":19.0,"turns":4.0},{"damage":15.0,"enemies":"Book of Stabbing","floor":27.0,"turns":4.0},{"damage":4.0,"enemies":"3 Cultists","floor":28.0,"turns":4.0},{"damage":0.0,"enemies":"Gremlin Leader","floor":29.0,"turns":2.0},{"damage":8.0,"enemies":"Snecko","floor":30.0,"turns":4.0},{"damage":9.0,"enemies":"Cultist and Chosen","floor":31.0,"turns":3.0},{"damage":15.0,"enemies":"Champ","floor":33.0,"turns":7.0},{"damage":0.0,"enemies":"Orb Walker","floor":35.0,"turns":3.0},{"damage":0.0,"enemies":"Nemesis","floor":41.0,"turns":5.0},{"damage":19.0,"enemies":"3 Darklings","floor":44.0,"turns":4.0},{"damage":17.0,"enemies":"Reptomancer","floor":46.0,"turns":4.0},{"damage":0.0,"enemies":"4 Shapes","floor":48.0,"turns":4.0},{"damage":41,"enemies":"Time Eater","floor":50,"turns":8},{"damage":74,"enemies":"Donu and Deca","floor":51,"turns":8}],"seed_played":"-5149570732867194005","potions_obtained":[{"floor":12.0,"key":"Regen Potion"},{"floor":13.0,"key":"GhostInAJar"},{"floor":14.0,"key":"Energy Potion"},{"floor":19.0,"key":"SpeedPotion"},{"floor":27.0,"key":"Strength Potion"},{"floor":31.0,"key":"FearPotion"}],"is_trial":false,"path_per_floor":["M","M","M","?","?","R","$","R","T","R","$","E","M","E","R","B",null,"M","M","$","?","?","R","T","?","T","E","M","E","M","M","R","B",null,"M","?","?","$","T","R","E","$","T","M","R","E","R","M","R","B","B"],"character_chosen":"THE_SILENT","items_purchased":["PreservedInsect","Dagger Spray","Well Laid Plans","Catalyst","Membership Card","Pen Nib","PiercingWail"],"campfire_rested":3,"item_purchase_floors":[7,7,20,20,38,38,42],"current_hp_per_floor":[58,54,49,54,54,54,54,54,54,54,54,37,37,42,42,26,60,56,43,43,22,22,43,43,43,50,35,31,31,23,14,37,47,70,70,70,70,70,70,70,72,72,72,53,53,38,38,38,61,37,0],"gold":167,"neow_bonus":"TWO_FIFTY_GOLD","is_prod":false,"is_daily":false,"chose_seed":false,"campfire_upgraded":6,"win_rate":0,"timestamp":1548418231,"path_taken":["M","M","?","?","?","R","$","R","T","R","$","E","M","E","R","BOSS","M","M","$","?","?","R","?","?","T","E","M","E","M","M","R","BOSS","M","?","?","$","?","R","E","$","T","M","R","E","R","M","R","BOSS","BOSS"],"build_version":"2019-01-23","purchased_purges":3,"victory":false,"max_hp_per_floor":[66,66,66,71,71,71,71,71,71,71,71,71,71,71,71,71,71,71,71,71,71,71,71,71,71,78,78,78,78,78,78,78,78,78,78,78,74,74,74,74,76,76,76,76,76,78,78,78,78,78,78],"card_choices":[{"not_picked":["Bane","Deflect","Dodge and Roll"],"picked":"SKIP","floor":1.0},{"not_picked":["Accuracy","Outmaneuver"],"picked":"Noxious Fumes","floor":2.0},{"not_picked":["Dagger Spray","Prepared"],"picked":"Bane","floor":3.0},{"not_picked":["Dagger Throw","Grand Finale","Outmaneuver"],"picked":"SKIP","floor":12.0},{"not_picked":["Dagger Throw","Concentrate"],"picked":"Crippling Poison","floor":13.0},{"not_picked":["Dodge and Roll","Finisher"],"picked":"Poisoned Stab","floor":14.0},{"not_picked":["Phantasmal Killer","Bullet Time"],"picked":"Malaise","floor":16.0},{"not_picked":["Bane","Outmaneuver"],"picked":"Bouncing Flask","floor":18.0},{"not_picked":["Slice","Prepared"],"picked":"Eviscerate","floor":19.0},{"not_picked":["Deadly Poison","Bouncing Flask+1"],"picked":"Dash","floor":27.0},{"not_picked":["Escape Plan","Slice","Accuracy"],"picked":"SKIP","floor":28.0},{"not_picked":["Outmaneuver","Skewer"],"picked":"Burst","floor":29.0},{"not_picked":["Deflect","Underhanded Strike","Distraction+1"],"picked":"SKIP","floor":30.0},{"not_picked":["Bane","Cloak And Dagger"],"picked":"Dash","floor":31.0},{"not_picked":["Grand Finale","A Thousand Cuts"],"picked":"After Image","floor":33.0},{"not_picked":["Backflip","Dodge and Roll"],"picked":"Caltrops","floor":35.0},{"not_picked":["Heel Hook","Dagger Throw","Unload"],"picked":"Singing Bowl","floor":41.0},{"not_picked":["Riddle With Holes","Blur"],"picked":"Leg Sweep+1","floor":44.0},{"not_picked":["Quick Slash","Deflect","Sucker Punch"],"picked":"Singing Bowl","floor":46.0},{"not_picked":["Outmaneuver+1","Deadly Poison"],"picked":"Bullet Time","floor":48.0}],"player_experience":1929097,"relics_obtained":[{"floor":9.0,"key":"Anchor"},{"floor":12.0,"key":"Boot"},{"floor":14.0,"key":"Pantograph"},{"floor":21.0,"key":"Necronomicon"},{"floor":24.0,"key":"Juzu Bracelet"},{"floor":26.0,"key":"Strawberry"},{"floor":27.0,"key":"Bag of Marbles"},{"floor":29.0,"key":"MawBank"},{"floor":39.0,"key":"Singing Bowl"},{"floor":41.0,"key":"Bronze Scales"},{"floor":46.0,"key":"Orichalcum"}],"event_choices":[{"damage_healed":0.0,"max_hp_gain":5.0,"max_hp_loss":0.0,"gold_gain":0.0,"event_name":"Big Fish","player_choice":"Donut","floor":4.0,"gold_loss":0.0,"damage_taken":0.0},{"cards_removed":["Normality"],"damage_healed":0.0,"max_hp_gain":0.0,"max_hp_loss":0.0,"gold_gain":0.0,"event_name":"The Cleric","player_choice":"Card Removal","floor":5.0,"gold_loss":75.0,"damage_taken":0.0},{"damage_healed":0.0,"max_hp_gain":0.0,"max_hp_loss":0.0,"gold_gain":0.0,"event_name":"Cursed Tome","player_choice":"Obtained Book","floor":21.0,"gold_loss":0.0,"damage_taken":21.0},{"damage_healed":0.0,"max_hp_gain":0.0,"max_hp_loss":0.0,"gold_gain":0.0,"event_name":"Addict","player_choice":"Stole Relic","floor":22.0,"gold_loss":0.0,"damage_taken":0.0,"relics_obtained":["Gremlin Horn"],"cards_obtained":["Shame"]},{"damage_healed":0.0,"max_hp_gain":0.0,"max_hp_loss":0.0,"gold_gain":0.0,"event_name":"The Mausoleum","player_choice":"Ignored","floor":25.0,"gold_loss":0.0,"damage_taken":0.0},{"cards_removed":["Neutralize"],"damage_healed":0.0,"max_hp_gain":0.0,"max_hp_loss":0.0,"gold_gain":0.0,"event_name":"Falling","player_choice":"Removed Attack","floor":36.0,"gold_loss":0.0,"damage_taken":0.0},{"damage_healed":0.0,"max_hp_gain":0.0,"max_hp_loss":4.0,"gold_gain":0.0,"event_name":"Winding Halls","player_choice":"Max HP","floor":37.0,"gold_loss":0.0,"damage_taken":0.0}],"is_beta":false,"boss_relics":[{"not_picked":["Tiny House","White Beast Statue"],"picked":"Snecko Eye"},{"not_picked":["Orrery","Runic Dome"],"picked":"Philosopher\u0027s Stone"}],"items_purged_floors":[7,20,38],"is_endless":false,"potions_floor_spawned":[12,13,14,19,27,31,41,48],"killed_by":"Donu and Deca","ascension_level":20}