{"gold_per_floor":[109,120,130,141,160,194,194,224,224,224,251,251,251,29,29,126,126,144,144,154,154],"floor_reached":21,"playtime":1261,"items_purged":["Regret"],"score":209,"play_id":"c14f4347-a076-40e1-9776-10f1b70df9fc","local_time":"20190210032810","is_ascension_mode":true,"campfire_choices":[{"floor":7,"key":"REST"},{"floor":10,"key":"REST"},{"data":"Infinite Blades","floor":15,"key":"SMITH"}],"neow_cost":"NONE","seed_source_timestamp":188508943094110,"circlet_count":0,"master_deck":["Defend_G","Defend_G","Defend_G","Defend_G","Defend_G","Strike_G","Strike_G","Strike_G","Strike_G","Strike_G","Survivor+1","Neutralize","Calculated Gamble","Infinite Blades+1","Backflip","Setup","Escape Plan","Terror+1","All Out Attack","Noxious Fumes+1","Well Laid Plans+1","Poisoned Stab","Flying Knee","Corpse Explosion","Noxious Fumes+1","Distraction+1"],"relics":["Ring of the Snake","Pen Nib","Art of War","Frozen Egg 2","Regal Pillow","Letter Opener","Black Star","CultistMask"],"potions_floor_usage":[4,6,8,11,16],"damage_taken":[{"damage":2,"enemies":"Small Slimes","floor":1,"turns":3},{"damage":1,"enemies":"2 Louse","floor":2,"turns":4},{"damage":0,"enemies":"Cultist","floor":3,"turns":4},{"damage":4,"enemies":"Red Slaver","floor":4,"turns":5},{"damage":5,"enemies":"3 Louse","floor":5,"turns":4},{"damage":27,"enemies":"Lagavulin","floor":6,"turns":11},{"damage":33,"enemies":"3 Sentries","floor":8,"turns":12},{"damage":11,"enemies":"Gremlin Nob","floor":11,"turns":4},{"damage":13,"enemies":"Hexaghost","floor":16,"turns":8},{"damage":21,"enemies":"Spheric Guardian","floor":18,"turns":5},{"damage":10,"enemies":"3 Byrds","floor":20,"turns":3},{"damage":47,"enemies":"Shelled Parasite and Fungi","floor":21,"turns":3}],"seed_played":"-8322305487250167436","potions_obtained":[{"floor":1,"key":"Strength Potion"},{"floor":2,"key":"SteroidPotion"},{"floor":3,"key":"Swift Potion"},{"floor":6,"key":"LiquidBronze"},{"floor":11,"key":"PowerPotion"},{"floor":16,"key":"Dexterity Potion"}],"is_trial":false,"path_per_floor":["M","M","M","M","M","E","R","E","T","R","E","?","?","$","R","B",null,"M","?","M","M"],"character_chosen":"THE_SILENT","items_purchased":["Well Laid Plans+1","Poisoned Stab","Flying Knee"],"campfire_rested":2,"item_purchase_floors":[14,14,14],"current_hp_per_floor":[68,67,67,63,58,31,52,19,19,40,29,29,29,29,29,16,70,49,49,39,0],"gold":154,"neow_bonus":"UPGRADE_CARD","is_prod":false,"is_daily":false,"chose_seed":false,"campfire_upgraded":1,"win_rate":0,"timestamp":1549765690,"path_taken":["M","M","M","M","M","E","R","E","T","R","E","?","?","$","R","BOSS","M","?","M","M"],"build_version":"2019-01-23","purchased_purges":1,"victory":false,"max_hp_per_floor":[70,70,70,70,70,70,70,70,70,70,70,70,70,70,70,70,70,70,70,70,70],"card_choices":[{"not_picked":["Prepared","Reflex"],"picked":"Calculated Gamble","floor":1},{"not_picked":["Quick Slash","Bane"],"picked":"Infinite Blades","floor":2},{"not_picked":["Prepared","Slice"],"picked":"Backflip","floor":3},{"not_picked":["Acrobatics","Calculated Gamble"],"picked":"Setup","floor":4},{"not_picked":["Expertise","Calculated Gamble"],"picked":"Escape Plan","floor":5},{"not_picked":["Deadly Poison","Finisher"],"picked":"Terror","floor":6},{"not_picked":["Sucker Punch","Blur"],"picked":"All Out Attack","floor":8},{"not_picked":["Doppelganger","All Out Attack"],"picked":"Noxious Fumes+1","floor":11},{"not_picked":["Venomology","Doppelganger"],"picked":"Corpse Explosion","floor":16},{"not_picked":["Distraction+1","PiercingWail"],"picked":"Noxious Fumes+1","floor":18},{"not_picked":["Expertise","Dagger Throw+1"],"picked":"Distraction+1","floor":20}],"player_experience":132325,"relics_obtained":[{"floor":6,"key":"Pen Nib"},{"floor":8,"key":"Art of War"},{"floor":9,"key":"Frozen Egg 2"},{"floor":11,"key":"Regal Pillow"}],"event_choices":[{"damage_healed":0,"gold_gain":0,"player_choice":"Box","damage_taken":0,"relics_obtained":["Letter Opener"],"max_hp_gain":0,"max_hp_loss":0,"event_name":"Big Fish","floor":12,"gold_loss":0,"cards_obtained":["Regret"]},{"damage_healed":0,"gold_gain":0,"player_choice":"Grow","damage_taken":0,"max_hp_gain":0,"max_hp_loss":0,"event_name":"Living Wall","floor":13,"gold_loss":0,"cards_upgraded":["Terror"]},{"damage_healed":0,"gold_gain":0,"player_choice":"Trade","damage_taken":0,"relics_obtained":["CultistMask"],"max_hp_gain":0,"max_hp_loss":0,"event_name":"FaceTrader","floor":19,"gold_loss":0}],"is_beta":false,"boss_relics":[{"not_picked":["White Beast Statue","Pandora\u0027s Box"],"picked":"Black Star"}],"items_purged_floors":[14],"is_endless":false,"potions_floor_spawned":[1,2,3,6,11,16],"killed_by":"Shelled Parasite and Fungi","ascension_level":1}