{"gold_per_floor":[119,136,151,162,87,87,162,162,162,189,189,205,232,182,182,277,277,277,100,25,25,25,25,25,25,25,25,25,25,25,25,25,25,25,25,25,25,0,0,0,0,0,0,0,0,0,0,0,0,0],"floor_reached":51,"playtime":3262,"items_purged":["Strike_B","Strike_B"],"score":1205,"play_id":"cd90ce4d-6b72-4842-83a8-c347082e7c24","local_time":"20190212233730","is_ascension_mode":true,"campfire_choices":[{"data":"Zap","floor":6.0,"key":"SMITH"},{"floor":8.0,"key":"REST"},{"data":"Biased Cognition","floor":11.0,"key":"SMITH"},{"data":"Dualcast","floor":15.0,"key":"SMITH"},{"data":"Fission","floor":23.0,"key":"SMITH"},{"data":"Loop","floor":25.0,"key":"SMITH"},{"data":"Conserve Battery","floor":27.0,"key":"SMITH"},{"data":"Force Field","floor":30.0,"key":"SMITH"},{"data":"Machine Learning","floor":32.0,"key":"SMITH"},{"data":"Amplify","floor":40,"key":"SMITH"},{"data":"Coolheaded","floor":44,"key":"SMITH"},{"floor":49,"key":"REST"}],"neow_cost":"NONE","seed_source_timestamp":38775937294672,"circlet_count":0,"master_deck":["Defend_B","Defend_B","Defend_B","Zap+1","Dualcast+1","Cold Snap","Ball Lightning","Ball Lightning","Conserve Battery+1","Biased Cognition+1","Electrodynamics","Cold Snap","Fission+1","Defragment+1","Loop+1","Leap","Force Field+1","Machine Learning+1","Amplify+1","Defragment+1","Tempest+1","Double Energy","Coolheaded+1","Panacea","Discovery","Bandage Up","Skim+1","Hologram"],"special_seed":0,"relics":["FrozenCore","Matryoshka","Bag of Preparation","Sundial","Ectoplasm","Pen Nib","Kunai","Ornamental Fan","Mango","Red Mask","Boot","Molten Egg 2","Thread and Needle","Torii","Blood Vial"],"potions_floor_usage":[50,50,50,50,50,50,50,50,50],"damage_taken":[{"damage":9.0,"enemies":"Small Slimes","floor":1.0,"turns":3.0},{"damage":5.0,"enemies":"Jaw Worm","floor":2.0,"turns":4.0},{"damage":0.0,"enemies":"2 Louse","floor":3.0,"turns":1.0},{"damage":6.0,"enemies":"Exordium Wildlife","floor":4.0,"turns":3.0},{"damage":6.0,"enemies":"Gremlin Nob","floor":10.0,"turns":3.0},{"damage":4.0,"enemies":"Looter","floor":12.0,"turns":3.0},{"damage":1.0,"enemies":"3 Sentries","floor":13.0,"turns":3.0},{"damage":32.0,"enemies":"Hexaghost","floor":16.0,"turns":8.0},{"damage":0.0,"enemies":"3 Byrds","floor":18.0,"turns":2.0},{"damage":5.0,"enemies":"Chosen","floor":21.0,"turns":3.0},{"damage":6.0,"enemies":"Snecko","floor":22.0,"turns":4.0},{"damage":0.0,"enemies":"Cultist and Chosen","floor":24.0,"turns":3.0},{"damage":0.0,"enemies":"Book of Stabbing","floor":29.0,"turns":4.0},{"damage":0.0,"enemies":"Snake Plant","floor":31.0,"turns":2.0},{"damage":0,"enemies":"Champ","floor":33,"turns":11},{"damage":0,"enemies":"Orb Walker","floor":35,"turns":3},{"damage":0,"enemies":"3 Shapes","floor":36,"turns":2},{"damage":0,"enemies":"Mind Bloom Boss Battle","floor":37,"turns":6},{"damage":0,"enemies":"Transient","floor":41,"turns":5},{"damage":20,"enemies":"Giant Head","floor":42,"turns":9},{"damage":0,"enemies":"Reptomancer","floor":47,"turns":4},{"damage":0,"enemies":"Writhing Mass","floor":48,"turns":3},{"damage":35,"enemies":"Awakened One","floor":50,"turns":14}],"seed_played":"575353535280412597","potions_obtained":[{"floor":3.0,"key":"SpeedPotion"},{"floor":4.0,"key":"Energy Potion"},{"floor":12.0,"key":"PowerPotion"},{"floor":13.0,"key":"Block Potion"},{"floor":16.0,"key":"Strength Potion"},{"floor":22.0,"key":"Explosive Potion"},{"floor":24.0,"key":"FearPotion"},{"floor":41,"key":"EntropicBrew"}],"is_trial":false,"path_per_floor":["M","M","M","M","$","R","?","R","T","E","R","M","E","?","R","B",null,"M","$","?","M","M","R","M","R","T","R","$","E","R","M","R","B",null,"M","M","?","?","T","R","M","E","T","R","?","$","E","M","R","B",null],"character_chosen":"DEFECT","items_purchased":["Loop"],"campfire_rested":2,"item_purchase_floors":[19],"current_hp_per_floor":[66,61,61,55,55,55,44,66,66,60,60,56,55,55,55,23,75,75,75,75,70,64,64,64,64,64,64,64,64,64,64,64,64,75,75,75,89,89,89,89,89,69,69,69,59,59,63,69,89,58],"gold":0,"neow_bonus":"TRANSFORM_CARD","is_prod":false,"is_daily":false,"chose_seed":false,"campfire_upgraded":10,"win_rate":0,"timestamp":1550011050,"path_taken":["M","M","M","M","$","R","?","R","T","E","R","M","E","?","R","BOSS","M","$","?","M","M","R","M","R","T","R","$","E","R","M","R","BOSS","M","M","?","?","?","R","M","E","T","R","?","?","E","M","R","BOSS"],"build_version":"2019-01-23","purchased_purges":2,"victory":true,"max_hp_per_floor":[75,75,75,75,75,75,75,75,75,75,75,75,75,75,75,75,75,75,75,75,75,75,75,75,75,75,75,75,75,75,75,75,75,75,75,75,89,89,89,89,89,89,89,89,89,89,89,89,89,89],"card_choices":[{"not_picked":["Rebound","Blizzard"],"picked":"Ball Lightning","floor":1.0},{"not_picked":["Storm","Heatsinks"],"picked":"Ball Lightning","floor":2.0},{"not_picked":["Redo","Skim"],"picked":"Conserve Battery","floor":3.0},{"not_picked":["Reinforced Body","Storm"],"picked":"Biased Cognition","floor":4.0},{"not_picked":["Rip and Tear","Beam Cell"],"picked":"Electrodynamics","floor":10.0},{"not_picked":["Stack","Redo"],"picked":"Cold Snap","floor":12.0},{"not_picked":["Force Field","Sunder","Go for the Eyes"],"picked":"SKIP","floor":13.0},{"not_picked":["Biased Cognition","All For One"],"picked":"Fission","floor":16.0},{"not_picked":["Conserve Battery","Heatsinks+1"],"picked":"Defragment+1","floor":18.0},{"not_picked":["Stack","Lockon"],"picked":"Leap","floor":21.0},{"not_picked":["Rip and Tear","Leap","Barrage"],"picked":"SKIP","floor":22.0},{"not_picked":["Darkness","Compile Driver","Redo+1"],"picked":"SKIP","floor":24.0},{"not_picked":["Sweeping Beam","Beam Cell"],"picked":"Force Field","floor":29.0},{"not_picked":["Storm","Steam Power"],"picked":"Machine Learning","floor":31.0},{"not_picked":["Hyperbeam","Biased Cognition"],"picked":"Amplify","floor":33},{"not_picked":["Skim","Leap"],"picked":"Defragment+1","floor":35},{"not_picked":["Redo","Sweeping Beam+1","Conserve Battery"],"picked":"SKIP","floor":36},{"not_picked":["Skim+1","Gash"],"picked":"Tempest+1","floor":37},{"not_picked":["Cold Snap+1","Redo+1"],"picked":"Double Energy","floor":41},{"not_picked":["Fusion","Turbo"],"picked":"Coolheaded","floor":42},{"not_picked":["Dark Shackles","Jack Of All Trades"],"picked":"Panacea","floor":45},{"not_picked":["Good Instincts","Finesse"],"picked":"Discovery","floor":45},{"not_picked":["Chrysalis","Dramatic Entrance+1"],"picked":"Bandage Up","floor":45},{"not_picked":["Double Energy","Storm+1"],"picked":"Skim+1","floor":47},{"not_picked":["Ball Lightning+1","Reprogram+1"],"picked":"Hologram","floor":48}],"player_experience":73491,"relics_obtained":[{"floor":9.0,"key":"Matryoshka"},{"floor":10.0,"key":"Bag of Preparation"},{"floor":13.0,"key":"Sundial"},{"floor":26.0,"key":"Pen Nib"},{"floor":26.0,"key":"Kunai"},{"floor":29.0,"key":"Ornamental Fan"},{"floor":37,"key":"Mango"},{"floor":39,"key":"Boot"},{"floor":39,"key":"Molten Egg 2"},{"floor":42,"key":"Thread and Needle"},{"floor":43,"key":"Torii"},{"floor":47,"key":"Blood Vial"}],"event_choices":[{"damage_healed":0.0,"max_hp_gain":0.0,"max_hp_loss":0.0,"gold_gain":75.0,"event_name":"World of Goop","player_choice":"Gather Gold","floor":7.0,"gold_loss":0.0,"damage_taken":11.0},{"cards_removed":["Strike_B"],"damage_healed":0.0,"max_hp_gain":0.0,"max_hp_loss":0.0,"gold_gain":0.0,"event_name":"The Cleric","player_choice":"Card Removal","floor":14.0,"gold_loss":50.0,"damage_taken":0.0},{"cards_removed":["Defend_B"],"damage_healed":0.0,"max_hp_gain":0.0,"max_hp_loss":0.0,"gold_gain":0.0,"event_name":"Beggar","player_choice":"Gave Gold","floor":20.0,"gold_loss":75.0,"damage_taken":0.0},{"damage_healed":0,"gold_gain":0,"player_choice":"Fight","damage_taken":0,"max_hp_gain":0,"max_hp_loss":0,"event_name":"MindBloom","floor":37,"gold_loss":0},{"damage_healed":0,"gold_gain":0,"player_choice":"Paid","damage_taken":0,"relics_obtained":["Red Mask"],"max_hp_gain":0,"max_hp_loss":0,"event_name":"Tomb of Lord Red Mask","floor":38,"gold_loss":25},{"damage_healed":0,"gold_gain":0,"player_choice":"Memory 3","damage_taken":10,"max_hp_gain":0,"max_hp_loss":0,"event_name":"SensoryStone","floor":45,"gold_loss":0}],"is_beta":false,"boss_relics":[{"not_picked":["White Beast Statue","Astrolabe"],"picked":"Ectoplasm"},{"not_picked":["Black Star","Cursed Key"],"picked":"FrozenCore"}],"items_purged_floors":[5,19],"is_endless":false,"potions_floor_spawned":[3,4,12,13,16,21,22,24,33,41,47,48],"ascension_level":4}