{"gold_per_floor":[218,61,72,72,72,106,126,126,126,157,173,173,28,42,42,121,121,121,121,121,40,40,40,40,40,40,40,40,40,40,40,40,40,40,40,40,40,40,40,40,40,40,40,40,40,40,0,0,0,0],"floor_reached":51,"playtime":2888,"items_purged":[],"score":1243,"play_id":"53420739-e471-4236-bff6-01179610b760","local_time":"20190209002708","is_ascension_mode":true,"campfire_choices":[{"data":"Neutralize","floor":8.0,"key":"SMITH"},{"floor":15.0,"key":"REST"},{"data":"Caltrops","floor":23.0,"key":"SMITH"},{"floor":28,"key":"REST"},{"floor":32,"key":"REST"},{"data":"Calculated Gamble","floor":41,"key":"SMITH"},{"data":"Cloak And Dagger","floor":44,"key":"SMITH"},{"data":"Acrobatics","floor":49,"key":"SMITH"}],"neow_cost":"NONE","seed_source_timestamp":13916549802300,"circlet_count":0,"master_deck":["AscendersBane","Defend_G+1","Defend_G+1","Defend_G+1","Defend_G+1","Defend_G+1","Strike_G+1","Strike_G+1","Strike_G+1","Strike_G+1","Survivor+1","Neutralize+1","Backstab+1","Crippling Poison+1","Storm of Steel+1","Poisoned Stab+1","Bouncing Flask+1","Cloak And Dagger+1","Blade Dance+1","Die Die Die+1","Well Laid Plans+1","Caltrops+1","RitualDagger+1","Sucker Punch+1","Terror+1","Backflip+1","Calculated Gamble+1","Accuracy+1","Adrenaline+1","Finisher+1","PiercingWail+1","Reflex+1","Footwork+1","Backflip+1","Writhe","Acrobatics+1"],"special_seed":0,"relics":["Ring of the Snake","Bronze Scales","Nunchaku","Tingsha","StoneCalendar","Vajra","Ectoplasm","Letter Opener","Question Card","Thread and Needle","Cursed Key","FossilizedHelix","Regal Pillow","Kunai","Mark of the Bloom","Red Mask"],"potions_floor_usage":[31,33,33,50,50],"damage_taken":[{"damage":5.0,"enemies":"Jaw Worm","floor":1.0,"turns":7.0},{"damage":0.0,"enemies":"Small Slimes","floor":3.0,"turns":3.0},{"damage":24.0,"enemies":"3 Sentries","floor":6.0,"turns":14.0},{"damage":0.0,"enemies":"2 Louse","floor":7.0,"turns":2.0},{"damage":3.0,"enemies":"Lagavulin","floor":10.0,"turns":5.0},{"damage":0.0,"enemies":"2 Fungi Beasts","floor":11.0,"turns":3.0},{"damage":0.0,"enemies":"Exordium Thugs","floor":14.0,"turns":3.0},{"damage":19.0,"enemies":"The Guardian","floor":16.0,"turns":8.0},{"damage":1.0,"enemies":"Chosen","floor":18.0,"turns":3.0},{"damage":0.0,"enemies":"Spheric Guardian","floor":24.0,"turns":3.0},{"damage":14.0,"enemies":"Book of Stabbing","floor":25.0,"turns":5.0},{"damage":3.0,"enemies":"Centurion and Healer","floor":27.0,"turns":6.0},{"damage":0,"enemies":"Snecko","floor":29,"turns":3},{"damage":5,"enemies":"Cultist and Chosen","floor":30,"turns":4},{"damage":14,"enemies":"Slavers","floor":31,"turns":3},{"damage":10,"enemies":"Collector","floor":33,"turns":7},{"damage":16,"enemies":"3 Shapes","floor":35,"turns":3},{"damage":37,"enemies":"2 Orb Walkers","floor":36,"turns":4},{"damage":3,"enemies":"3 Darklings","floor":37,"turns":3},{"damage":2,"enemies":"Nemesis","floor":40,"turns":7},{"damage":0,"enemies":"Maw","floor":42,"turns":6},{"damage":0,"enemies":"Transient","floor":46,"turns":5},{"damage":0,"enemies":"Awakened One","floor":50,"turns":15}],"seed_played":"-19675374260980644","potions_obtained":[{"floor":1.0,"key":"Block Potion"},{"floor":10.0,"key":"AttackPotion"},{"floor":16.0,"key":"EssenceOfSteel"},{"floor":25.0,"key":"Energy Potion"},{"floor":27.0,"key":"GhostInAJar"},{"floor":31,"key":"Dexterity Potion"},{"floor":42,"key":"Ancient Potion"},{"floor":46,"key":"AttackPotion"}],"is_trial":false,"path_per_floor":["?","?","?","M","?","?","$","?","?","$","?","?","M","?"],"character_chosen":"THE_SILENT","items_purchased":["Bronze Scales","Vajra","Caltrops"],"campfire_rested":3,"item_purchase_floors":[2,13,21],"current_hp_per_floor":[58,58,58,58,63,39,39,39,39,36,36,21,21,21,43,24,62,61,61,47,47,41,41,41,27,27,24,48,48,43,29,53,43,71,55,18,15,15,70,68,68,68,68,68,68,68,68,68,68,68],"gold":0,"neow_bonus":"HUNDRED_GOLD","is_prod":false,"is_daily":false,"chose_seed":false,"campfire_upgraded":5,"win_rate":0,"timestamp":1549639628,"path_taken":["M","$","M","?","?","E","M","R","T","E","M","?","$","?","R","BOSS","M","?","?","?","?","R","M","E","T","M","R","M","M","E","R","BOSS","M","?","M","?","?","E","R","M","T","R","?","?","?","$","R","BOSS"],"build_version":"2019-01-23","purchased_purges":0,"victory":true,"max_hp_per_floor":[70,70,70,70,75,75,75,75,75,75,75,75,75,75,75,75,75,75,75,80,80,80,80,80,80,80,80,80,80,80,80,80,80,80,80,80,80,80,70,70,70,70,70,70,70,70,70,70,70,70],"card_choices":[{"not_picked":["Deflect","Backflip"],"picked":"Backstab","floor":1.0},{"not_picked":["Deadly Poison","Prepared"],"picked":"Crippling Poison","floor":3.0},{"not_picked":["Choke","Dodge and Roll"],"picked":"Storm of Steel","floor":6.0},{"not_picked":["Dagger Spray","Blade Dance"],"picked":"Poisoned Stab","floor":7.0},{"not_picked":["Reflex","PiercingWail"],"picked":"Bouncing Flask","floor":10.0},{"not_picked":["Outmaneuver","Finisher"],"picked":"Cloak And Dagger","floor":11.0},{"not_picked":["Prepared","Finisher"],"picked":"Blade Dance","floor":14.0},{"not_picked":["Glass Knife","A Thousand Cuts"],"picked":"Die Die Die","floor":16.0},{"not_picked":["Slice","Dodge and Roll"],"picked":"Well Laid Plans","floor":18.0},{"not_picked":["Eviscerate","Cloak And Dagger"],"picked":"Sucker Punch+1","floor":24.0},{"not_picked":["Leg Sweep","Bane"],"picked":"Terror","floor":25.0},{"not_picked":["Sucker Punch","Prepared","Flying Knee"],"picked":"Backflip","floor":27.0},{"not_picked":["Underhanded Strike","Deflect","Terror"],"picked":"Calculated Gamble","floor":29},{"not_picked":["Deadly Poison","Predator","Bane+1","Quick Slash"],"picked":"SKIP","floor":30},{"not_picked":["Expertise","Terror","Outmaneuver"],"picked":"Accuracy+1","floor":31},{"not_picked":["Bullet Time","Wraith Form v2","A Thousand Cuts"],"picked":"Adrenaline","floor":33},{"not_picked":["Flying Knee+1","Expertise+1","Endless Agony"],"picked":"Finisher","floor":35},{"not_picked":["Dodge and Roll","Heel Hook","Dagger Spray"],"picked":"PiercingWail","floor":36},{"not_picked":["PiercingWail","Deflect","Prepared"],"picked":"Reflex","floor":37},{"not_picked":["Dodge and Roll","Venomology","Bullet Time"],"picked":"Footwork","floor":40},{"not_picked":["PiercingWail","Outmaneuver","Dagger Spray"],"picked":"Backflip+1","floor":42},{"not_picked":["Dodge and Roll","Finisher+1","Eviscerate"],"picked":"Acrobatics","floor":46}],"player_experience":290571,"relics_obtained":[{"floor":6.0,"key":"Nunchaku"},{"floor":9.0,"key":"Tingsha"},{"floor":10.0,"key":"StoneCalendar"},{"floor":25.0,"key":"Letter Opener"},{"floor":26.0,"key":"Question Card"},{"floor":31,"key":"Thread and Needle"},{"floor":36,"key":"FossilizedHelix"},{"floor":40,"key":"Regal Pillow"},{"floor":43,"key":"Kunai"}],"event_choices":[{"cards_removed":["Strike_G"],"damage_healed":0.0,"max_hp_gain":0.0,"max_hp_loss":0.0,"gold_gain":0.0,"event_name":"Living Wall","player_choice":"Forget","floor":4.0,"gold_loss":0.0,"damage_taken":0.0},{"damage_healed":0.0,"max_hp_gain":5.0,"max_hp_loss":0.0,"gold_gain":0.0,"event_name":"Big Fish","player_choice":"Donut","floor":5.0,"gold_loss":0.0,"damage_taken":0.0},{"damage_healed":0.0,"max_hp_gain":0.0,"max_hp_loss":0.0,"gold_gain":0.0,"event_name":"Shining Light","player_choice":"Entered Light","floor":12.0,"gold_loss":0.0,"damage_taken":15.0,"cards_upgraded":["Poisoned Stab","Strike_G"]},{"damage_healed":0.0,"max_hp_gain":0.0,"max_hp_loss":0.0,"gold_gain":0.0,"event_name":"Back to Basics","player_choice":"Simplicity","floor":19.0,"gold_loss":0.0,"damage_taken":0.0,"cards_upgraded":["Defend_G","Defend_G","Defend_G","Defend_G","Defend_G","Strike_G","Strike_G","Strike_G"]},{"damage_healed":0.0,"max_hp_gain":5.0,"max_hp_loss":0.0,"gold_gain":0.0,"event_name":"Forgotten Altar","player_choice":"Shed Blood","floor":20.0,"gold_loss":0.0,"damage_taken":19.0},{"damage_healed":0.0,"max_hp_gain":0.0,"max_hp_loss":0.0,"gold_gain":0.0,"event_name":"Nest","player_choice":"Joined the Cult","floor":22.0,"gold_loss":0.0,"damage_taken":6.0,"cards_obtained":["RitualDagger"]},{"damage_healed":0,"gold_gain":0,"player_choice":"Fight","damage_taken":0,"max_hp_gain":0,"max_hp_loss":0,"event_name":"Mysterious Sphere","floor":36,"gold_loss":0},{"damage_healed":70,"gold_gain":0,"player_choice":"Heal","damage_taken":0,"max_hp_gain":0,"max_hp_loss":10,"event_name":"The Moai Head","floor":39,"gold_loss":0},{"damage_healed":0,"gold_gain":0,"player_choice":"Upgrade","damage_taken":0,"relics_obtained":["Mark of the Bloom"],"max_hp_gain":0,"max_hp_loss":0,"event_name":"MindBloom","floor":45,"gold_loss":0,"cards_upgraded":["Survivor","Backstab","Crippling Poison","Storm of Steel","Bouncing Flask","Blade Dance","Die Die Die","Well Laid Plans","RitualDagger","Terror","Backflip","Adrenaline","Finisher","PiercingWail","Reflex","Footwork"]},{"damage_healed":0,"gold_gain":0,"player_choice":"Paid","damage_taken":0,"relics_obtained":["Red Mask"],"max_hp_gain":0,"max_hp_loss":0,"event_name":"Tomb of Lord Red Mask","floor":47,"gold_loss":40}],"is_beta":false,"boss_relics":[{"not_picked":["Calling Bell","Lizard Tail"],"picked":"Ectoplasm"},{"not_picked":["Astrolabe","Empty Cage"],"picked":"Cursed Key"}],"items_purged_floors":[],"is_endless":false,"potions_floor_spawned":[1,10,16,25,27,29,31,42,46],"ascension_level":13}