{"gold_per_floor":[113,288,302,318,318,381,445,445,499,574,591,591,166,116,116,220,220,238,238,188,206,121,121,121,121,147,147,157,157,157,171,171,266,266,281,281,315,315,349,349],"floor_reached":40,"playtime":3408,"items_purged":["Doubt"],"score":407,"play_id":"4d7d0977-b131-4d17-a329-33e481d3ff44","local_time":"20190208032823","is_ascension_mode":false,"campfire_choices":[{"data":"Skewer","floor":8,"key":"SMITH"},{"data":"Noxious Fumes","floor":12,"key":"SMITH"},{"data":"Neutralize","floor":15,"key":"SMITH"},{"data":"Well Laid Plans","floor":23,"key":"SMITH"},{"data":"Calculated Gamble","floor":25,"key":"SMITH"},{"data":"Double Tap","floor":29,"key":"SMITH"},{"data":"Clothesline","floor":32,"key":"SMITH"}],"neow_cost":"NONE","seed_source_timestamp":13562776803950,"circlet_count":0,"master_deck":["Defend_G","Defend_G","Defend_G","Defend_G","Defend_G","Survivor","Neutralize+1","Well Laid Plans+1","Noxious Fumes+1","Skewer+1","Crippling Poison","Calculated Gamble+1","Double Tap+1","Metallicize","Backflip+1","Bite","Bite","Bite","Bite","Bite","Flying Knee","Clothesline+1","HandOfGreed","Rampage+1","Bandage Up","Stack+1","Madness","Madness","Armaments"],"relics":["Ring of the Snake","Tiny Chest","Juzu Bracelet","Happy Flower","PrismaticShard","Coffee Dripper","WingedGreaves","Ornamental Fan","Sundial","Vajra","Black Star"],"potions_floor_usage":[6,7,16,33,33,35,39],"damage_taken":[{"damage":0,"enemies":"2 Louse","floor":1,"turns":4},{"damage":1,"enemies":"Jaw Worm","floor":3,"turns":6},{"damage":5,"enemies":"Small Slimes","floor":4,"turns":4},{"damage":10,"enemies":"3 Sentries","floor":6,"turns":8},{"damage":13,"enemies":"3 Sentries","floor":7,"turns":7},{"damage":6,"enemies":"Blue Slaver","floor":11,"turns":5},{"damage":14,"enemies":"Hexaghost","floor":16,"turns":11},{"damage":0,"enemies":"3 Byrds","floor":18,"turns":4},{"damage":22,"enemies":"2 Thieves","floor":21,"turns":5},{"damage":0,"enemies":"Snecko","floor":28,"turns":3},{"damage":12,"enemies":"Cultist and Chosen","floor":31,"turns":7},{"damage":32,"enemies":"Champ","floor":33,"turns":9},{"damage":22,"enemies":"3 Darklings","floor":35,"turns":5},{"damage":1,"enemies":"3 Shapes","floor":37,"turns":5},{"damage":33,"enemies":"3 Darklings","floor":39,"turns":9},{"damage":67,"enemies":"Reptomancer","floor":40,"turns":4}],"seed_played":"8651044417793372831","potions_obtained":[{"floor":1,"key":"SneckoOil"},{"floor":3,"key":"Explosive Potion"},{"floor":6,"key":"SkillPotion"},{"floor":28,"key":"LiquidBronze"},{"floor":31,"key":"Energy Potion"},{"floor":33,"key":"Poison Potion"},{"floor":37,"key":"SteroidPotion"}],"is_trial":false,"path_per_floor":["M","?","M","M","?","E","?","R","T","?","M","R","$","?","R","B",null,"M","?","?","M","?","R","T","R","T","?","M","R","?","M","R","B",null,"M","?","M","?","M","E"],"character_chosen":"THE_SILENT","items_purchased":["Happy Flower","PrismaticShard"],"campfire_rested":0,"item_purchase_floors":[13,13],"current_hp_per_floor":[70,70,69,64,57,47,34,34,34,23,19,19,19,19,19,7,70,70,70,70,48,48,48,48,48,48,48,54,54,41,45,45,39,75,53,53,68,59,50,0],"gold":349,"neow_bonus":"REMOVE_CARD","is_prod":false,"is_daily":false,"chose_seed":false,"campfire_upgraded":7,"win_rate":0.0,"timestamp":1549592903,"path_taken":["M","?","M","M","?","E","?","R","T","?","M","R","$","?","R","BOSS","M","?","?","M","?","R","?","R","T","?","M","R","?","M","R","BOSS","M","?","M","?","M","E"],"build_version":"2019-01-23","purchased_purges":1,"victory":false,"max_hp_per_floor":[70,70,70,70,70,70,70,70,70,70,70,70,70,70,70,70,70,70,70,70,70,70,70,70,70,70,70,70,70,75,75,75,75,75,75,75,75,75,75,75],"card_choices":[{"not_picked":["Accuracy","Bane"],"picked":"Well Laid Plans","floor":1},{"not_picked":["Flying Knee","Blade Dance"],"picked":"Noxious Fumes","floor":3},{"not_picked":["Outmaneuver","PiercingWail"],"picked":"Skewer","floor":4},{"not_picked":["Prepared","Outmaneuver"],"picked":"Crippling Poison","floor":6},{"not_picked":["Riddle With Holes","Doppelganger"],"picked":"Calculated Gamble","floor":7},{"not_picked":["Crippling Poison","Eviscerate","Acrobatics"],"picked":"SKIP","floor":11},{"not_picked":["Thinking Ahead","Biased Cognition"],"picked":"Double Tap","floor":16},{"not_picked":["Conserve Battery","Shrug It Off"],"picked":"Metallicize","floor":18},{"not_picked":["Pummel","Shrug It Off"],"picked":"Backflip+1","floor":21},{"not_picked":["Double Energy","Headbutt"],"picked":"Flying Knee","floor":28},{"not_picked":["Shrug It Off","Reckless Charge"],"picked":"Clothesline","floor":31},{"not_picked":["Bullet Time","Die Die Die"],"picked":"HandOfGreed","floor":33},{"not_picked":["Prepared","Static Discharge"],"picked":"Rampage+1","floor":35},{"not_picked":["Panacea","Madness"],"picked":"Bandage Up","floor":36},{"not_picked":["Go for the Eyes+1","Cloak And Dagger+1"],"picked":"Stack+1","floor":37},{"not_picked":["Go for the Eyes","Self Repair"],"picked":"Armaments","floor":39}],"player_experience":89535,"relics_obtained":[{"floor":6,"key":"Tiny Chest"},{"floor":7,"key":"Blood Vial"},{"floor":9,"key":"Juzu Bracelet"},{"floor":24,"key":"Sundial"},{"floor":26,"key":"Vajra"}],"event_choices":[{"damage_healed":0,"gold_gain":175,"player_choice":"AGREE","damage_taken":0,"max_hp_gain":0,"max_hp_loss":0,"event_name":"Liars Game","floor":2,"gold_loss":0,"cards_obtained":["Doubt"]},{"cards_removed":["Strike_G"],"damage_healed":0,"gold_gain":0,"player_choice":"Card Removal","damage_taken":7,"max_hp_gain":0,"max_hp_loss":0,"event_name":"Golden Wing","floor":5,"gold_loss":0},{"damage_healed":0,"gold_gain":0,"player_choice":"Searched \u00271\u0027 times","damage_taken":0,"max_hp_gain":0,"max_hp_loss":0,"event_name":"Dead Adventurer","floor":7,"gold_loss":0},{"damage_healed":0,"gold_gain":75,"player_choice":"Gather Gold","damage_taken":11,"max_hp_gain":0,"max_hp_loss":0,"event_name":"World of Goop","floor":10,"gold_loss":0},{"cards_removed":["Strike_G"],"damage_healed":0,"gold_gain":0,"player_choice":"Card Removal","damage_taken":0,"max_hp_gain":0,"max_hp_loss":0,"event_name":"The Cleric","floor":14,"gold_loss":50},{"damage_healed":0,"gold_gain":0,"player_choice":"Opened","damage_taken":0,"relics_obtained":["WingedGreaves"],"max_hp_gain":0,"max_hp_loss":0,"event_name":"The Mausoleum","floor":19,"gold_loss":0},{"damage_healed":0,"gold_gain":0,"player_choice":"Bet on Murderer","damage_taken":0,"max_hp_gain":0,"max_hp_loss":0,"event_name":"The Joust","floor":20,"gold_loss":50},{"damage_healed":0,"gold_gain":0,"player_choice":"Obtained Relic","damage_taken":0,"relics_obtained":["Ornamental Fan"],"max_hp_gain":0,"max_hp_loss":0,"event_name":"Addict","floor":22,"gold_loss":85},{"damage_healed":0,"gold_gain":0,"player_choice":"Became a vampire (Vial)","damage_taken":0,"max_hp_gain":0,"max_hp_loss":0,"event_name":"Vampires","floor":27,"relics_lost":["Blood Vial"],"gold_loss":0,"cards_obtained":["Bite","Bite","Bite","Bite","Bite"]},{"damage_healed":0,"gold_gain":0,"player_choice":"Shed Blood","damage_taken":18,"max_hp_gain":5,"max_hp_loss":0,"event_name":"Forgotten Altar","floor":30,"gold_loss":0},{"damage_healed":0,"gold_gain":0,"player_choice":"Memory 1","damage_taken":0,"max_hp_gain":0,"max_hp_loss":0,"event_name":"SensoryStone","floor":36,"gold_loss":0},{"damage_healed":0,"gold_gain":0,"player_choice":"Embrace Madness","damage_taken":9,"max_hp_gain":0,"max_hp_loss":0,"event_name":"Winding Halls","floor":38,"gold_loss":0,"cards_obtained":["Madness","Madness"]}],"is_beta":false,"boss_relics":[{"not_picked":["Runic Dome","Velvet Choker"],"picked":"Coffee Dripper"},{"not_picked":["Fusion Hammer","Astrolabe"],"picked":"Black Star"}],"items_purged_floors":[13],"is_endless":false,"potions_floor_spawned":[1,3,6,28,31,33,37],"killed_by":"Reptomancer","ascension_level":0}