{"path_per_floor":["M","M","?","M","?","R","E","R","T","?","M","$","?","M","R","B",null,"M","M","$","M","?","R"],"character_chosen":"IRONCLAD","items_purchased":["Happy Flower"],"gold_per_floor":[116,127,77,97,97,97,126,126,198,198,209,134,134,151,151,252,252,264,279,31,48,48,48],"floor_reached":24,"campfire_rested":2,"playtime":1080,"current_hp_per_floor":[72,74,74,78,78,78,20,43,43,43,48,48,40,40,40,17,81,56,33,33,33,33,60],"items_purged":["Defend_R","Barricade"],"gold":48,"score":216,"play_id":"cbc78112-7ee7-49e2-b80a-9509e3e958d7","is_prod":false,"is_daily":false,"is_ascension_mode":true,"campfire_upgraded":2,"path_taken":["M","?","?","M","?","R","E","R","T","?","?","$","?","M","R","BOSS","M","M","$","M","?","R","E"],"build_version":"2018-02-22-PROD2","purchased_purges":3,"victory":false,"master_deck":["Strike_R","Strike_R","Strike_R","Defend_R","Defend_R","Defend_R","Bash+1","Feed","Dropkick","Flex","Flex","Offering","Dual Wield"],"max_hp_per_floor":[72,75,75,78,78,78,78,78,78,78,81,81,81,81,81,81,81,84,87,87,90,90,90],"relics":["Burning Blood","Ancient Tea Set","Shuriken","Cursed Key","Happy Flower"],"card_choices":[{"not_picked":["Dark Embrace","Impervious"],"picked":"Barricade"},{"not_picked":["Clothesline","Shrug It Off"],"picked":"Feed"},{"not_picked":["Infernal Blade","Shrug It Off"],"picked":"Dropkick"},{"not_picked":["Fire Breathing","Disarm"],"picked":"Flex"},{"not_picked":["Clash","Armaments"],"picked":"Flex"},{"not_picked":["Impervious","Berserk"],"picked":"Offering"},{"not_picked":["Wild Strike","Combust"],"picked":"Dual Wield"}],"player_experience":138838,"potions_floor_usage":[7,16,16,16],"damage_taken":[{"damage":6,"enemies":"Cultist","floor":1,"turns":4},{"damage":7,"enemies":"Jaw Worm","floor":2,"turns":2},{"damage":1,"enemies":"2 Louse","floor":4,"turns":3},{"damage":64,"enemies":"Lagavulin","floor":7,"turns":14},{"damage":4,"enemies":"2 Fungi Beasts","floor":11,"turns":3},{"damage":6,"enemies":"Looter","floor":14,"turns":2},{"damage":44,"enemies":"Slime Boss","floor":16,"turns":12},{"damage":34,"enemies":"3 Byrds","floor":18,"turns":6},{"damage":32,"enemies":"Spheric Guardian","floor":19,"turns":4},{"damage":9,"enemies":"Snecko","floor":21,"turns":3},{"damage":63,"enemies":"Slavers","floor":24,"turns":4}],"event_choices":[{"event_name":"The Cleric","player_choice":"Card Removal","floor":3,"damage_taken":0},{"event_name":"Purifier","player_choice":"One Purge","floor":5,"damage_taken":0},{"event_name":"The Woman in Blue","player_choice":"Bought 0 Potions","floor":10,"damage_taken":0},{"event_name":"Wheel of Change","player_choice":"Damage","floor":13,"damage_taken":0},{"event_name":"Addict","player_choice":"Ignored","floor":22,"damage_taken":0}],"boss_relics":[{"not_picked":["Snecko Eye","Astrolabe"],"picked":"Cursed Key"}],"potions_floor_spawned":[2,7,11,14,19],"seed_played":"-5707389025764354991","killed_by":"Slavers","ascension_level":2,"is_trial":false}