{"path_per_floor":["M","?","M","$","?","E","$","M","T","R","M","$","M","E","R","B",null,"M","?","M","?","$","E","R","E","T","M","$","E","R","M","R"],"character_chosen":"IRONCLAD","items_purchased":["Vajra"],"gold_per_floor":[111,111,123,48,48,81,81,96,144,144,154,1,18,48,48,148,148,159,159,171,171,71,106,106,134,161,178,53,83,83,95,95],"floor_reached":33,"campfire_rested":0,"playtime":958,"current_hp_per_floor":[80,80,80,80,62,62,62,68,68,68,73,73,79,74,74,38,80,70,70,68,68,68,66,66,44,44,46,46,47,47,49,49],"items_purged":["Defend_R","Writhe","Defend_R"],"gold":95,"score":344,"play_id":"9f63305a-da2a-4b91-874f-94528be933dc","is_prod":false,"is_daily":false,"is_ascension_mode":true,"campfire_upgraded":3,"path_taken":["M","?","M","$","?","E","?","M","T","R","M","?","M","E","R","BOSS","M","?","M","?","$","E","R","E","T","M","$","E","R","M","R","BOSS"],"build_version":"2018-02-22-PROD2","purchased_purges":4,"victory":false,"master_deck":["Strike_R","Strike_R","Strike_R","Strike_R","Strike_R","Bash+1","Perfected Strike+1","Clash+1","Perfected Strike+1","Thunderclap","Cleave","Offering+1","Clash","Flex+1"],"max_hp_per_floor":[80,80,80,80,80,80,80,80,80,80,80,80,80,80,80,80,80,80,80,80,80,80,80,80,80,80,80,80,80,80,80,80],"relics":["Burning Blood","Bag of Preparation","Bird Faced Urn","Regal Pillow","Vajra","Orichalcum","Velvet Choker","Dream Catcher","Gremlin Horn","Bottled Lightning","Omamori","Peace Pipe"],"card_choices":[{"not_picked":["Rupture","Warcry"],"picked":"Perfected Strike"},{"not_picked":["Warcry","Sword Boomerang"],"picked":"Clash"},{"not_picked":["Warcry","Exhume"],"picked":"Perfected Strike"},{"not_picked":["Warcry","Anger"],"picked":"Thunderclap"},{"not_picked":["Impervious","Shrug It Off"],"picked":"Cleave"},{"not_picked":["Fiend Fire","Demon Form"],"picked":"Offering"},{"not_picked":["Pommel Strike","Battle Trance"],"picked":"Clash"},{"not_picked":["Armaments","Shrug It Off"],"picked":"Flex"}],"player_experience":144618,"potions_floor_usage":[29,33,33],"damage_taken":[{"damage":1,"enemies":"Cultist","floor":1,"turns":3},{"damage":0,"enemies":"2 Louse","floor":3,"turns":3},{"damage":6,"enemies":"Gremlin Nob","floor":6,"turns":3},{"damage":0,"enemies":"Small Slimes","floor":8,"turns":2},{"damage":1,"enemies":"3 Louse","floor":11,"turns":2},{"damage":0,"enemies":"Exordium Wildlife","floor":13,"turns":2},{"damage":11,"enemies":"3 Sentries","floor":14,"turns":5},{"damage":42,"enemies":"Hexaghost","floor":16,"turns":7},{"damage":16,"enemies":"2 Thieves","floor":18,"turns":2},{"damage":8,"enemies":"3 Byrds","floor":20,"turns":3},{"damage":8,"enemies":"Gremlin Leader","floor":23,"turns":3},{"damage":28,"enemies":"Book of Stabbing","floor":25,"turns":4},{"damage":4,"enemies":"Snake Plant","floor":27,"turns":1},{"damage":5,"enemies":"Slavers","floor":29,"turns":2},{"damage":4,"enemies":"Cultist and Chosen","floor":31,"turns":2},{"damage":51,"enemies":"Champ","floor":33,"turns":5}],"event_choices":[{"event_name":"Living Wall","player_choice":"Grow","floor":2,"damage_taken":0},{"event_name":"Scrap Ooze","player_choice":"success","floor":5,"damage_taken":18},{"event_name":"The Mausoleum","player_choice":"Yes","floor":19,"damage_taken":0},{"event_name":"Vampires","player_choice":"Ignored","floor":21,"damage_taken":0}],"boss_relics":[{"not_picked":["Sozu","Ectoplasm"],"picked":"Velvet Choker"}],"potions_floor_spawned":[3,13,23,25],"seed_played":"-878980002476504441","killed_by":"Champ","ascension_level":2,"is_trial":false}