{"gold_per_floor":[113,128,140,158,158,158,158,158,158,175,185,215,232,263,263,359,359,372,389,70,84,104,136,136,136,136,170,95,107,121,121,121,219,219,219],"floor_reached":35,"playtime":3125,"items_purged":["Strike_R"],"score":502,"play_id":"4581b20d-637a-4642-a91d-85fc81ed481c","local_time":"20190128231048","is_ascension_mode":true,"campfire_choices":[{"data":"Brutality","floor":15,"key":"SMITH"},{"floor":24,"key":"REST"},{"data":"Metallicize","floor":32,"key":"SMITH"}],"neow_cost":"NONE","seed_source_timestamp":20834469409146,"circlet_count":0,"master_deck":["Defend_R","Defend_R+1","Defend_R+1","Bash","Reckless Charge","Rage+1","Body Slam","Perfected Strike+1","Metallicize+1","Clothesline+1","Flame Barrier","Pommel Strike+1","Brutality+1","Juggernaut","Seeing Red","Mayhem","Fire Breathing","Combust","Cleave+1","Heavy Blade+1","Bite+1","Bite+1","Bite+1","Bite+1","Bite+1","Anger+1","Rampage+1","Corruption+1","Ghostly","Ghostly","Ghostly","Ghostly","Ghostly","Bludgeon+1"],"relics":["Burning Blood","Molten Egg 2","Happy Flower","War Paint","Mercury Hourglass","Runic Cube","Juzu Bracelet","Bag of Marbles","Omamori","Mark of Pain"],"potions_floor_usage":[14,14,22,27,33,33,33],"damage_taken":[{"damage":9,"enemies":"Cultist","floor":1,"turns":5},{"damage":7,"enemies":"Jaw Worm","floor":2,"turns":3},{"damage":7,"enemies":"2 Louse","floor":3,"turns":3},{"damage":14,"enemies":"Looter","floor":4,"turns":3},{"damage":0,"enemies":"2 Fungi Beasts","floor":10,"turns":3},{"damage":14,"enemies":"Lots of Slimes","floor":11,"turns":4},{"damage":10,"enemies":"Lagavulin","floor":12,"turns":5},{"damage":0,"enemies":"Blue Slaver","floor":13,"turns":4},{"damage":4,"enemies":"Gremlin Nob","floor":14,"turns":3},{"damage":19,"enemies":"The Guardian","floor":16,"turns":10},{"damage":7,"enemies":"2 Thieves","floor":18,"turns":4},{"damage":11,"enemies":"Chosen","floor":19,"turns":3},{"damage":19,"enemies":"Sentry and Sphere","floor":21,"turns":4},{"damage":26,"enemies":"Snake Plant","floor":22,"turns":4},{"damage":43,"enemies":"Gremlin Leader","floor":23,"turns":7},{"damage":27,"enemies":"Book of Stabbing","floor":27,"turns":7},{"damage":7,"enemies":"Snecko","floor":29,"turns":4},{"damage":29,"enemies":"Centurion and Healer","floor":30,"turns":5},{"damage":10,"enemies":"Automaton","floor":33,"turns":8}],"seed_played":"1602613215355156753","potions_obtained":[{"floor":4,"key":"Strength Potion"},{"floor":11,"key":"SteroidPotion"},{"floor":13,"key":"AttackPotion"},{"floor":14,"key":"Strength Potion"},{"floor":16,"key":"SteroidPotion"},{"floor":18,"key":"SkillPotion"},{"floor":23,"key":"SpeedPotion"},{"floor":27,"key":"GamblersBrew"},{"floor":33,"key":"Fire Potion"}],"is_trial":false,"path_per_floor":["M","M","M","M","?","?","?","?","T","M","M","E","M","E","R","B",null,"M","M","$","M","M","E","R","?","T","E","?","M","M","?","R","B",null,"M"],"character_chosen":"IRONCLAD","items_purchased":["Mayhem","Fire Breathing"],"campfire_rested":1,"item_purchase_floors":[20,20],"current_hp_per_floor":[85,84,83,75,75,57,57,57,57,63,55,51,57,59,59,46,88,87,82,82,69,49,12,38,38,38,29,29,37,32,30,30,30,30,0],"gold":219,"neow_bonus":"TEN_PERCENT_HP_BONUS","is_prod":false,"is_daily":false,"chose_seed":false,"campfire_upgraded":2,"win_rate":0,"timestamp":1548713448,"path_taken":["M","?","M","M","?","?","?","?","T","M","M","E","M","E","R","BOSS","M","M","?","M","M","E","R","?","T","E","?","M","M","?","R","BOSS","M"],"build_version":"2019-01-23","purchased_purges":1,"victory":false,"max_hp_per_floor":[88,88,88,88,88,88,88,88,88,88,88,88,88,88,88,88,88,88,88,88,88,88,88,88,61,61,61,61,61,61,30,30,30,30,30],"card_choices":[{"not_picked":["Pommel Strike","Clothesline"],"picked":"Reckless Charge","floor":1},{"not_picked":["Power Through","Clothesline"],"picked":"Rage","floor":2},{"not_picked":["Rupture","Power Through"],"picked":"Body Slam","floor":3},{"not_picked":["True Grit","Armaments"],"picked":"Perfected Strike","floor":4},{"not_picked":["Headbutt+1","Anger+1"],"picked":"Metallicize","floor":10},{"not_picked":["Warcry","True Grit"],"picked":"Clothesline+1","floor":11},{"not_picked":["Body Slam+1","Intimidate"],"picked":"Flame Barrier","floor":12},{"not_picked":["Shockwave","Warcry"],"picked":"Pommel Strike+1","floor":13},{"not_picked":["Metallicize","Spot Weakness"],"picked":"Brutality","floor":14},{"not_picked":["Feed+1","Impervious"],"picked":"Juggernaut","floor":16},{"not_picked":["Shockwave","Flame Barrier"],"picked":"Seeing Red","floor":18},{"not_picked":["Sword Boomerang+1","Body Slam+1","Second Wind"],"picked":"SKIP","floor":19},{"not_picked":["Fire Breathing","Rupture"],"picked":"Combust","floor":21},{"not_picked":["Flame Barrier","Warcry"],"picked":"Cleave+1","floor":22},{"not_picked":["Cleave+1","Combust+1"],"picked":"Heavy Blade+1","floor":23},{"not_picked":["Rampage+1","Shrug It Off+1"],"picked":"Anger+1","floor":27},{"not_picked":["Twin Strike+1","Thunderclap+1"],"picked":"Rampage+1","floor":29},{"not_picked":["Limit Break","Sword Boomerang+1"],"picked":"Corruption+1","floor":30},{"not_picked":["Immolate+1","Offering"],"picked":"Bludgeon+1","floor":33}],"player_experience":25117,"relics_obtained":[{"floor":9,"key":"Happy Flower"},{"floor":12,"key":"War Paint"},{"floor":14,"key":"Mercury Hourglass"},{"floor":23,"key":"Juzu Bracelet"},{"floor":26,"key":"Bag of Marbles"},{"floor":27,"key":"Omamori"}],"event_choices":[{"damage_healed":0,"gold_gain":0,"player_choice":"Box","damage_taken":0,"relics_obtained":["Molten Egg 2"],"max_hp_gain":0,"max_hp_loss":0,"event_name":"Big Fish","floor":5,"gold_loss":0,"cards_obtained":["Regret"]},{"damage_healed":0,"gold_gain":0,"player_choice":"Entered Light","damage_taken":18,"max_hp_gain":0,"max_hp_loss":0,"event_name":"Shining Light","floor":6,"gold_loss":0,"cards_upgraded":["Strike_R","Defend_R"]},{"cards_removed":["Regret"],"damage_healed":0,"gold_gain":0,"player_choice":"Forget","damage_taken":0,"max_hp_gain":0,"max_hp_loss":0,"event_name":"Living Wall","floor":7,"gold_loss":0},{"damage_healed":0,"gold_gain":0,"player_choice":"Upgraded","damage_taken":0,"max_hp_gain":0,"max_hp_loss":0,"event_name":"Upgrade Shrine","floor":8,"gold_loss":0,"cards_upgraded":["Perfected Strike"]},{"damage_healed":0,"gold_gain":0,"player_choice":"Became a vampire","damage_taken":0,"max_hp_gain":0,"max_hp_loss":27,"event_name":"Vampires","floor":25,"gold_loss":0,"cards_obtained":["Bite","Bite","Bite","Bite","Bite"]},{"cards_removed":["Defend_R"],"damage_healed":0,"gold_gain":0,"player_choice":"Gave Gold","damage_taken":0,"max_hp_gain":0,"max_hp_loss":0,"event_name":"Beggar","floor":28,"gold_loss":75},{"damage_healed":0,"gold_gain":0,"player_choice":"Became a Ghost","damage_taken":0,"max_hp_gain":0,"max_hp_loss":31,"event_name":"Ghosts","floor":31,"gold_loss":0,"cards_obtained":["Ghostly","Ghostly","Ghostly","Ghostly","Ghostly"]}],"is_beta":false,"boss_relics":[{"not_picked":["Astrolabe","Orrery"],"picked":"Runic Cube"},{"not_picked":["Cursed Key","Busted Crown"],"picked":"Mark of Pain"}],"items_purged_floors":[20],"is_endless":false,"potions_floor_spawned":[4,11,13,14,16,18,23,27,29,33],"killed_by":"3 Shapes","ascension_level":2}