{"path_per_floor":["M","?","M","?","M","R","M","E","T","$","M","R","E","T","R","B",null,"M","$","?","M","?","E","M","$","T","M","M","M","$","E","R","B",null,"M","M","$","?","M","R","E","?","T","?","E","M","?","M","R","B"],"character_chosen":"IRONCLAD","items_purchased":["Armaments","Bottled Lightning","Question Card","Matryoshka","Ancient Tea Set","Flame Barrier","Kunai","Mercury Hourglass","Whirlwind"],"gold_per_floor":[159,159,216,291,342,342,375,456,480,172,202,202,277,331,331,616,616,649,126,126,171,171,564,618,143,170,224,284,332,257,374,374,668,668,728,770,443,602,647,647,725,725,725,725,827,878,878,935,935,935],"floor_reached":51,"campfire_rested":4,"playtime":2254,"item_purchase_floors":[10,10,19,19,25,25,25,37,37],"current_hp_per_floor":[80,80,80,69,75,80,77,64,64,64,70,80,74,74,80,36,80,80,80,65,71,71,69,75,75,75,81,85,85,85,85,85,35,85,85,85,85,85,85,85,80,80,80,80,74,80,80,85,85,70],"items_purged":["Venomology"],"gold":935,"score":882,"play_id":"7bdb2ffc-b5a1-416a-9e76-fd7c63cc25aa","local_time":"20180619185711","daily_mods":["Brewmaster","Midas","Time Dilation"],"is_prod":false,"is_daily":false,"chose_seed":false,"is_ascension_mode":false,"campfire_upgraded":0,"win_rate":0,"timestamp":1529427431,"campfire_choices":[{"floor":6,"key":"REST"},{"floor":12,"key":"REST"},{"floor":15,"key":"REST"},{"floor":32,"key":"REST"},{"data":"Venomology","floor":40,"key":"PURGE"},{"data":"Strike_R","floor":49,"key":"PURGE"}],"path_taken":["M","?","M","?","?","R","M","E","T","$","M","R","E","?","R","BOSS","M","$","?","?","?","E","M","?","T","M","M","?","$","E","R","BOSS","M","M","$","?","?","R","E","?","T","?","E","?","?","?","R","BOSS"],"build_version":"2018-06-14v2","seed_source_timestamp":0,"purchased_purges":1,"victory":true,"master_deck":["Strike_R","Strike_R","Strike_R","Strike_R","Defend_R+1","Defend_R","Defend_R","Bash","Venomology+1","Venomology","Iron Wave","Reckless Charge","Clothesline","Cleave","Disarm","Armaments","True Grit","Headbutt","Bludgeon","Flame Barrier","Clothesline+1","Dual Wield","Flame Barrier","Inflame+1","Immolate","Bludgeon","True Grit+1","Whirlwind","Spot Weakness","Carnage+1","Panache","Disarm+1","Flame Barrier","Heavy Blade+1"],"max_hp_per_floor":[80,80,80,80,80,80,80,80,80,80,80,80,80,80,80,80,80,80,80,85,85,85,85,85,85,85,85,85,85,85,85,85,85,85,85,85,85,85,85,85,85,85,85,85,85,85,85,85,85,85],"special_seed":29952015251857,"relics":["Burning Blood","White Beast Statue","War Paint","Bag of Marbles","Bottled Lightning","Bronze Scales","Pen Nib","Snecko Eye","Question Card","Matryoshka","Old Coin","Ancient Tea Set","Kunai","Bag of Preparation","Vajra","Tiny Chest","Philosopher\u0027s Stone","Mercury Hourglass","Peace Pipe","Self Forming Clay","Omamori","Mummified Hand","Anchor"],"card_choices":[{"not_picked":["Flex","Wild Strike"],"picked":"Iron Wave","floor":1.0},{"not_picked":["Cleave","Anger"],"picked":"Reckless Charge","floor":3.0},{"not_picked":["Thunderclap","Body Slam"],"picked":"Clothesline","floor":5},{"not_picked":["Rage","Thunderclap"],"picked":"Cleave","floor":7},{"not_picked":["Reaper","Power Through"],"picked":"Disarm","floor":8},{"not_picked":["Anger","Evolve"],"picked":"True Grit","floor":11},{"not_picked":["Cleave","Twin Strike"],"picked":"Headbutt","floor":13},{"not_picked":["Brutality","Impervious"],"picked":"Bludgeon","floor":16},{"not_picked":["Havoc+1","Rupture"],"picked":"Flame Barrier","floor":18},{"not_picked":["Fire Breathing","Flex","Cleave"],"picked":"Clothesline+1","floor":21},{"not_picked":["Body Slam+1","Ghostly Armor","Sword Boomerang"],"picked":"Dual Wield","floor":23},{"not_picked":["Wild Strike","Iron Wave","Flex+1","Rupture"],"picked":"SKIP","floor":24},{"not_picked":["Thunderclap","Clothesline","Sword Boomerang+1"],"picked":"Inflame+1","floor":27},{"not_picked":["Sword Boomerang+1","Power Through","Perfected Strike"],"picked":"Immolate","floor":28},{"not_picked":["Rampage","Havoc","Bloodletting","Searing Blow"],"picked":"SKIP","floor":29},{"not_picked":["Armaments","Combust","Clothesline","Thunderclap"],"picked":"SKIP","floor":31},{"not_picked":["Exhume","Barricade","Berserk"],"picked":"Bludgeon","floor":33},{"not_picked":["Headbutt","Thunderclap+1","Heavy Blade+1"],"picked":"True Grit+1","floor":35},{"not_picked":["Bloodletting","Cleave","Warcry","Havoc+1"],"picked":"SKIP","floor":36},{"not_picked":["Rage+1","Sword Boomerang","Evolve"],"picked":"Spot Weakness","floor":39},{"not_picked":["Pommel Strike","Corruption+1","Sever Soul+1"],"picked":"Carnage+1","floor":41},{"not_picked":["Secret Weapon","Dark Shackles","Deep Breath"],"picked":"Panache","floor":44},{"not_picked":["Warcry","Thunderclap+1","Searing Blow"],"picked":"Disarm+1","floor":45},{"not_picked":["Clothesline+1","Dual Wield+1","Heavy Blade"],"picked":"Flame Barrier","floor":46},{"not_picked":["Cleave","Sword Boomerang+1","Spot Weakness"],"picked":"Heavy Blade+1","floor":48}],"player_experience":884301,"potions_floor_usage":[5,7,8,11,11,13,16,18,18,23,23,28,29,31,31,31,33,41,41,45,48,50,50,50,50],"damage_taken":[{"damage":6.0,"enemies":"Cultist","floor":1.0,"turns":3.0},{"damage":0.0,"enemies":"Jaw Worm","floor":3.0,"turns":3.0},{"damage":0,"enemies":"Small Slimes","floor":5,"turns":3},{"damage":9,"enemies":"Blue Slaver","floor":7,"turns":3},{"damage":19,"enemies":"Gremlin Nob","floor":8,"turns":4},{"damage":0,"enemies":"Red Slaver","floor":11,"turns":2},{"damage":12,"enemies":"3 Sentries","floor":13,"turns":5},{"damage":50,"enemies":"Slime Boss","floor":16,"turns":11},{"damage":2,"enemies":"Chosen","floor":18,"turns":3},{"damage":0,"enemies":"2 Thieves","floor":21,"turns":2},{"damage":8,"enemies":"Gremlin Leader","floor":23,"turns":3},{"damage":0,"enemies":"Centurion and Healer","floor":24,"turns":1},{"damage":0,"enemies":"Cultist and Chosen","floor":27,"turns":3},{"damage":0,"enemies":"Snake Plant","floor":28,"turns":4},{"damage":0,"enemies":"Centurion and Healer","floor":29,"turns":4},{"damage":0,"enemies":"Slavers","floor":31,"turns":3},{"damage":56,"enemies":"Automaton","floor":33,"turns":7},{"damage":0,"enemies":"3 Darklings","floor":35,"turns":3},{"damage":0,"enemies":"Orb Walker","floor":36,"turns":1},{"damage":0,"floor":38,"turns":1},{"damage":3,"enemies":"4 Shapes","floor":39,"turns":5},{"damage":11,"enemies":"Giant Head","floor":41,"turns":7},{"damage":12,"enemies":"2 Orb Walkers","floor":45,"turns":2},{"damage":0,"enemies":"Sphere and 2 Shapes","floor":46,"turns":4},{"damage":0,"enemies":"3 Darklings","floor":48,"turns":2},{"damage":36,"enemies":"Awakened One","floor":50,"turns":7}],"relics_obtained":[{"floor":8,"key":"War Paint"},{"floor":9,"key":"Bag of Marbles"},{"floor":13,"key":"Bronze Scales"},{"floor":14,"key":"Pen Nib"},{"floor":23,"key":"Old Coin"},{"floor":26,"key":"Bag of Preparation"},{"floor":26,"key":"Vajra"},{"floor":31,"key":"Tiny Chest"},{"floor":38,"key":"Peace Pipe"},{"floor":41,"key":"Self Forming Clay"},{"floor":43,"key":"Omamori"},{"floor":43,"key":"Mummified Hand"},{"floor":45,"key":"Anchor"}],"event_choices":[{"event_name":"Living Wall","player_choice":"Forget","floor":2.0,"damage_taken":0.0},{"event_name":"World of Goop","player_choice":"Gather Gold","floor":4.0,"damage_taken":0.0},{"event_name":"Forgotten Altar","player_choice":"Shed Blood","floor":20,"damage_taken":0},{"event_name":"Ghosts","player_choice":"Ignored","floor":22,"damage_taken":0},{"event_name":"Mysterious Sphere","player_choice":"Fight","floor":38,"damage_taken":0},{"event_name":"Falling","player_choice":"Removed Skill","floor":42,"damage_taken":0},{"event_name":"SensoryStone","player_choice":"Memory 1","floor":44,"damage_taken":0},{"event_name":"Tomb of Lord Red Mask","player_choice":"Ignored","floor":47,"damage_taken":0}],"boss_relics":[{"not_picked":["Astrolabe","Empty Cage"],"picked":"Snecko Eye"},{"not_picked":["Runic Pyramid","Black Star"],"picked":"Philosopher\u0027s Stone"}],"items_purged_floors":[30],"is_endless":false,"potions_floor_spawned":[1,3,5,7,8,11,13,16,18,21,23,24,27,28,29,31,33,35,36,38,39,41,45,46,48],"seed_played":"-5323452695759027918","ascension_level":0,"potions_obtained":[{"floor":1.0,"key":"Block Potion"},{"floor":3.0,"key":"Ancient Potion"},{"floor":5,"key":"Poison Potion"},{"floor":8,"key":"Block Potion"},{"floor":13,"key":"Ancient Potion"},{"floor":18,"key":"SkillPotion"},{"floor":23,"key":"Energy Potion"},{"floor":24,"key":"Weak Potion"},{"floor":31,"key":"SmokeBomb"},{"floor":33,"key":"Weak Potion"},{"floor":39,"key":"SteroidPotion"},{"floor":41,"key":"Regen Potion"},{"floor":45,"key":"Dexterity Potion"},{"floor":48,"key":"EssenceOfSteel"}],"is_trial":false}