{"path_per_floor":["M","M","?","?","?","M","R","$","T","M","E","M","?","M","R"],"character_chosen":"IRONCLAD","items_purchased":["Molten Egg 2","Feel No Pain"],"gold_per_floor":[369,379,349,349,349,359,359,70,93,104,130,146,146,164,164,164],"floor_reached":16,"campfire_rested":1,"playtime":401,"item_purchase_floors":[],"current_hp_per_floor":[46,44,44,19,19,18,42,42,49,55,40,33,38,43,43,43],"items_purged":[],"gold":164,"score":102,"play_id":"a13eb67f-b8fe-464e-9e5e-373bc1aaeada","local_time":"20180607165106","is_prod":false,"is_daily":false,"chose_seed":false,"is_ascension_mode":false,"campfire_upgraded":1,"win_rate":0,"timestamp":1528383066,"campfire_choices":[{"floor":7.0,"key":"REST"},{"data":"Feel No Pain","floor":15.0,"key":"SMITH"}],"path_taken":["M","M","?","?","?","M","R","$","T","M","E","?","?","M","R","BOSS"],"build_version":"2018-05-31","seed_source_timestamp":0,"purchased_purges":0,"victory":false,"master_deck":["Strike_R","Strike_R","Strike_R","Strike_R","Strike_R","Defend_R","Defend_R","Defend_R","Defend_R","Bash","Corruption","Warcry","Sentinel","Feel No Pain+1","True Grit","Shrug It Off","Armaments","True Grit"],"max_hp_per_floor":[80,80,80,80,80,80,80,80,87,87,87,87,92,92,92,92],"relics":["Burning Blood","Mummified Hand","Molten Egg 2","Strawberry","Turnip"],"card_choices":[{"not_picked":["Armaments","Intimidate"],"picked":"Corruption","floor":1.0},{"not_picked":["Bloodletting","Iron Wave"],"picked":"Warcry","floor":2.0},{"not_picked":["Twin Strike","Sword Boomerang"],"picked":"Sentinel","floor":6.0},{"not_picked":["Twin Strike+1","Whirlwind+1"],"picked":"True Grit","floor":10.0},{"not_picked":["Burning Pact","Second Wind"],"picked":"Shrug It Off","floor":11.0},{"not_picked":["Heavy Blade+1","Twin Strike+1"],"picked":"Armaments","floor":12.0},{"not_picked":["Twin Strike+1","Anger+1"],"picked":"True Grit","floor":14.0}],"player_experience":827936,"potions_floor_usage":[],"damage_taken":[{"damage":0.0,"enemies":"Cultist","floor":1.0,"turns":4.0},{"damage":8.0,"enemies":"Jaw Worm","floor":2.0,"turns":4.0},{"damage":7.0,"enemies":"Small Slimes","floor":6.0,"turns":3.0},{"damage":0.0,"enemies":"Blue Slaver","floor":10.0,"turns":3.0},{"damage":21.0,"enemies":"Gremlin Nob","floor":11.0,"turns":5.0},{"damage":13.0,"enemies":"Exordium Wildlife","floor":12.0,"turns":7.0},{"damage":1.0,"enemies":"3 Louse","floor":14.0,"turns":4.0},{"damage":0,"enemies":"Hexaghost","floor":16,"turns":1}],"relics_obtained":[{"floor":9.0,"key":"Strawberry"},{"floor":11.0,"key":"Turnip"}],"event_choices":[{"event_name":"The Woman in Blue","player_choice":"Bought 2 Potions","floor":3.0,"damage_taken":0.0},{"event_name":"Scrap Ooze","player_choice":"success","floor":4.0,"damage_taken":25.0},{"event_name":"Golden Idol","player_choice":"Ignored","floor":5.0,"damage_taken":0.0},{"event_name":"Big Fish","player_choice":"Donut","floor":13.0,"damage_taken":0.0}],"boss_relics":[],"items_purged_floors":[],"potions_floor_spawned":[2,11,12],"seed_played":"-5295204100943239867","killed_by":"Hexaghost","ascension_level":0,"potions_obtained":[{"floor":2.0,"key":"Weak Potion"},{"floor":3.0,"key":"AttackPotion"},{"floor":3.0,"key":"EssenceOfSteel"},{"floor":11.0,"key":"Explosive Potion"},{"floor":12.0,"key":"SteroidPotion"}],"is_trial":false}