{"path_per_floor":["M","M","?","$","M","R","?","E","T","M","R","?","?","M","R","B",null,"M","?","M","?","$","E","M","R","T","R","M","M","M","$","R","B",null,"M","?","M","M","?","R","M","E","T","R","M","R","?","?","R","B"],"character_chosen":"IRONCLAD","items_purchased":["Perfected Strike","Vajra"],"gold_per_floor":[112,132,132,10,30,30,30,74,74,88,88,88,53,74,74,203,203,203,203,203,203,49,49,49,49,49,49,49,49,49,49,49,49,49,49,49,49,49,49,49,49,49,49,49,49,49,0,0,0,0],"floor_reached":51,"campfire_rested":2,"playtime":1519,"current_hp_per_floor":[80,80,60,60,60,60,60,51,51,44,44,44,64,66,66,56,80,75,75,77,77,77,51,38,38,38,38,40,46,45,45,45,47,80,80,80,80,69,69,69,69,16,30,58,60,60,60,60,88,23],"items_purged":["Writhe"],"gold":0,"score":572,"play_id":"c173ddb2-5153-4e8e-891f-6701bb7be924","local_time":"20180304002649","is_prod":false,"is_daily":false,"is_ascension_mode":false,"campfire_upgraded":2,"timestamp":1520119609,"path_taken":["BOSS","M","M","?","$","M","R","?","E","T","M","R","?","?","M","R","BOSS","M","?","M","?","$","E","?","R","T","R","M","M","?","$","R","BOSS","M","?","?","?","?","R","M","E","T","R","?","R","?","?","R","BOSS"],"build_version":"2018-03-01-PROD1","purchased_purges":1,"victory":true,"master_deck":["Strike_R","Strike_R","Strike_R","Strike_R","Strike_R","Bash","Offering","Pommel Strike","Headbutt","Perfected Strike+1","Thunderclap","Whirlwind+1","Double Tap","Flex","Flex","Flex","Seeing Red+1","Clash+1","Offering+1"],"max_hp_per_floor":[80,80,80,80,80,80,80,80,80,80,80,80,80,80,80,80,80,80,80,80,80,80,80,80,80,80,80,80,80,80,80,80,80,80,80,80,80,80,80,80,80,80,94,94,94,94,94,94,94,94],"relics":["Burning Blood","Unceasing Top","Girya","Peace Pipe","Ectoplasm","Vajra","Bag of Marbles","Bird Faced Urn","Lizard Tail","Toxic Egg 2","Mango","Red Mask"],"card_choices":[{"not_picked":["Double Tap","Bludgeon"],"picked":"Offering"},{"not_picked":["Anger","Body Slam"],"picked":"Pommel Strike"},{"not_picked":["Havoc","Shockwave"],"picked":"Headbutt"},{"not_picked":["Body Slam","Heavy Blade"],"picked":"Thunderclap"},{"not_picked":["Heavy Blade","Warcry"],"picked":"Whirlwind"},{"not_picked":["Immolate","Brutality"],"picked":"Double Tap"},{"not_picked":["Anger","Wild Strike"],"picked":"Flex"},{"not_picked":["True Grit","Fiend Fire"],"picked":"Flex"},{"not_picked":["Clothesline","Iron Wave"],"picked":"Seeing Red"},{"not_picked":["Berserk","Cleave"],"picked":"Clash"}],"player_experience":187458,"potions_floor_usage":[16,23,24,33,33,38,50,50],"damage_taken":[{"damage":6,"enemies":"Cultist","floor":1,"turns":3},{"damage":6,"enemies":"Small Slimes","floor":2,"turns":4},{"damage":6,"enemies":"Jaw Worm","floor":5,"turns":3},{"damage":15,"enemies":"3 Sentries","floor":8,"turns":4},{"damage":13,"enemies":"Exordium Thugs","floor":10,"turns":4},{"damage":4,"enemies":"Large Slime","floor":14,"turns":3},{"damage":16,"enemies":"Slime Boss","floor":16,"turns":6},{"damage":11,"enemies":"Shell Parasite","floor":18,"turns":2},{"damage":4,"enemies":"2 Thieves","floor":20,"turns":1},{"damage":32,"enemies":"Slavers","floor":23,"turns":3},{"damage":19,"enemies":"Slaver and Parasite","floor":24,"turns":3},{"damage":4,"enemies":"Snecko","floor":28,"turns":1},{"damage":0,"enemies":"Centurion and Healer","floor":29,"turns":2},{"damage":7,"enemies":"Slaver and Parasite","floor":30,"turns":2},{"damage":4,"enemies":"Collector","floor":33,"turns":2},{"damage":4,"enemies":"3 Darklings","floor":35,"turns":2},{"damage":6,"enemies":"3 Shapes","floor":37,"turns":1},{"damage":17,"enemies":"Maw","floor":38,"turns":4},{"damage":6,"enemies":"4 Shapes","floor":41,"turns":1},{"damage":59,"enemies":"Nemesis","floor":42,"turns":5},{"damage":4,"enemies":"Sphere and 2 Shapes","floor":45,"turns":2},{"damage":123,"enemies":"Awakened One","floor":50,"turns":6}],"event_choices":[{"event_name":"Golden Idol","player_choice":"Take Damage","floor":3,"damage_taken":0},{"event_name":"Accursed Blacksmith","player_choice":"Rummage","floor":7,"damage_taken":0},{"event_name":"Liars Game","player_choice":"disagreed","floor":12,"damage_taken":0},{"event_name":"The Cleric","player_choice":"Healed","floor":13,"damage_taken":0},{"event_name":"The Library","player_choice":"Read","floor":19,"damage_taken":0},{"event_name":"Wheel of Change","player_choice":"Card Removal","floor":21,"damage_taken":0},{"event_name":"The Moai Head","player_choice":"Gave Idol","floor":39,"damage_taken":0},{"event_name":"Tomb of Lord Red Mask","player_choice":"Paid","floor":47,"damage_taken":0},{"event_name":"Duplicator","player_choice":"One dupe","floor":48,"damage_taken":0}],"boss_relics":[{"not_picked":["Eternal Feather","Mark of Pain"],"picked":"Ectoplasm"},{"not_picked":["White Beast Statue","Calling Bell"],"picked":"Lizard Tail"}],"potions_floor_spawned":[10,16,20,24,29,33,37,42,45],"seed_played":"-4753106643158946353","ascension_level":0,"is_trial":false}