{"gold_per_floor":[115,128,128,143,143,169,169,185,185,185,219,219,15,34,34,34],"floor_reached":16,"playtime":544,"items_purged":["Parasite"],"score":215,"play_id":"784bd536-fabb-47c3-9e72-1d16811e2e85","local_time":"20181029174040","is_ascension_mode":true,"campfire_choices":[{"data":"Rampage","floor":7,"key":"SMITH"},{"floor":10,"key":"REST"},{"data":"Clothesline","floor":15,"key":"SMITH"}],"neow_cost":"PERCENT_DAMAGE","seed_source_timestamp":3056651135524741,"circlet_count":0,"master_deck":["Strike_R","Strike_R","Strike_R","Strike_R","Defend_R+1","Defend_R","Defend_R","Defend_R","Bash+1","AscendersBane","True Grit+1","Flame Barrier","Rampage+1","Flame Barrier","Pommel Strike","Feel No Pain","True Grit","Reckless Charge","Clothesline+1"],"relics":["Burning Blood","War Paint","Bag of Marbles","Ornamental Fan"],"potions_floor_usage":[6,6],"damage_taken":[{"damage":7,"enemies":"Jaw Worm","floor":1,"turns":3},{"damage":1,"enemies":"Cultist","floor":2,"turns":4},{"damage":1,"enemies":"2 Louse","floor":4,"turns":4},{"damage":43,"enemies":"Lagavulin","floor":6,"turns":9},{"damage":9,"enemies":"Lots of Slimes","floor":8,"turns":5},{"damage":55,"enemies":"Gremlin Nob","floor":11,"turns":5},{"damage":0,"enemies":"Looter","floor":14,"turns":3},{"damage":41,"enemies":"Hexaghost","floor":16,"turns":9}],"seed_played":"-2570284426022690844","potions_obtained":[{"floor":1,"key":"PowerPotion"},{"floor":2,"key":"Poison Potion"},{"floor":14,"key":"Fire Potion"}],"is_trial":false,"path_per_floor":["M","M","?","M","?","E","R","M","T","R","E","?","$","M","R"],"character_chosen":"IRONCLAD","items_purchased":["True Grit","Reckless Charge"],"campfire_rested":1,"item_purchase_floors":[13,13],"current_hp_per_floor":[63,68,68,73,73,36,36,33,33,59,10,32,32,38,38,0],"gold":34,"neow_bonus":"TWENTY_PERCENT_HP_BONUS","is_prod":false,"is_daily":false,"chose_seed":false,"campfire_upgraded":2,"win_rate":0,"timestamp":1540831240,"path_taken":["M","M","?","M","?","E","R","?","T","R","E","?","$","M","R","BOSS"],"build_version":"2018-10-25v2","purchased_purges":1,"victory":false,"max_hp_per_floor":[89,89,89,89,89,89,89,89,89,89,89,89,86,86,86,86],"card_choices":[{"not_picked":["Heavy Blade","Sever Soul"],"picked":"True Grit","floor":1},{"not_picked":["Blood for Blood","Body Slam"],"picked":"Flame Barrier","floor":2},{"not_picked":["Iron Wave","Perfected Strike"],"picked":"Rampage","floor":4},{"not_picked":["Seeing Red","Bloodletting"],"picked":"Flame Barrier","floor":6},{"not_picked":["Cleave","Flex"],"picked":"Pommel Strike","floor":8},{"not_picked":["Rage","Shockwave"],"picked":"Feel No Pain","floor":11},{"not_picked":["Wild Strike","Flex"],"picked":"Clothesline","floor":14}],"player_experience":1563306,"relics_obtained":[{"floor":6,"key":"War Paint"},{"floor":9,"key":"Bag of Marbles"},{"floor":11,"key":"Ornamental Fan"}],"event_choices":[{"cards_removed":["Strike_R"],"damage_healed":0,"gold_gain":0,"player_choice":"Offered Basic","damage_taken":0,"max_hp_gain":0,"max_hp_loss":0,"event_name":"Bonfire Elementals","floor":3,"gold_loss":0},{"damage_healed":0,"gold_gain":0,"player_choice":"Upgraded","damage_taken":0,"max_hp_gain":0,"max_hp_loss":0,"event_name":"Upgrade Shrine","floor":5,"gold_loss":0,"cards_upgraded":["Bash"]},{"damage_healed":22,"gold_gain":0,"player_choice":"Healed and dodged fight","damage_taken":0,"max_hp_gain":0,"max_hp_loss":0,"event_name":"Mushrooms","floor":12,"gold_loss":0,"cards_obtained":["Parasite"]}],"is_beta":false,"boss_relics":[],"items_purged_floors":[13],"is_endless":false,"potions_floor_spawned":[1,2,14],"killed_by":"Hexaghost","ascension_level":19}