{"gold_per_floor":[113,188,198,198,198,236,251,266,266,266,297,297,322,343,343,469,469,493,493,493,42,66,66,66],"floor_reached":24,"playtime":1182,"items_purged":["Injury"],"score":241,"play_id":"023df9c7-ef77-4852-9435-a5f19d5562bd","local_time":"20190214012445","is_ascension_mode":true,"campfire_choices":[{"floor":10.0,"key":"REST"},{"floor":12.0,"key":"REST"},{"data":"Brutality","floor":15.0,"key":"SMITH"},{"data":"Limit Break","floor":23,"key":"SMITH"}],"neow_cost":"NONE","seed_source_timestamp":0,"circlet_count":0,"master_deck":["Defend_R","Defend_R","Bash+1","True Grit","Shrug It Off","Dual Wield","Headbutt","Heavy Blade","True Grit","Searing Blow","Brutality+1","Limit Break+1","Body Slam+1","Whirlwind+1","Feed+1","Bite","Bite","Bite","Bite","Bite","Brutality","Double Tap","Demon Form","Pummel","Sentinel"],"special_seed":0,"relics":["Burning Blood","Bronze Scales","Golden Idol","Orichalcum","Art of War","Meat on the Bone","Astrolabe","Membership Card","Omamori"],"potions_floor_usage":[],"damage_taken":[{"damage":5.0,"enemies":"Jaw Worm","floor":1.0,"turns":4.0},{"damage":0.0,"enemies":"Small Slimes","floor":3.0,"turns":4.0},{"damage":37.0,"enemies":"Lagavulin","floor":6.0,"turns":8.0},{"damage":0.0,"enemies":"2 Louse","floor":7.0,"turns":4.0},{"damage":5.0,"enemies":"Large Slime","floor":8.0,"turns":7.0},{"damage":18.0,"enemies":"3 Sentries","floor":11.0,"turns":8.0},{"damage":13.0,"enemies":"3 Louse","floor":13.0,"turns":4.0},{"damage":5.0,"enemies":"2 Fungi Beasts","floor":14.0,"turns":4.0},{"damage":54.0,"enemies":"Hexaghost","floor":16.0,"turns":10.0},{"damage":16.0,"enemies":"Chosen","floor":18.0,"turns":5.0},{"damage":27,"enemies":"2 Thieves","floor":22,"turns":4},{"damage":53,"enemies":"Book of Stabbing","floor":24,"turns":5}],"seed_played":"-5833786726247731192","potions_obtained":[{"floor":7.0,"key":"AttackPotion"},{"floor":11.0,"key":"AttackPotion"},{"floor":14.0,"key":"GamblersBrew"},{"floor":22,"key":"Explosive Potion"}],"is_trial":false,"path_per_floor":["M","?","M","?","?","E","M","M","T","R","E","R","M","M","R","B",null,"M","?","?","$","M","R","E"],"character_chosen":"IRONCLAD","items_purchased":["Membership Card","Demon Form","Pummel","Omamori"],"campfire_rested":2,"item_purchase_floors":[21,21,21,21],"current_hp_per_floor":[80,69,75,75,59,28,34,35,35,59,47,71,64,65,65,29,80,70,56,56,56,45,45,0],"gold":66,"neow_bonus":"RANDOM_COMMON_RELIC","is_prod":false,"is_daily":false,"chose_seed":false,"campfire_upgraded":2,"win_rate":0,"timestamp":1550129085,"path_taken":["M","?","M","?","?","E","M","M","T","R","E","R","M","M","R","BOSS","M","?","?","$","M","R","E"],"build_version":"2019-01-23","purchased_purges":1,"victory":false,"max_hp_per_floor":[80,80,80,80,80,80,80,80,80,80,80,80,80,80,80,80,80,80,56,56,56,60,60,60],"card_choices":[{"not_picked":["Warcry","Combust"],"picked":"True Grit","floor":1.0},{"not_picked":["Thunderclap","Anger"],"picked":"Shrug It Off","floor":3.0},{"not_picked":["Second Wind","Perfected Strike"],"picked":"Dual Wield","floor":6.0},{"not_picked":["Pommel Strike","Twin Strike"],"picked":"Headbutt","floor":7.0},{"not_picked":["Pummel","Havoc"],"picked":"Heavy Blade","floor":8.0},{"not_picked":["Carnage","Sever Soul"],"picked":"True Grit","floor":11.0},{"not_picked":["Hemokinesis","Havoc"],"picked":"Searing Blow","floor":13.0},{"not_picked":["Iron Wave","Heavy Blade"],"picked":"Brutality","floor":14.0},{"not_picked":["Fiend Fire","Immolate"],"picked":"Limit Break","floor":16.0},{"not_picked":["Sword Boomerang","Dual Wield","Wild Strike"],"picked":"SKIP","floor":18.0},{"not_picked":["Cleave","Twin Strike"],"picked":"Sentinel","floor":22}],"player_experience":95240,"relics_obtained":[{"floor":6.0,"key":"Orichalcum"},{"floor":9.0,"key":"Art of War"},{"floor":11.0,"key":"Meat on the Bone"}],"event_choices":[{"damage_healed":0.0,"max_hp_gain":0.0,"max_hp_loss":0.0,"gold_gain":75.0,"event_name":"World of Goop","player_choice":"Gather Gold","floor":2.0,"gold_loss":0.0,"damage_taken":11.0},{"damage_healed":0.0,"max_hp_gain":0.0,"max_hp_loss":0.0,"gold_gain":0.0,"event_name":"Golden Idol","player_choice":"Take Wound","floor":4.0,"gold_loss":0.0,"damage_taken":0.0,"relics_obtained":["Golden Idol"],"cards_obtained":["Injury"]},{"damage_healed":0.0,"max_hp_gain":0.0,"max_hp_loss":0.0,"gold_gain":0.0,"event_name":"Shining Light","player_choice":"Entered Light","floor":5.0,"gold_loss":0.0,"damage_taken":16.0,"cards_upgraded":["Strike_R","Bash"]},{"damage_healed":0.0,"max_hp_gain":0.0,"max_hp_loss":24.0,"gold_gain":0.0,"event_name":"Vampires","player_choice":"Became a vampire","floor":19.0,"gold_loss":0.0,"damage_taken":0.0,"cards_obtained":["Bite","Bite","Bite","Bite","Bite"]},{"damage_healed":0.0,"max_hp_gain":0.0,"max_hp_loss":0.0,"gold_gain":0.0,"cards_transformed":["Defend_R","Defend_R"],"event_name":"Drug Dealer","player_choice":"Became Test Subject","floor":20.0,"gold_loss":0.0,"damage_taken":0.0,"cards_obtained":["Brutality","Double Tap"]}],"is_beta":false,"boss_relics":[{"not_picked":["Cursed Key","Busted Crown"],"picked":"Astrolabe"}],"items_purged_floors":[21],"is_endless":false,"potions_floor_spawned":[7,11,14,22],"killed_by":"Book of Stabbing","ascension_level":1}