{"gold_per_floor":[209,17,36,56,73,101,101,101,101,101,64,83,358,373,373,446,446,460,484,484,484,501,501,518,518,518,538,550,198,209,209,209,281,281,299,313,365,365,236,236,256,289,313,330,330,346,346,35,35,35],"floor_reached":51,"playtime":4148,"items_purged":["Defend_G","Strike_G"],"score":1474,"play_id":"e4b5d7bb-8870-4670-b826-c1714867618c","local_time":"20190213130621","is_ascension_mode":true,"campfire_choices":[{"floor":7.0,"key":"REST"},{"data":"Neutralize","floor":10.0,"key":"SMITH"},{"data":"Noxious Fumes","floor":15.0,"key":"SMITH"},{"data":"RitualDagger","floor":23.0,"key":"SMITH"},{"data":"Bandage Up","floor":25.0,"key":"SMITH"},{"floor":32.0,"key":"REST"},{"data":"After Image","floor":40,"key":"SMITH"},{"data":"Cloak And Dagger","floor":45,"key":"SMITH"},{"data":"Cloak And Dagger","floor":47,"key":"SMITH"},{"floor":49,"key":"REST"}],"neow_cost":"NONE","seed_source_timestamp":55120537412100,"circlet_count":0,"master_deck":["AscendersBane","Defend_G","Defend_G","Defend_G","Defend_G","Strike_G","Strike_G","Survivor","Neutralize+1","Deadly Poison","Bandage Up+1","Well Laid Plans","Venomology","Quick Slash","Dodge and Roll","Caltrops","Noxious Fumes+1","Malaise","Decay","Parasite","Clumsy","Dagger Throw","RitualDagger+1","Adrenaline","Terror","Acrobatics","PiercingWail","Decay","After Image+1","Reflex","Endless Agony","Cloak And Dagger+1","Parasite","Flechettes","Cloak And Dagger+1","Backflip","Riddle With Holes","After Image+1"],"special_seed":0,"relics":["Ring of the Snake","Thread and Needle","Du-Vu Doll","Calling Bell","Blood Vial","Paper Crane","Torii","Lantern","MutagenicStrength","Snake Skull","Ninja Scroll","Empty Cage","Gambling Chip","FossilizedHelix","Regal Pillow","DollysMirror"],"potions_floor_usage":[37,37,41,42,50,50,50],"damage_taken":[{"damage":4.0,"enemies":"Cultist","floor":1.0,"turns":5.0},{"damage":8.0,"enemies":"2 Louse","floor":3.0,"turns":4.0},{"damage":0.0,"enemies":"Small Slimes","floor":4.0,"turns":4.0},{"damage":3.0,"enemies":"Red Slaver","floor":5.0,"turns":9.0},{"damage":44.0,"enemies":"3 Sentries","floor":6.0,"turns":10.0},{"damage":0.0,"enemies":"Looter","floor":12.0,"turns":4.0},{"damage":1.0,"enemies":"2 Fungi Beasts","floor":14.0,"turns":5.0},{"damage":8.0,"enemies":"The Guardian","floor":16.0,"turns":11.0},{"damage":18.0,"enemies":"3 Byrds","floor":18.0,"turns":5.0},{"damage":0.0,"enemies":"Spheric Guardian","floor":22.0,"turns":1.0},{"damage":17.0,"enemies":"Snake Plant","floor":24.0,"turns":2.0},{"damage":3.0,"enemies":"Centurion and Healer","floor":27.0,"turns":4.0},{"damage":11.0,"enemies":"Sentry and Sphere","floor":28.0,"turns":6.0},{"damage":0.0,"enemies":"Shelled Parasite and Fungi","floor":30.0,"turns":3.0},{"damage":14.0,"enemies":"Automaton","floor":33.0,"turns":9.0},{"damage":2.0,"enemies":"3 Shapes","floor":35.0,"turns":4.0},{"damage":1.0,"enemies":"3 Darklings","floor":36.0,"turns":6.0},{"damage":10,"enemies":"2 Orb Walkers","floor":37,"turns":4},{"damage":0,"enemies":"Writhing Mass","floor":41,"turns":5},{"damage":30,"enemies":"Nemesis","floor":42,"turns":5},{"damage":0,"enemies":"Jaw Worm Horde","floor":44,"turns":3},{"damage":0,"enemies":"Sphere and 2 Shapes","floor":46,"turns":2},{"damage":57,"enemies":"Time Eater","floor":50,"turns":12}],"seed_played":"-7180198446292668708","potions_obtained":[{"floor":5.0,"key":"GamblersBrew"},{"floor":12.0,"key":"EssenceOfSteel"},{"floor":22.0,"key":"Ancient Potion"},{"floor":24.0,"key":"GhostInAJar"},{"floor":28.0,"key":"Energy Potion"},{"floor":35.0,"key":"PowerPotion"},{"floor":36.0,"key":"Weak Potion"},{"floor":37,"key":"Dexterity Potion"},{"floor":46,"key":"SkillPotion"}],"is_trial":false,"path_per_floor":["M","?","?","T","?","?","?","?","?"],"character_chosen":"THE_SILENT","items_purchased":["Bandage Up","Well Laid Plans","Caltrops","Ninja Scroll","Cloak And Dagger","Riddle With Holes","DollysMirror"],"campfire_rested":3,"item_purchase_floors":[2,2,11,29,39,48,48],"current_hp_per_floor":[55,55,51,55,56,16,35,35,35,35,35,39,39,42,42,38,59,47,47,47,41,47,47,32,32,32,37,34,34,36,36,55,49,62,62,65,56,56,56,56,64,42,42,44,44,46,46,46,66,10],"gold":35,"neow_bonus":"HUNDRED_GOLD","is_prod":false,"is_daily":false,"chose_seed":false,"campfire_upgraded":7,"win_rate":0,"timestamp":1550030781,"path_taken":["M","$","M","?","M","E","R","?","T","R","$","M","?","M","R","BOSS","M","?","?","?","M","R","M","R","T","M","M","$","M","?","R","BOSS","M","M","?","?","$","R","M","E","T","M","R","M","R","$","R","BOSS"],"build_version":"2019-01-23","purchased_purges":2,"victory":true,"max_hp_per_floor":[66,66,66,66,66,66,66,66,66,66,66,66,66,66,66,66,66,66,66,66,66,66,66,66,66,66,66,66,66,66,66,66,66,66,66,66,66,66,66,66,66,66,66,66,66,66,66,66,66,66],"card_choices":[{"not_picked":["Underhanded Strike","Outmaneuver"],"picked":"Deadly Poison","floor":1.0},{"not_picked":["Concentrate","Heel Hook"],"picked":"Backflip","floor":3.0},{"not_picked":["Dagger Spray","Distraction"],"picked":"Venomology","floor":4.0},{"not_picked":["Calculated Gamble","Dodge and Roll"],"picked":"Quick Slash","floor":5.0},{"not_picked":["Venomology","Dagger Throw"],"picked":"Dodge and Roll","floor":6.0},{"not_picked":["Terror","Backstab"],"picked":"Noxious Fumes","floor":12.0},{"not_picked":["Slice","Cloak And Dagger","Underhanded Strike"],"picked":"SKIP","floor":14.0},{"not_picked":["Bullet Time","Glass Knife"],"picked":"Malaise","floor":16.0},{"not_picked":["Bane","Dagger Spray"],"picked":"Dagger Throw","floor":18.0},{"not_picked":["Dagger Throw","Riddle With Holes"],"picked":"Adrenaline","floor":22.0},{"not_picked":["Dash","Slice"],"picked":"Terror","floor":24.0},{"not_picked":["Backflip+1","Bane+1"],"picked":"Acrobatics","floor":27.0},{"not_picked":["Flying Knee+1","Finisher","Quick Slash"],"picked":"SKIP","floor":28.0},{"not_picked":["Terror","Outmaneuver+1"],"picked":"PiercingWail","floor":30.0},{"not_picked":["Night Terror","Phantasmal Killer"],"picked":"After Image","floor":33.0},{"not_picked":["Slice","Deflect","All Out Attack+1"],"picked":"SKIP","floor":35.0},{"not_picked":["Heel Hook","Finisher"],"picked":"Reflex","floor":36.0},{"not_picked":["Acrobatics","Predator+1"],"picked":"Endless Agony","floor":37},{"not_picked":["Flying Knee","Prepared"],"picked":"Flechettes","floor":41},{"not_picked":["Acrobatics+1","Adrenaline"],"picked":"Cloak And Dagger","floor":42},{"not_picked":["Quick Slash","Deflect","Slice"],"picked":"SKIP","floor":44},{"not_picked":["Flying Knee","Predator"],"picked":"Backflip","floor":46}],"player_experience":379071,"relics_obtained":[{"floor":6.0,"key":"Thread and Needle"},{"floor":9.0,"key":"Du-Vu Doll"},{"floor":17.0,"key":"Blood Vial"},{"floor":17.0,"key":"Paper Crane"},{"floor":17.0,"key":"Torii"},{"floor":19.0,"key":"Lantern"},{"floor":26.0,"key":"Snake Skull"},{"floor":37,"key":"Gambling Chip"},{"floor":42,"key":"FossilizedHelix"},{"floor":43,"key":"Regal Pillow"}],"event_choices":[{"cards_removed":["Strike_G"],"damage_healed":0.0,"max_hp_gain":0.0,"max_hp_loss":0.0,"gold_gain":0.0,"event_name":"Living Wall","player_choice":"Forget","floor":8.0,"gold_loss":0.0,"damage_taken":0.0},{"damage_healed":0.0,"max_hp_gain":0.0,"max_hp_loss":0.0,"gold_gain":275.0,"event_name":"Golden Shrine","player_choice":"Desecrate","floor":13.0,"gold_loss":0.0,"damage_taken":0.0,"cards_obtained":["Regret"]},{"damage_healed":0.0,"max_hp_gain":0.0,"max_hp_loss":0.0,"gold_gain":0.0,"event_name":"Drug Dealer","player_choice":"Inject Mutagens","floor":20.0,"gold_loss":0.0,"damage_taken":0.0,"relics_obtained":["MutagenicStrength"]},{"damage_healed":0.0,"max_hp_gain":0.0,"max_hp_loss":0.0,"gold_gain":0.0,"event_name":"Nest","player_choice":"Joined the Cult","floor":21.0,"gold_loss":0.0,"damage_taken":6.0,"cards_obtained":["RitualDagger"]},{"damage_healed":0.0,"max_hp_gain":0.0,"max_hp_loss":0.0,"gold_gain":0.0,"event_name":"Forgotten Altar","player_choice":"Smashed Altar","floor":31.0,"gold_loss":0.0,"damage_taken":0.0,"cards_obtained":["Decay"]},{"damage_healed":0,"gold_gain":0,"player_choice":"Fight","damage_taken":0,"max_hp_gain":0,"max_hp_loss":0,"event_name":"Mysterious Sphere","floor":37,"gold_loss":0},{"cards_removed":["Backflip"],"damage_healed":0,"gold_gain":0,"player_choice":"Removed Skill","damage_taken":0,"max_hp_gain":0,"max_hp_loss":0,"event_name":"Falling","floor":38,"gold_loss":0}],"is_beta":false,"boss_relics":[{"not_picked":["Astrolabe","Ectoplasm"],"picked":"Calling Bell"},{"not_picked":["Fusion Hammer","Pandora\u0027s Box"],"picked":"Empty Cage"}],"items_purged_floors":[29,39],"is_endless":false,"potions_floor_spawned":[5,12,22,24,28,35,36,37,46],"ascension_level":19}