{"gold_per_floor":[115,115,127,138,158,184,184,200,200,200,125,125,25,37,37,135,135,145,171,185,185,201,201,211,211,211,229,229,264,284,71,71,167,167,177,177,193,209,256,256,84,96,96,96,113,132,8,22,22,22],"floor_reached":51,"playtime":2649,"items_purged":["Strike_R","Defend_R","Strike_R"],"score":998,"play_id":"8e272baf-fd72-4ede-81dd-32b11d73e7d6","local_time":"20190208170629","is_ascension_mode":false,"campfire_choices":[{"data":"Bash","floor":7.0,"key":"SMITH"},{"data":"Metallicize","floor":10.0,"key":"SMITH"},{"data":"Dropkick","floor":15.0,"key":"SMITH"},{"data":"Warcry","floor":23.0,"key":"SMITH"},{"data":"Pommel Strike","floor":25.0,"key":"SMITH"},{"data":"Fiend Fire","floor":28.0,"key":"SMITH"},{"data":"Double Tap","floor":32.0,"key":"SMITH"},{"floor":49,"key":"REST"}],"neow_cost":"NONE","seed_source_timestamp":1032138795543193,"circlet_count":0,"master_deck":["Strike_R","Defend_R","Bash+1","Warcry+1","Metallicize+1","Dropkick+1","Fiend Fire+1","Fire Breathing+1","Rage","Pommel Strike+1","Double Tap+1","Shockwave+1","Purity","Disarm"],"special_seed":0,"relics":["Burning Blood","Centennial Puzzle","Ice Cream","Bronze Scales","Mummified Hand","Runic Pyramid","Blood Vial","The Courier","Regal Pillow","Medical Kit","Empty Cage","StoneCalendar","Kunai"],"potions_floor_usage":[39,50,50],"damage_taken":[{"damage":1.0,"enemies":"Jaw Worm","floor":1.0,"turns":5.0},{"damage":6.0,"enemies":"Cultist","floor":3.0,"turns":3.0},{"damage":1.0,"enemies":"2 Louse","floor":4.0,"turns":3.0},{"damage":8.0,"enemies":"Red Slaver","floor":5.0,"turns":4.0},{"damage":27.0,"enemies":"Gremlin Nob","floor":6.0,"turns":4.0},{"damage":12.0,"enemies":"Lots of Slimes","floor":8.0,"turns":9.0},{"damage":7.0,"enemies":"Exordium Thugs","floor":14.0,"turns":4.0},{"damage":45.0,"enemies":"Slime Boss","floor":16.0,"turns":9.0},{"damage":1.0,"enemies":"Chosen","floor":18.0,"turns":4.0},{"damage":19.0,"enemies":"Spheric Guardian","floor":20.0,"turns":4.0},{"damage":2.0,"enemies":"Cultist and Chosen","floor":22.0,"turns":4.0},{"damage":21.0,"enemies":"Snake Plant","floor":24.0,"turns":2.0},{"damage":0.0,"enemies":"Snecko","floor":27.0,"turns":3.0},{"damage":2.0,"enemies":"Book of Stabbing","floor":29.0,"turns":2.0},{"damage":10.0,"enemies":"Sentry and Sphere","floor":30.0,"turns":4.0},{"damage":36.0,"enemies":"Champ","floor":33.0,"turns":7.0},{"damage":12,"enemies":"3 Darklings","floor":35,"turns":6},{"damage":1,"enemies":"Orb Walker","floor":37,"turns":2},{"damage":21,"enemies":"Jaw Worm Horde","floor":38,"turns":4},{"damage":18,"enemies":"2 Orb Walkers","floor":39,"turns":2},{"damage":6,"enemies":"Writhing Mass","floor":42,"turns":5},{"damage":18,"enemies":"4 Shapes","floor":45,"turns":3},{"damage":5,"enemies":"Jaw Worm Horde","floor":46,"turns":2},{"damage":0,"enemies":"Maw","floor":48,"turns":2},{"damage":44,"enemies":"Awakened One","floor":50,"turns":6}],"seed_played":"-3915785296881344015","potions_obtained":[{"floor":1.0,"key":"Energy Potion"},{"floor":6.0,"key":"SteroidPotion"},{"floor":8.0,"key":"FearPotion"},{"floor":16.0,"key":"SteroidPotion"},{"floor":24.0,"key":"Explosive Potion"},{"floor":30.0,"key":"Dexterity Potion"},{"floor":35,"key":"PowerPotion"},{"floor":46,"key":"SkillPotion"}],"is_trial":false,"path_per_floor":["M","?","M","M","M","E","R","M","T","R","$","T","$","M","R","B",null,"M","T","M","?","M","R","M","R","T","M","R","E","M","$","R","B",null,"M","?","M","M","?","?","$","M","T","?","M","M","$","M","R","B",null],"character_chosen":"IRONCLAD","items_purchased":["Double Tap","Medical Kit","Purity","Disarm","Regen Potion"],"campfire_rested":1,"item_purchase_floors":[31,31,41,47,47],"current_hp_per_floor":[80,80,80,80,78,57,57,51,51,51,51,51,51,50,50,11,80,80,80,67,67,73,73,60,60,60,68,68,74,72,72,72,44,80,74,74,80,65,55,55,55,57,57,49,39,42,42,50,80,56],"gold":22,"neow_bonus":"RANDOM_COMMON_RELIC","is_prod":false,"is_daily":false,"chose_seed":false,"campfire_upgraded":7,"win_rate":0,"timestamp":1549641989,"path_taken":["M","?","M","?","M","E","R","M","T","R","$","?","$","M","R","BOSS","M","?","M","?","M","R","?","R","T","?","R","E","M","$","R","BOSS","M","?","M","M","?","?","$","M","T","?","M","M","$","M","R","BOSS"],"build_version":"2019-01-23","purchased_purges":3,"victory":true,"max_hp_per_floor":[80,80,80,80,80,80,80,80,80,80,80,80,80,80,80,80,80,80,80,80,80,80,80,80,80,80,80,80,80,80,80,80,80,80,80,80,80,80,80,80,80,80,80,80,80,80,80,80,80,80],"card_choices":[{"not_picked":["Dual Wield","Havoc","Twin Strike"],"picked":"SKIP","floor":1.0},{"not_picked":["Dual Wield","Havoc","Twin Strike"],"picked":"SKIP","floor":1.0},{"not_picked":["Reckless Charge","Twin Strike"],"picked":"Warcry","floor":3.0},{"not_picked":["Warcry","Flex","Perfected Strike"],"picked":"SKIP","floor":4.0},{"not_picked":["Wild Strike","Cleave","Hemokinesis"],"picked":"SKIP","floor":5.0},{"not_picked":["Clothesline","Cleave","Warcry"],"picked":"SKIP","floor":6.0},{"not_picked":["Immolate","Perfected Strike"],"picked":"Metallicize","floor":8.0},{"not_picked":["Perfected Strike","Battle Trance"],"picked":"Dropkick","floor":14.0},{"not_picked":["Berserk","Barricade"],"picked":"Fiend Fire","floor":16.0},{"not_picked":["Havoc","Flex"],"picked":"Fire Breathing","floor":18.0},{"not_picked":["Armaments","Clash"],"picked":"Rage","floor":20.0},{"not_picked":["Clash","Anger","Bludgeon"],"picked":"SKIP","floor":22.0},{"not_picked":["Anger","Rupture"],"picked":"Pommel Strike","floor":24.0},{"not_picked":["Wild Strike","Rage+1","Pommel Strike"],"picked":"SKIP","floor":27.0},{"not_picked":["Flame Barrier","Iron Wave+1","Battle Trance"],"picked":"SKIP","floor":29.0},{"not_picked":["Wild Strike","Flex","Heavy Blade"],"picked":"SKIP","floor":30.0},{"not_picked":["Wild Strike","Flex","Heavy Blade"],"picked":"SKIP","floor":30.0},{"not_picked":["True Grit","Wild Strike+1","Bloodletting"],"picked":"SKIP","floor":35},{"not_picked":["Sword Boomerang","Twin Strike+1"],"picked":"Shockwave+1","floor":37},{"not_picked":["Spot Weakness+1","Headbutt","Heavy Blade+1"],"picked":"SKIP","floor":38},{"not_picked":["Rupture","Cleave+1","Carnage"],"picked":"SKIP","floor":42},{"not_picked":["Sword Boomerang+1","Whirlwind+1","Body Slam+1"],"picked":"SKIP","floor":45},{"not_picked":["Twin Strike","Anger","Juggernaut"],"picked":"SKIP","floor":46},{"not_picked":["Clash+1","Warcry","Burning Pact"],"picked":"SKIP","floor":48}],"player_experience":40942,"relics_obtained":[{"floor":6.0,"key":"Ice Cream"},{"floor":9.0,"key":"Bronze Scales"},{"floor":12.0,"key":"Mummified Hand"},{"floor":19.0,"key":"Blood Vial"},{"floor":26.0,"key":"The Courier"},{"floor":29.0,"key":"Regal Pillow"},{"floor":39,"key":"StoneCalendar"},{"floor":43,"key":"Kunai"}],"event_choices":[{"cards_removed":["Strike_R"],"damage_healed":0.0,"max_hp_gain":0.0,"max_hp_loss":0.0,"gold_gain":0.0,"event_name":"Purifier","player_choice":"Purged","floor":2.0,"gold_loss":0.0,"damage_taken":0.0},{"damage_healed":0.0,"max_hp_gain":0.0,"max_hp_loss":0.0,"gold_gain":0.0,"event_name":"Upgrade Shrine","player_choice":"Upgraded","floor":21.0,"gold_loss":0.0,"damage_taken":0.0,"cards_upgraded":["Fire Breathing"]},{"damage_healed":0,"gold_gain":0,"player_choice":"Ignored","damage_taken":0,"max_hp_gain":0,"max_hp_loss":0,"event_name":"Tomb of Lord Red Mask","floor":36,"gold_loss":0},{"damage_healed":0,"gold_gain":0,"player_choice":"Fight","damage_taken":0,"max_hp_gain":0,"max_hp_loss":0,"event_name":"Mysterious Sphere","floor":39,"gold_loss":0},{"cards_removed":["Defend_R"],"damage_healed":0,"gold_gain":0,"player_choice":"Removed Skill","damage_taken":0,"max_hp_gain":0,"max_hp_loss":0,"event_name":"Falling","floor":40,"gold_loss":0},{"damage_healed":0,"gold_gain":0,"player_choice":"Damaged","damage_taken":8,"max_hp_gain":0,"max_hp_loss":0,"event_name":"Wheel of Change","floor":44,"gold_loss":0}],"is_beta":false,"boss_relics":[{"not_picked":["Coffee Dripper","Busted Crown"],"picked":"Runic Pyramid"},{"not_picked":["Black Star","Cursed Key"],"picked":"Empty Cage"}],"items_purged_floors":[11,13,41],"is_endless":false,"potions_floor_spawned":[1,6,8,16,24,30,35,46,48],"ascension_level":0}