{"gold_per_floor":[359,72,22,22,36,36,67,67,92,92,105,139,47,47,47,170,170,185,209,228,228,252,252,290,290,290,389,389,428,428],"floor_reached":30,"playtime":1490,"items_purged":[],"score":301,"play_id":"cf5627d0-e74c-4b92-8588-a8c3b883389b","local_time":"20190203195707","is_ascension_mode":true,"campfire_choices":[{"data":"Infernal Blade","floor":6,"key":"SMITH"},{"data":"Exhume","floor":8,"key":"SMITH"},{"data":"Wild Strike","floor":10,"key":"SMITH"},{"floor":15,"key":"REST"},{"data":"Discovery","floor":23,"key":"SMITH"},{"data":"Fire Breathing","floor":25,"key":"SMITH"}],"neow_cost":"PERCENT_DAMAGE","seed_source_timestamp":19792989771434,"circlet_count":0,"master_deck":["Strike_R","Strike_R","Strike_R","Strike_R","Defend_R","Defend_R","Defend_R","Defend_R","Bash","Infernal Blade+1","Wild Strike+1","Exhume+1","Wild Strike","Thunderclap","Discovery+1","Demon Form","Entrench+1","Shockwave+1","Fire Breathing+1","Headbutt+1","Flame Barrier","Writhe","Berserk"],"relics":["Burning Blood","Ginger","WarpedTongs","Oddly Smooth Stone","Pen Nib","Lantern","Golden Idol","Philosopher\u0027s Stone","Self Forming Clay","Question Card","Centennial Puzzle","Bird Faced Urn"],"potions_floor_usage":[12,16,16,20,24],"damage_taken":[{"damage":4,"enemies":"Small Slimes","floor":1,"turns":4},{"damage":2,"enemies":"Cultist","floor":5,"turns":2},{"damage":39,"enemies":"Lagavulin","floor":7,"turns":8},{"damage":2,"enemies":"2 Louse","floor":11,"turns":2},{"damage":10,"enemies":"Gremlin Nob","floor":12,"turns":4},{"damage":29,"enemies":"Slime Boss","floor":16,"turns":6},{"damage":16,"enemies":"Shell Parasite","floor":18,"turns":4},{"damage":16,"enemies":"Chosen","floor":19,"turns":3},{"damage":17,"enemies":"Centurion and Healer","floor":20,"turns":6},{"damage":15,"enemies":"Cultist and Chosen","floor":22,"turns":4},{"damage":10,"enemies":"Book of Stabbing","floor":24,"turns":4},{"damage":29,"enemies":"Slavers","floor":29,"turns":5},{"damage":17,"enemies":"Snake Plant","floor":30,"turns":3}],"seed_played":"-4758083975376820487","potions_obtained":[{"floor":7,"key":"Regen Potion"},{"floor":11,"key":"Swift Potion"},{"floor":12,"key":"Poison Potion"},{"floor":19,"key":"AttackPotion"},{"floor":22,"key":"EssenceOfSteel"}],"is_trial":false,"path_per_floor":["M","$","?","?","M","R","E","R","T","R","M","E","$","?","R","B",null,"M","M","M","?","M","R","E","R","T","?","?","E","M"],"character_chosen":"IRONCLAD","items_purchased":["Ginger","Discovery"],"campfire_rested":1,"item_purchase_floors":[2,13],"current_hp_per_floor":[58,58,58,58,62,62,29,29,29,29,33,38,38,18,42,19,80,70,60,49,49,40,40,36,36,36,36,36,13,0],"gold":428,"neow_bonus":"TWO_FIFTY_GOLD","is_prod":false,"is_daily":false,"chose_seed":false,"campfire_upgraded":5,"win_rate":0,"timestamp":1549220227,"path_taken":["M","$","?","?","M","R","E","R","T","R","?","E","?","?","R","BOSS","M","M","M","?","M","R","E","R","T","?","?","E","M"],"build_version":"2019-01-23","purchased_purges":0,"victory":false,"max_hp_per_floor":[80,80,80,80,80,80,80,80,80,80,80,80,80,80,80,80,80,80,80,80,80,80,80,80,80,80,80,80,80,80],"card_choices":[{"not_picked":["Heavy Blade","Carnage"],"picked":"Infernal Blade","floor":1},{"not_picked":["Headbutt","Thunderclap"],"picked":"Wild Strike","floor":5},{"not_picked":["Headbutt","Thunderclap"],"picked":"Exhume","floor":7},{"not_picked":["Disarm","Spot Weakness"],"picked":"Wild Strike","floor":11},{"not_picked":["Body Slam","Sever Soul"],"picked":"Thunderclap","floor":12},{"not_picked":["Exhume","Dark Embrace"],"picked":"Demon Form","floor":16},{"not_picked":["Pummel","True Grit+1"],"picked":"Entrench+1","floor":18},{"not_picked":["Pummel","Body Slam+1"],"picked":"Shockwave+1","floor":19},{"not_picked":["Burning Pact","Spot Weakness"],"picked":"Fire Breathing","floor":20},{"not_picked":["Second Wind","Sword Boomerang"],"picked":"Headbutt+1","floor":22},{"not_picked":["Corruption","Double Tap"],"picked":"Flame Barrier","floor":24},{"not_picked":["Twin Strike","Disarm","Perfected Strike"],"picked":"Berserk","floor":29}],"player_experience":45938,"relics_obtained":[{"floor":7,"key":"Oddly Smooth Stone"},{"floor":9,"key":"Pen Nib"},{"floor":12,"key":"Lantern"},{"floor":24,"key":"Self Forming Clay"},{"floor":26,"key":"Question Card"},{"floor":29,"key":"Bird Faced Urn"}],"event_choices":[{"cards_removed":["Strike_R"],"damage_healed":0,"gold_gain":0,"player_choice":"Card Removal","damage_taken":0,"max_hp_gain":0,"max_hp_loss":0,"event_name":"The Cleric","floor":3,"gold_loss":50},{"damage_healed":0,"gold_gain":0,"player_choice":"Rummage","damage_taken":0,"relics_obtained":["WarpedTongs"],"max_hp_gain":0,"max_hp_loss":0,"event_name":"Accursed Blacksmith","floor":4,"gold_loss":0,"cards_obtained":["Pain"]},{"damage_healed":0,"gold_gain":0,"player_choice":"Take Damage","damage_taken":20,"relics_obtained":["Golden Idol"],"max_hp_gain":0,"max_hp_loss":0,"event_name":"Golden Idol","floor":14,"gold_loss":0},{"cards_removed":["Pain"],"damage_healed":0,"gold_gain":0,"player_choice":"Elegance","damage_taken":0,"max_hp_gain":0,"max_hp_loss":0,"event_name":"Back to Basics","floor":21,"gold_loss":0},{"damage_healed":0,"gold_gain":99,"player_choice":"Stole From Cult","damage_taken":0,"max_hp_gain":0,"max_hp_loss":0,"event_name":"Nest","floor":27,"gold_loss":0},{"damage_healed":0,"gold_gain":0,"player_choice":"Opened","damage_taken":0,"relics_obtained":["Centennial Puzzle"],"max_hp_gain":0,"max_hp_loss":0,"event_name":"The Mausoleum","floor":28,"gold_loss":0,"cards_obtained":["Writhe"]}],"is_beta":false,"boss_relics":[{"not_picked":["Snecko Eye","Runic Dome"],"picked":"Philosopher\u0027s Stone"}],"items_purged_floors":[],"is_endless":false,"potions_floor_spawned":[7,11,12,19,22],"killed_by":"Snake Plant","ascension_level":2}