{"gold_per_floor":[315,315,315,345,384,396,483,505,547,579,591,603],"floor_reached":12,"playtime":557,"items_purged":[],"score":68,"play_id":"ebd3aa7a-548d-405d-bdfe-a37bc73118fb","local_time":"20190204020326","is_ascension_mode":false,"campfire_choices":[{"data":"Backstab","floor":6,"key":"SMITH"}],"neow_cost":"NO_GOLD","seed_source_timestamp":42703205538918,"circlet_count":0,"master_deck":["Defend_G","Defend_G","Defend_G","Defend_G","Defend_G","Strike_G","Strike_G","Strike_G","Strike_G+1","Strike_G","Survivor","Neutralize+1","Prepared","Backstab+1","Heel Hook","Crippling Poison"],"relics":["Ring of the Snake","Old Coin","MawBank","Lantern","Tiny Chest"],"potions_floor_usage":[12,12],"damage_taken":[{"damage":0,"enemies":"Jaw Worm","floor":1,"turns":5},{"damage":0,"enemies":"Small Slimes","floor":4,"turns":4},{"damage":0,"enemies":"2 Louse","floor":8,"turns":2},{"damage":0,"enemies":"2 Fungi Beasts","floor":10,"turns":2},{"damage":26,"enemies":"3 Sentries","floor":12,"turns":6}],"seed_played":"-8977909162517855208","potions_obtained":[{"floor":1,"key":"Ancient Potion"},{"floor":10,"key":"Poison Potion"}],"is_trial":false,"path_per_floor":["M","?","?","M","T","R","?","M","T","M","?","E"],"character_chosen":"THE_SILENT","items_purchased":[],"campfire_rested":0,"item_purchase_floors":[],"current_hp_per_floor":[70,56,31,31,31,31,20,20,20,20,25,0],"gold":603,"neow_bonus":"ONE_RARE_RELIC","is_prod":false,"is_daily":false,"chose_seed":false,"campfire_upgraded":1,"win_rate":0.0,"timestamp":1549242206,"path_taken":["M","?","?","M","?","R","?","M","T","M","?","E"],"build_version":"2019-01-23","purchased_purges":0,"victory":false,"max_hp_per_floor":[70,70,70,70,70,70,70,70,70,70,75,75],"card_choices":[{"not_picked":["Finisher","Choke"],"picked":"Prepared","floor":1},{"not_picked":["Distraction","Deadly Poison"],"picked":"Backstab","floor":4},{"not_picked":["Deadly Poison","Bane"],"picked":"Heel Hook","floor":8},{"not_picked":["Deadly Poison","Poisoned Stab"],"picked":"Crippling Poison","floor":10}],"player_experience":62119,"relics_obtained":[{"floor":5,"key":"Lantern"},{"floor":9,"key":"Tiny Chest"}],"event_choices":[{"damage_healed":0,"gold_gain":0,"player_choice":"Entered Light","damage_taken":14,"max_hp_gain":0,"max_hp_loss":0,"event_name":"Shining Light","floor":2,"gold_loss":0,"cards_upgraded":["Neutralize","Strike_G"]},{"damage_healed":0,"gold_gain":0,"player_choice":"Success","damage_taken":25,"relics_obtained":["MawBank"],"max_hp_gain":0,"max_hp_loss":0,"event_name":"Scrap Ooze","floor":3,"gold_loss":0},{"damage_healed":0,"gold_gain":75,"player_choice":"Gather Gold","damage_taken":11,"max_hp_gain":0,"max_hp_loss":0,"event_name":"World of Goop","floor":7,"gold_loss":0},{"damage_healed":0,"gold_gain":0,"player_choice":"Donut","damage_taken":0,"max_hp_gain":5,"max_hp_loss":0,"event_name":"Big Fish","floor":11,"gold_loss":0}],"is_beta":false,"boss_relics":[],"items_purged_floors":[],"is_endless":false,"potions_floor_spawned":[1,10],"killed_by":"3 Sentries","ascension_level":0}