{"gold_per_floor":[112,187,187,187,201,201,221,249,273,273,273,316,316,341,341,470,470,488,506,506,117,117,117,142,156,230,230,255,255,255,255,255,255],"floor_reached":33,"playtime":2680,"items_purged":["Strike_R"],"score":279,"play_id":"ce32cf86-7393-4512-b06a-caeff30e8c8f","local_time":"20190211031545","is_ascension_mode":false,"campfire_choices":[{"data":"Armaments","floor":6,"key":"SMITH"},{"data":"True Grit","floor":10,"key":"SMITH"},{"data":"Whirlwind","floor":13,"key":"SMITH"},{"floor":15,"key":"REST"},{"data":"Inflame","floor":23,"key":"SMITH"},{"data":"Armaments","floor":27,"key":"SMITH"},{"data":"True Grit","floor":29,"key":"SMITH"},{"floor":32,"key":"REST"}],"neow_cost":"NONE","seed_source_timestamp":322208517871400,"circlet_count":0,"master_deck":["Strike_R+1","Strike_R","Defend_R","Defend_R+1","Defend_R","Defend_R","Bash","True Grit+1","Armaments+1","Whirlwind+1","Cleave","Reaper","Inflame+1","Heavy Blade","Armaments+1","Twin Strike","True Grit+1","Carnage"],"relics":["Burning Blood","Bloody Idol","Odd Mushroom","Juzu Bracelet","Shuriken","Sozu","Thread and Needle","Blood Vial","Paper Frog","Ice Cream","Nilry\u0027s Codex"],"potions_floor_usage":[33],"damage_taken":[{"damage":4,"enemies":"Small Slimes","floor":1,"turns":4},{"damage":0,"enemies":"2 Louse","floor":5,"turns":4},{"damage":2,"enemies":"Jaw Worm","floor":7,"turns":4},{"damage":16,"enemies":"The Mushroom Lair","floor":8,"turns":9},{"damage":36,"enemies":"Lagavulin","floor":12,"turns":10},{"damage":0,"enemies":"3 Louse","floor":14,"turns":1},{"damage":41,"enemies":"Slime Boss","floor":16,"turns":10},{"damage":11,"enemies":"Shell Parasite","floor":18,"turns":7},{"damage":21,"enemies":"2 Thieves","floor":19,"turns":3},{"damage":12,"enemies":"Gremlin Leader","floor":24,"turns":7},{"damage":14,"enemies":"Snake Plant","floor":25,"turns":4},{"damage":34,"enemies":"Slavers","floor":28,"turns":4},{"damage":106,"enemies":"Automaton","floor":33,"turns":10}],"seed_played":"-5639334788396799936","potions_obtained":[{"floor":5,"key":"SneckoOil"},{"floor":7,"key":"GamblersBrew"},{"floor":16,"key":"Regen Potion"}],"is_trial":false,"path_per_floor":["M","?","?","?","M","R","M","?","T","R","?","E","R","M","R","B",null,"M","M","?","$","?","R","E","M","T","R","E","R","?","?","R","B"],"character_chosen":"IRONCLAD","items_purchased":["Thread and Needle"],"campfire_rested":2,"item_purchase_floors":[21],"current_hp_per_floor":[88,77,77,61,67,67,71,61,61,61,61,31,31,37,61,26,81,76,66,66,66,66,66,71,80,81,81,58,58,42,42,66,0],"gold":255,"neow_bonus":"TEN_PERCENT_HP_BONUS","is_prod":false,"is_daily":false,"chose_seed":false,"campfire_upgraded":6,"win_rate":0.0,"timestamp":1549872945,"path_taken":["M","?","?","?","M","R","M","?","T","R","?","E","R","M","R","BOSS","M","M","?","$","?","R","E","M","T","R","E","R","?","?","R","BOSS"],"build_version":"2019-01-23","purchased_purges":1,"victory":false,"max_hp_per_floor":[88,88,81,81,81,81,81,81,81,81,81,81,81,81,81,81,81,81,81,81,81,81,81,81,81,81,81,81,81,81,81,81,81],"card_choices":[{"not_picked":["Headbutt","Infernal Blade"],"picked":"True Grit","floor":1},{"not_picked":["Flex","Corruption"],"picked":"Armaments","floor":5},{"not_picked":["Combust","Dropkick","Warcry"],"picked":"SKIP","floor":7},{"not_picked":["Pommel Strike","Fiend Fire"],"picked":"Whirlwind","floor":12},{"not_picked":["Flex","Power Through"],"picked":"Cleave","floor":14},{"not_picked":["Juggernaut","Feed"],"picked":"Reaper","floor":16},{"not_picked":["Sword Boomerang","Armaments"],"picked":"Inflame","floor":18},{"not_picked":["Warcry+1","Clothesline"],"picked":"Heavy Blade","floor":19},{"not_picked":["Heavy Blade","Anger"],"picked":"Armaments","floor":24},{"not_picked":["Burning Pact","Cleave"],"picked":"Twin Strike","floor":25},{"not_picked":["Armaments+1","Anger"],"picked":"True Grit","floor":28}],"player_experience":9460,"relics_obtained":[{"floor":8,"key":"Odd Mushroom"},{"floor":9,"key":"Juzu Bracelet"},{"floor":12,"key":"Shuriken"},{"floor":24,"key":"Blood Vial"},{"floor":26,"key":"Paper Frog"},{"floor":28,"key":"Ice Cream"},{"floor":30,"key":"Nilry\u0027s Codex"}],"event_choices":[{"damage_healed":0,"gold_gain":75,"player_choice":"Gather Gold","damage_taken":11,"max_hp_gain":0,"max_hp_loss":0,"event_name":"World of Goop","floor":2,"gold_loss":0},{"damage_healed":0,"gold_gain":0,"player_choice":"Lose Max HP","damage_taken":0,"relics_obtained":["Golden Idol"],"max_hp_gain":0,"max_hp_loss":7,"event_name":"Golden Idol","floor":3,"gold_loss":0},{"damage_healed":0,"gold_gain":0,"player_choice":"Entered Light","damage_taken":16,"max_hp_gain":0,"max_hp_loss":0,"event_name":"Shining Light","floor":4,"gold_loss":0,"cards_upgraded":["Strike_R","Defend_R"]},{"damage_healed":0,"gold_gain":0,"player_choice":"Fought Mushrooms","damage_taken":0,"max_hp_gain":0,"max_hp_loss":0,"event_name":"Mushrooms","floor":8,"gold_loss":0},{"cards_removed":["Strike_R"],"damage_healed":0,"gold_gain":0,"player_choice":"Forget","damage_taken":0,"max_hp_gain":0,"max_hp_loss":0,"event_name":"Living Wall","floor":11,"gold_loss":0},{"damage_healed":0,"gold_gain":0,"player_choice":"Ignored","damage_taken":0,"max_hp_gain":0,"max_hp_loss":0,"event_name":"Ghosts","floor":20,"gold_loss":0},{"damage_healed":0,"gold_gain":0,"player_choice":"Gave Idol","damage_taken":0,"relics_obtained":["Bloody Idol"],"max_hp_gain":0,"max_hp_loss":0,"event_name":"Forgotten Altar","floor":22,"relics_lost":["Golden Idol"],"gold_loss":0},{"damage_healed":0,"gold_gain":0,"player_choice":"Obtained Book","damage_taken":16,"max_hp_gain":0,"max_hp_loss":0,"event_name":"Cursed Tome","floor":30,"gold_loss":0},{"damage_healed":0,"gold_gain":0,"cards_transformed":["Strike_R"],"player_choice":"Transformed","damage_taken":0,"max_hp_gain":0,"max_hp_loss":0,"event_name":"Transmorgrifier","floor":31,"gold_loss":0,"cards_obtained":["Carnage"]}],"is_beta":false,"boss_relics":[{"not_picked":["Eternal Feather","Empty Cage"],"picked":"Sozu"}],"items_purged_floors":[21],"is_endless":false,"potions_floor_spawned":[5,7,16,18,28],"killed_by":"Automaton","ascension_level":0}