{"gold_per_floor":[109,109,124,124,137,137,168,168,219,219,245,258,17,17,17,116,116,91,0,0,16,32,32,32,57,57,76,110,11,11],"floor_reached":30,"playtime":1541,"items_purged":["Regret"],"score":373,"play_id":"910868e4-4680-4977-a519-53e222a67f91","local_time":"20190121212636","is_ascension_mode":true,"campfire_choices":[{"data":"Flame Barrier","floor":6,"key":"SMITH"},{"data":"Demon Form","floor":8,"key":"SMITH"},{"floor":15,"key":"REST"},{"floor":23,"key":"REST"}],"neow_cost":"NONE","seed_source_timestamp":330686234812079,"circlet_count":0,"master_deck":["Strike_R","Strike_R","Strike_R","Strike_R","Strike_R","Defend_R+1","Defend_R","Defend_R","Defend_R","Bash+1","Blind+1","Inflame","Flame Barrier+1","Demon Form+1","Sword Boomerang","Evolve","Ghostly Armor","Impervious","Wild Strike","Heavy Blade","Iron Wave","Ghostly Armor","Flex"],"relics":["Burning Blood","Pen Nib","Oddly Smooth Stone","War Paint","Dodecahedron","Red Skull","Toy Ornithopter","Sozu","Bottled Flame","Meat on the Bone","Juzu Bracelet"],"potions_floor_usage":[7,11,16],"damage_taken":[{"damage":3,"enemies":"2 Louse","floor":1,"turns":3},{"damage":0,"enemies":"Small Slimes","floor":3,"turns":3},{"damage":16,"enemies":"Jaw Worm","floor":5,"turns":5},{"damage":23,"enemies":"Lagavulin","floor":7,"turns":11},{"damage":22,"enemies":"Gremlin Nob","floor":11,"turns":5},{"damage":11,"enemies":"Exordium Thugs","floor":12,"turns":4},{"damage":18,"enemies":"Hexaghost","floor":16,"turns":10},{"damage":28,"enemies":"2 Thieves","floor":18,"turns":5},{"damage":0,"enemies":"3 Byrds","floor":21,"turns":2},{"damage":20,"enemies":"Shelled Parasite and Fungi","floor":22,"turns":5},{"damage":22,"enemies":"Gremlin Leader","floor":25,"turns":7},{"damage":8,"enemies":"3 Cultists","floor":27,"turns":6},{"damage":31,"enemies":"Book of Stabbing","floor":28,"turns":5},{"damage":29,"enemies":"Slavers","floor":30,"turns":2}],"seed_played":"1115686635581657220","potions_obtained":[{"floor":5,"key":"Ancient Potion"},{"floor":7,"key":"AttackPotion"},{"floor":12,"key":"Block Potion"}],"is_trial":false,"path_per_floor":["M","?","M","?","M","R","E","R","T","?","E","M","$","$","R","B",null,"M","?","?","M","M","R","$","E","T","M","E","$","E"],"character_chosen":"IRONCLAD","items_purchased":["Ghostly Armor","Toy Ornithopter","Flex"],"campfire_rested":2,"item_purchase_floors":[13,13,29],"current_hp_per_floor":[75,75,80,80,70,70,53,53,53,35,19,14,14,14,38,31,68,46,46,31,37,23,48,48,32,32,42,29,29,0],"gold":11,"neow_bonus":"RANDOM_COLORLESS","is_prod":false,"is_daily":false,"chose_seed":false,"campfire_upgraded":2,"win_rate":0,"timestamp":1548123996,"path_taken":["M","?","M","?","M","R","E","R","T","?","E","?","?","$","R","BOSS","M","?","?","?","M","R","$","E","T","M","E","$","E"],"build_version":"2019-01-17v2","purchased_purges":1,"victory":false,"max_hp_per_floor":[80,80,80,80,80,80,80,80,80,80,80,80,80,80,80,80,80,80,80,85,85,85,85,85,85,85,85,85,85,85],"card_choices":[{"not_picked":["Sword Boomerang","True Grit"],"picked":"Inflame","floor":1},{"not_picked":["Burning Pact","Entrench"],"picked":"Flame Barrier","floor":3},{"not_picked":["Blood for Blood","Body Slam","Rupture"],"picked":"SKIP","floor":5},{"not_picked":["Shrug It Off","Offering"],"picked":"Demon Form","floor":7},{"not_picked":["Metallicize","Armaments"],"picked":"Sword Boomerang","floor":11},{"not_picked":["Cleave","Flex"],"picked":"Evolve","floor":12},{"not_picked":["Immolate","Barricade"],"picked":"Impervious","floor":16},{"not_picked":["Perfected Strike","Rupture","Fire Breathing"],"picked":"SKIP","floor":18},{"not_picked":["Perfected Strike+1","Headbutt"],"picked":"Wild Strike","floor":21},{"not_picked":["Havoc","Anger+1"],"picked":"Heavy Blade","floor":22},{"not_picked":["Dark Embrace","Warcry","Anger+1"],"picked":"SKIP","floor":25},{"not_picked":["Whirlwind+1","Rage+1"],"picked":"Iron Wave","floor":27},{"not_picked":["Flex","Headbutt"],"picked":"Ghostly Armor","floor":28}],"player_experience":379550,"relics_obtained":[{"floor":7,"key":"Oddly Smooth Stone"},{"floor":9,"key":"War Paint"},{"floor":11,"key":"Red Skull"},{"floor":25,"key":"Bottled Flame"},{"floor":26,"key":"Meat on the Bone"},{"floor":28,"key":"Juzu Bracelet"}],"event_choices":[{"damage_healed":0,"gold_gain":0,"player_choice":"Grow","damage_taken":0,"max_hp_gain":0,"max_hp_loss":0,"event_name":"Living Wall","floor":2,"gold_loss":0,"cards_upgraded":["Bash"]},{"damage_healed":0,"gold_gain":0,"player_choice":"Box","damage_taken":0,"relics_obtained":["Pen Nib"],"max_hp_gain":0,"max_hp_loss":0,"event_name":"Big Fish","floor":4,"gold_loss":0,"cards_obtained":["Regret"]},{"damage_healed":0,"gold_gain":0,"player_choice":"Success","damage_taken":18,"relics_obtained":["Dodecahedron"],"max_hp_gain":0,"max_hp_loss":0,"event_name":"Scrap Ooze","floor":10,"gold_loss":0},{"damage_healed":0,"gold_gain":0,"player_choice":"Paid Fearfully","damage_taken":0,"max_hp_gain":0,"max_hp_loss":0,"event_name":"Masked Bandits","floor":19,"gold_loss":91},{"damage_healed":0,"gold_gain":0,"player_choice":"Shed Blood","damage_taken":20,"max_hp_gain":5,"max_hp_loss":0,"event_name":"Forgotten Altar","floor":20,"gold_loss":0}],"is_beta":false,"boss_relics":[{"not_picked":["Coffee Dripper","Calling Bell"],"picked":"Sozu"}],"items_purged_floors":[29],"is_endless":false,"potions_floor_spawned":[5,7,12,18,22,28],"killed_by":"Slavers","ascension_level":7}