{"path_per_floor":["M","M","$","$","M","?","M","E","T","E","M","R","E","M","R","B",null,"M","M","$","M","?","R","E","R","T","R","$","R","E","$","R","B",null,"M","M","M","?","?","R","M","R","T","R","M","M","E","$","R","B"],"character_chosen":"IRONCLAD","items_purchased":["Shrug It Off","Bottled Tornado","Mind Blast","Feel No Pain","Whirlwind","Art of War","Mango"],"gold_per_floor":[119,135,60,15,33,33,50,80,103,133,149,149,480,499,499,603,603,616,635,384,399,399,399,434,434,460,460,283,283,317,238,238,334,334,351,371,391,391,391,391,404,404,485,485,500,514,539,87,87,87],"floor_reached":51,"campfire_rested":2,"playtime":2512,"item_purchase_floors":[4,20,28,28,31,48,48],"current_hp_per_floor":[80,80,80,80,80,64,68,64,64,48,54,54,43,49,49,21,80,77,80,80,80,80,80,65,65,65,65,65,65,48,48,48,20,80,64,70,59,59,59,59,42,66,66,66,55,48,48,62,90,58],"items_purged":["Normality"],"gold":87,"score":785,"play_id":"beef89f7-0324-4e2f-9c02-e8e698723beb","local_time":"20180522161007","is_prod":false,"is_daily":false,"chose_seed":false,"is_ascension_mode":false,"campfire_upgraded":6,"timestamp":1526998207,"campfire_choices":[{"data":"Bash","floor":12,"key":"SMITH"},{"data":"True Grit","floor":15,"key":"SMITH"},{"data":"1","floor":23,"key":"LIFT"},{"data":"Demon Form","floor":25,"key":"SMITH"},{"data":"2","floor":27,"key":"LIFT"},{"data":"Mind Blast","floor":29,"key":"SMITH"},{"data":"3","floor":32,"key":"LIFT"},{"data":"Whirlwind","floor":40,"key":"SMITH"},{"floor":42,"key":"REST"},{"data":"Heavy Blade","floor":44,"key":"SMITH"},{"floor":49,"key":"REST"}],"path_taken":["M","M","?","$","M","?","M","E","T","E","M","R","E","M","R","BOSS","M","M","$","M","?","R","E","R","T","R","$","R","E","$","R","BOSS","M","M","?","?","?","R","M","R","T","R","?","M","E","$","R","BOSS"],"build_version":"2018-05-21v2","seed_source_timestamp":1176830551358338,"purchased_purges":1,"victory":true,"master_deck":["Strike_R","Strike_R+1","Strike_R","Defend_R","Defend_R","Defend_R","Bash+1","Iron Wave","Headbutt","Shrug It Off+1","Ghostly Armor","Wild Strike","Evolve","Headbutt","Flame Barrier","Double Tap","True Grit+1","Demon Form+1","Heavy Blade+1","Metallicize+1","Immolate","Mind Blast+1","Feel No Pain","Uppercut+1","Whirlwind+1","Offering","Dropkick+1","Clothesline+1","Jack Of All Trades","Ghostly Armor","Warcry+1","Shockwave+1","Seeing Red"],"max_hp_per_floor":[80,80,80,80,80,80,80,80,80,80,80,80,80,80,80,80,80,80,80,80,80,80,80,80,80,80,80,80,80,80,80,80,80,80,80,80,80,80,80,80,80,80,80,80,80,80,80,94,94,94],"relics":["Burning Blood","Girya","Anchor","Dream Catcher","Bag of Preparation","Old Coin","Mark of Pain","Bottled Tornado","Pen Nib","Omamori","Oddly Smooth Stone","Astrolabe","Bottled Flame","Happy Flower","Art of War","Mango"],"card_choices":[{"not_picked":["Anger","Thunderclap"],"picked":"Iron Wave","floor":1},{"not_picked":["Dual Wield","Wild Strike"],"picked":"Headbutt","floor":2},{"not_picked":["Heavy Blade","Headbutt"],"picked":"Ghostly Armor","floor":5},{"not_picked":["Anger","Blood for Blood"],"picked":"Wild Strike","floor":7},{"not_picked":["Sentinel","Battle Trance"],"picked":"Evolve","floor":8},{"not_picked":["Rage","Thunderclap"],"picked":"Headbutt","floor":10},{"not_picked":["Iron Wave","Twin Strike"],"picked":"Flame Barrier","floor":11},{"not_picked":["Battle Trance","Seeing Red"],"picked":"Double Tap","floor":13},{"not_picked":["Rampage","Reckless Charge"],"picked":"True Grit","floor":14},{"not_picked":["Double Tap","Juggernaut"],"picked":"Demon Form","floor":16},{"not_picked":["Rampage+1","Thunderclap+1"],"picked":"Heavy Blade","floor":18},{"not_picked":["Clash+1","Rage"],"picked":"Metallicize+1","floor":19},{"not_picked":["Ghostly Armor","Armaments","Flex"],"picked":"SKIP","floor":21},{"not_picked":["Cleave","Clash"],"picked":"Immolate","floor":24},{"not_picked":["Warcry","Reckless Charge+1"],"picked":"Uppercut+1","floor":30},{"not_picked":["Reaper","Fiend Fire"],"picked":"Offering","floor":33},{"not_picked":["Rupture","Reckless Charge+1","Flex+1"],"picked":"SKIP","floor":35},{"not_picked":["Havoc","Pommel Strike+1","Body Slam+1"],"picked":"SKIP","floor":36},{"not_picked":["Havoc","Thunderclap","Flex+1"],"picked":"SKIP","floor":37},{"not_picked":["Panache","Sadistic Nature"],"picked":"Jack Of All Trades","floor":38},{"not_picked":["Clash","Perfected Strike+1","Body Slam+1"],"picked":"SKIP","floor":41},{"not_picked":["Clothesline+1","Wild Strike+1"],"picked":"Warcry+1","floor":42},{"not_picked":["Shrug It Off+1","Armaments+1"],"picked":"Shockwave+1","floor":45},{"not_picked":["Cleave","Sword Boomerang"],"picked":"Seeing Red","floor":46},{"not_picked":["Searing Blow","Feed","Cleave+1"],"picked":"SKIP","floor":47}],"player_experience":755746,"potions_floor_usage":[10,13,16,16,35],"damage_taken":[{"damage":6,"enemies":"Cultist","floor":1,"turns":4},{"damage":6,"enemies":"Jaw Worm","floor":2,"turns":3},{"damage":0,"enemies":"Small Slimes","floor":5,"turns":3},{"damage":2,"enemies":"Blue Slaver","floor":7,"turns":3},{"damage":10,"enemies":"3 Sentries","floor":8,"turns":9},{"damage":22,"enemies":"Gremlin Nob","floor":10,"turns":4},{"damage":0,"enemies":"Looter","floor":11,"turns":2},{"damage":26,"enemies":"Lagavulin","floor":13,"turns":6},{"damage":0,"enemies":"Exordium Wildlife","floor":14,"turns":3},{"damage":34,"enemies":"The Guardian","floor":16,"turns":15},{"damage":9,"enemies":"Spheric Guardian","floor":18,"turns":5},{"damage":3,"enemies":"Shell Parasite","floor":19,"turns":5},{"damage":1,"enemies":"Snecko","floor":21,"turns":6},{"damage":21,"enemies":"Book of Stabbing","floor":24,"turns":6},{"damage":23,"enemies":"Slavers","floor":30,"turns":5},{"damage":34,"enemies":"Champ","floor":33,"turns":9},{"damage":22,"enemies":"Flame Bruiser 1 Orb","floor":35,"turns":4},{"damage":0,"enemies":"3 Shapes","floor":36,"turns":2},{"damage":17,"enemies":"3 Darklings","floor":37,"turns":4},{"damage":27,"enemies":"Sphere and 2 Shapes","floor":41,"turns":4},{"damage":17,"enemies":"Transient","floor":45,"turns":5},{"damage":13,"enemies":"Flame Bruiser 2 Orb","floor":46,"turns":3},{"damage":6,"enemies":"Giant Head","floor":47,"turns":6},{"damage":38,"enemies":"Time Eater","floor":50,"turns":6}],"relics_obtained":[{"floor":8,"key":"Anchor"},{"floor":9,"key":"Dream Catcher"},{"floor":10,"key":"Bag of Preparation"},{"floor":13,"key":"Old Coin"},{"floor":24,"key":"Pen Nib"},{"floor":26,"key":"Omamori"},{"floor":30,"key":"Oddly Smooth Stone"},{"floor":43,"key":"Bottled Flame"},{"floor":47,"key":"Happy Flower"}],"event_choices":[{"event_name":"Shining Light","player_choice":"Entered Light","floor":6,"damage_taken":0},{"event_name":"Vampires","player_choice":"Ignored","floor":22,"damage_taken":0},{"event_name":"SensoryStone","player_choice":"Memory 1","floor":38,"damage_taken":0},{"event_name":"Transmorgrifier","player_choice":"Transform","floor":39,"damage_taken":0}],"boss_relics":[{"not_picked":["Pandora\u0027s Box","White Beast Statue"],"picked":"Mark of Pain"},{"not_picked":["Black Blood","Black Star"],"picked":"Astrolabe"}],"items_purged_floors":[3],"potions_floor_spawned":[2,7,8,11,14,18,19,36,41,46],"seed_played":"9115029923435045591","ascension_level":0,"potions_obtained":[{"floor":2,"key":"Regen Potion"},{"floor":7,"key":"GamblersBrew"},{"floor":8,"key":"SteroidPotion"},{"floor":11,"key":"Dexterity Potion"},{"floor":14,"key":"EssenceOfSteel"},{"floor":18,"key":"LiquidBronze"},{"floor":19,"key":"BloodPotion"},{"floor":36,"key":"Ancient Potion"}],"is_trial":false}