{"gold_per_floor":[111,186,196,196,212,227,257,320,320,333,18,83,83,33,33,129,129,142,142,158,176,176,176],"floor_reached":23,"playtime":1832,"items_purged":[],"score":221,"play_id":"2c229327-4f91-4aa5-809c-257a2396285b","local_time":"20190131180411","is_ascension_mode":true,"campfire_choices":[{"data":"Secret Technique","floor":13,"key":"SMITH"},{"data":"Fiend Fire","floor":15,"key":"SMITH"}],"neow_cost":"NONE","seed_source_timestamp":602815116207,"circlet_count":0,"master_deck":["Strike_R","Strike_R","Strike_R","Strike_R","Strike_R","Defend_R","Defend_R","Bash","Shrug It Off","Shrug It Off","Clash","Anger","Fiend Fire+1","Warcry","Armaments","Shrug It Off","Reckless Charge","Secret Technique+1","Armaments","Sword Boomerang","Juggernaut+1","Anger"],"relics":["Burning Blood","Mercury Hourglass","Ornamental Fan","Frozen Egg 2","Tiny Chest","Sozu","Enchiridion"],"potions_floor_usage":[12,23,23,23],"damage_taken":[{"damage":4,"enemies":"Jaw Worm","floor":1,"turns":6},{"damage":1,"enemies":"Cultist","floor":3,"turns":4},{"damage":2,"enemies":"2 Louse","floor":5,"turns":4},{"damage":6,"enemies":"Looter","floor":6,"turns":4},{"damage":12,"enemies":"Gremlin Nob","floor":7,"turns":4},{"damage":24,"enemies":"Gremlin Nob","floor":8,"turns":4},{"damage":0,"enemies":"2 Fungi Beasts","floor":10,"turns":3},{"damage":14,"enemies":"3 Sentries","floor":12,"turns":7},{"damage":34,"enemies":"Hexaghost","floor":16,"turns":11},{"damage":3,"enemies":"Spheric Guardian","floor":18,"turns":3},{"damage":19,"enemies":"2 Thieves","floor":20,"turns":4},{"damage":20,"enemies":"Shelled Parasite and Fungi","floor":21,"turns":5},{"damage":49,"enemies":"Slavers","floor":23,"turns":3}],"seed_played":"-1899298053296121185","potions_obtained":[{"floor":6,"key":"GamblersBrew"},{"floor":7,"key":"SpeedPotion"},{"floor":8,"key":"FearPotion"},{"floor":16,"key":"SpeedPotion"}],"is_trial":false,"path_per_floor":["M","?","M","?","M","M","E","?","T","M","$","E","R","?","R","B",null,"M","?","M","M","?","E"],"character_chosen":"IRONCLAD","items_purchased":["Shrug It Off","Reckless Charge","Secret Technique","Armaments"],"campfire_rested":0,"item_purchase_floors":[11,11,11,11],"current_hp_per_floor":[88,77,82,82,86,86,80,62,62,68,68,60,60,60,60,32,88,88,88,75,61,45,0],"gold":176,"neow_bonus":"TEN_PERCENT_HP_BONUS","is_prod":false,"is_daily":false,"chose_seed":false,"campfire_upgraded":2,"win_rate":0,"timestamp":1548954251,"path_taken":["M","?","M","?","M","?","E","?","T","M","$","E","R","?","R","BOSS","M","?","M","?","?","E"],"build_version":"2019-01-23","purchased_purges":0,"victory":false,"max_hp_per_floor":[88,88,88,88,88,88,88,88,88,88,88,88,88,88,88,88,88,88,88,88,88,88,88],"card_choices":[{"not_picked":["Heavy Blade","Clothesline"],"picked":"Shrug It Off","floor":1},{"not_picked":["Inflame","Second Wind"],"picked":"Shrug It Off","floor":3},{"not_picked":["Shrug It Off","Sword Boomerang"],"picked":"Clash","floor":5},{"not_picked":["Pummel","Second Wind"],"picked":"Anger","floor":6},{"not_picked":["True Grit","Sword Boomerang"],"picked":"Fiend Fire","floor":7},{"not_picked":["Carnage","Searing Blow"],"picked":"Warcry","floor":8},{"not_picked":["Sword Boomerang","Sentinel"],"picked":"Armaments","floor":10},{"not_picked":["Ghostly Armor","Wild Strike"],"picked":"Sword Boomerang","floor":12},{"not_picked":["Impervious","Offering"],"picked":"Juggernaut+1","floor":16},{"not_picked":["True Grit+1","Spot Weakness","Dual Wield"],"picked":"SKIP","floor":18},{"not_picked":["Sword Boomerang","Headbutt+1"],"picked":"Anger","floor":20},{"not_picked":["Spot Weakness","Heavy Blade","Bloodletting"],"picked":"SKIP","floor":21}],"player_experience":35290,"relics_obtained":[{"floor":7,"key":"Mercury Hourglass"},{"floor":9,"key":"Frozen Egg 2"},{"floor":12,"key":"Tiny Chest"},{"floor":22,"key":"Enchiridion"}],"event_choices":[{"damage_healed":0,"gold_gain":75,"player_choice":"Gather Gold","damage_taken":11,"max_hp_gain":0,"max_hp_loss":0,"event_name":"World of Goop","floor":2,"gold_loss":0},{"cards_removed":["Defend_R"],"damage_healed":0,"gold_gain":0,"player_choice":"Purged","damage_taken":0,"max_hp_gain":0,"max_hp_loss":0,"event_name":"Purifier","floor":4,"gold_loss":0},{"damage_healed":0,"gold_gain":0,"player_choice":"Searched \u00272\u0027 times","damage_taken":0,"relics_obtained":["Ornamental Fan"],"max_hp_gain":0,"max_hp_loss":0,"event_name":"Dead Adventurer","floor":8,"gold_loss":0},{"cards_removed":["Defend_R"],"damage_healed":0,"gold_gain":0,"player_choice":"Card Removal","damage_taken":0,"max_hp_gain":0,"max_hp_loss":0,"event_name":"The Cleric","floor":14,"gold_loss":50},{"damage_healed":0,"gold_gain":0,"player_choice":"Bought 0 Potions","damage_taken":0,"max_hp_gain":0,"max_hp_loss":0,"event_name":"The Woman in Blue","floor":19,"gold_loss":0},{"damage_healed":0,"gold_gain":0,"player_choice":"Obtained Book","damage_taken":16,"max_hp_gain":0,"max_hp_loss":0,"event_name":"Cursed Tome","floor":22,"gold_loss":0}],"is_beta":false,"boss_relics":[{"not_picked":["Lizard Tail","Snecko Eye"],"picked":"Sozu"}],"items_purged_floors":[],"is_endless":false,"potions_floor_spawned":[6,7,8,16,21],"killed_by":"Slavers","ascension_level":2}