{"path_per_floor":["M","M","M","?","?","R","M","R","T","$","M","M","E","?","R","B",null,"M","$","?","$","?","R","M","R","T","?","E","R","E","?","R","B",null,"M","$","?","?","?","R","E","M","T","?","M","R","?","E","R"],"character_chosen":"IRONCLAD","items_purchased":["Flex","Strength Potion","Metallicize"],"gold_per_floor":[111,124,137,137,137,137,153,153,180,105,129,143,174,174,174,297,297,297,225,225,154,154,154,154,154,154,154,154,154,154,104,104,104,104,104,104,104,104,104,104,104,104,104,104,104,104,104,104,104],"floor_reached":50,"campfire_rested":5,"playtime":2067,"current_hp_per_floor":[80,80,80,64,64,64,69,69,69,69,75,80,80,80,80,55,80,76,76,60,60,60,60,66,66,66,66,29,53,37,37,61,52,80,42,42,42,42,42,66,57,45,45,80,58,80,70,41,65],"items_purged":["Injury"],"gold":104,"score":663,"play_id":"a868447b-f447-44b3-bd6f-c570faaed18a","local_time":"20180310161642","is_prod":false,"is_daily":false,"is_ascension_mode":true,"campfire_upgraded":5,"timestamp":1520695002,"path_taken":["M","?","M","?","?","R","?","R","T","$","M","M","E","?","R","BOSS","M","$","?","?","?","R","M","R","T","?","E","R","E","?","R","BOSS","M","$","?","?","?","R","E","M","T","?","M","R","?","E","R","BOSS"],"build_version":"2018-03-09","purchased_purges":2,"victory":false,"master_deck":["Strike_R+1","Strike_R","Strike_R","Defend_R","Defend_R","Defend_R","Bash+1","Armaments+1","Headbutt","Twin Strike+1","Shrug It Off+1","Flex+1","Demon Form+1","Flex","Whirlwind+1","Twin Strike+1","Double Tap","Shockwave+1","Double Tap+1","Madness","Madness"],"max_hp_per_floor":[80,80,80,80,80,80,80,80,80,80,80,80,80,80,80,80,80,80,80,80,80,80,80,80,80,80,80,80,80,80,80,80,80,80,80,80,80,80,80,80,80,80,80,80,80,80,80,80,80],"relics":["Burning Blood","Orichalcum","Golden Idol","Vajra","Juzu Bracelet","Ectoplasm","Nilry\u0027s Codex","Mercury Hourglass","Dodecahedron","Self Forming Clay","Astrolabe","Bottled Lightning","Ancient Tea Set","Letter Opener"],"card_choices":[{"not_picked":["Searing Blow","Thunderclap"],"picked":"Armaments"},{"not_picked":["Havoc","Cleave"],"picked":"Headbutt"},{"not_picked":["Sword Boomerang","Anger"],"picked":"Twin Strike"},{"not_picked":["Burning Pact","True Grit"],"picked":"Shrug It Off"},{"not_picked":["Berserk","Clash"],"picked":"Flex"},{"not_picked":["Fiend Fire","Brutality"],"picked":"Demon Form"},{"not_picked":["Intimidate","Sword Boomerang"],"picked":"Whirlwind"},{"not_picked":["Havoc","Wild Strike"],"picked":"Twin Strike"},{"not_picked":["Feed","Barricade"],"picked":"Double Tap"}],"player_experience":258681,"potions_floor_usage":[7,16,16,33,41,50,50],"damage_taken":[{"damage":0,"enemies":"Cultist","floor":1,"turns":3},{"damage":6,"enemies":"Jaw Worm","floor":2,"turns":3},{"damage":0,"enemies":"Small Slimes","floor":3,"turns":3},{"damage":1,"enemies":"3 Louse","floor":7,"turns":2},{"damage":0,"enemies":"Exordium Wildlife","floor":11,"turns":3},{"damage":0,"enemies":"Red Slaver","floor":12,"turns":4},{"damage":2,"enemies":"Gremlin Nob","floor":13,"turns":3},{"damage":31,"enemies":"Hexaghost","floor":16,"turns":7},{"damage":10,"enemies":"3 Byrds","floor":18,"turns":5},{"damage":0,"enemies":"Chosen","floor":24,"turns":2},{"damage":43,"enemies":"Book of Stabbing","floor":28,"turns":5},{"damage":22,"enemies":"Gremlin Leader","floor":30,"turns":5},{"damage":15,"enemies":"Collector","floor":33,"turns":5},{"damage":44,"enemies":"3 Shapes","floor":35,"turns":3},{"damage":15,"enemies":"2 Orb Walkers","floor":41,"turns":3},{"damage":18,"enemies":"Orb Walker","floor":42,"turns":3},{"damage":28,"enemies":"4 Shapes","floor":45,"turns":1},{"damage":35,"enemies":"Giant Head","floor":48,"turns":7},{"damage":109,"enemies":"Awakened One","floor":50,"turns":6}],"event_choices":[{"event_name":"Shining Light","player_choice":"Entered Light","floor":4,"damage_taken":0},{"event_name":"Golden Idol","player_choice":"Take Wound","floor":5,"damage_taken":0},{"event_name":"Upgrade Shrine","player_choice":"Upgraded","floor":14,"damage_taken":0},{"event_name":"Cursed Tome","player_choice":"Obtained Book","floor":20,"damage_taken":0},{"event_name":"Vampires","player_choice":"Ignored","floor":22,"damage_taken":0},{"event_name":"Upgrade Shrine","player_choice":"Upgraded","floor":27,"damage_taken":0},{"event_name":"The Joust","player_choice":"Bet on Owner","floor":31,"damage_taken":0},{"event_name":"The Moai Head","player_choice":"Ignored","floor":37,"damage_taken":0},{"event_name":"Mysterious Sphere","player_choice":"Ignore","floor":38,"damage_taken":0},{"event_name":"Bonfire Elementals","player_choice":"UNCOMMON","floor":44,"damage_taken":0},{"event_name":"Winding Halls","player_choice":"Embrace Madness","floor":47,"damage_taken":0}],"boss_relics":[{"not_picked":["Tiny House","Philosopher\u0027s Stone"],"picked":"Ectoplasm"},{"not_picked":["Question Card","Runic Pyramid"],"picked":"Astrolabe"}],"potions_floor_spawned":[1,3,7,18,30,33,35,42],"seed_played":"-2192793743056091074","killed_by":"Awakened One","ascension_level":4,"is_trial":false}