{"gold_per_floor":[110,35,35,45,45,45,70,82,127,139,177,25,25,51,51,156,156,142,154,165,125,139,166,166,182,262,277,287,287,320,245,245,342,342,357,402,402,419,436,436,448,466,466,466,96,109,109,109,109,109],"floor_reached":51,"playtime":4005,"items_purged":["Strike_G","Eviscerate"],"score":1071,"play_id":"a93a4c0e-7fbd-46d5-adc1-c15570b60f8d","local_time":"20190207120643","is_ascension_mode":true,"campfire_choices":[{"data":"After Image","floor":6.0,"key":"SMITH"},{"data":"Mayhem","floor":13.0,"key":"SMITH"},{"data":"Cloak And Dagger","floor":15.0,"key":"SMITH"},{"floor":24.0,"key":"REST"},{"floor":29.0,"key":"REST"},{"floor":32.0,"key":"REST"},{"floor":40.0,"key":"REST"},{"floor":44,"key":"REST"},{"floor":49,"key":"REST"}],"neow_cost":"NONE","seed_source_timestamp":0,"circlet_count":0,"master_deck":["AscendersBane","Survivor+1","Neutralize+1","Dagger Throw+1","Neutralize+1","After Image+1","Slice+1","Backflip+1","Well Laid Plans+1","Tools of the Trade+1","Mayhem+1","Cloak And Dagger+1","Doppelganger+1","Footwork+1","Infinite Blades+1","Blur+1","Finisher+1","Outmaneuver+1","Masterful Stab+1","Die Die Die+1","Wraith Form v2+1","Choke+1","Infinite Blades+1","Dodge and Roll+1","Backstab+1","Adrenaline+1","Escape Plan+1","Sucker Punch+1","Sucker Punch+1","Acrobatics+1","PiercingWail+1","Leg Sweep+1","Backflip+1","Heel Hook+1","Acrobatics+1","Calculated Gamble+1"],"special_seed":0,"relics":["Ring of the Snake","NeowsBlessing","Snake Skull","MawBank","Potion Belt","Vajra","Fusion Hammer","Pen Nib","Paper Crane","Centennial Puzzle","Pandora\u0027s Box","The Specimen","Torii","Art of War","Mark of the Bloom"],"potions_floor_usage":[50,50,50,50],"damage_taken":[{"damage":0.0,"enemies":"Jaw Worm","floor":1.0,"turns":1.0},{"damage":0.0,"enemies":"Cultist","floor":4.0,"turns":1.0},{"damage":0.0,"enemies":"Gremlin Nob","floor":7.0,"turns":1.0},{"damage":5.0,"enemies":"Small Slimes","floor":8.0,"turns":3.0},{"damage":6.0,"enemies":"3 Sentries","floor":14.0,"turns":7.0},{"damage":16.0,"enemies":"The Guardian","floor":16.0,"turns":13.0},{"damage":12.0,"enemies":"2 Thieves","floor":18.0,"turns":4.0},{"damage":11.0,"enemies":"Chosen","floor":19.0,"turns":8.0},{"damage":12.0,"enemies":"Shelled Parasite and Fungi","floor":20.0,"turns":7.0},{"damage":4.0,"enemies":"Sentry and Sphere","floor":22.0,"turns":6.0},{"damage":0.0,"enemies":"Slavers","floor":23.0,"turns":6.0},{"damage":4.0,"enemies":"Chosen and Byrds","floor":25.0,"turns":6.0},{"damage":7.0,"enemies":"Centurion and Healer","floor":27.0,"turns":8.0},{"damage":5.0,"enemies":"Shelled Parasite and Fungi","floor":28.0,"turns":5.0},{"damage":11.0,"enemies":"Gremlin Leader","floor":30.0,"turns":9.0},{"damage":11.0,"enemies":"Champ","floor":33.0,"turns":12.0},{"damage":1.0,"enemies":"3 Darklings","floor":35.0,"turns":5.0},{"damage":14.0,"enemies":"2 Orb Walkers","floor":36.0,"turns":5.0},{"damage":2.0,"enemies":"3 Shapes","floor":38.0,"turns":4.0},{"damage":0.0,"enemies":"Maw","floor":39.0,"turns":6.0},{"damage":17.0,"enemies":"Writhing Mass","floor":41.0,"turns":5.0},{"damage":8,"enemies":"4 Shapes","floor":42,"turns":5},{"damage":1,"enemies":"Spire Growth","floor":46,"turns":4},{"damage":2,"enemies":"Awakened One","floor":50,"turns":9}],"seed_played":"3136350741801847360","potions_obtained":[{"floor":8.0,"key":"SkillPotion"},{"floor":16.0,"key":"LiquidBronze"},{"floor":19.0,"key":"LiquidBronze"},{"floor":21.0,"key":"EntropicBrew"},{"floor":21.0,"key":"SkillPotion"},{"floor":21.0,"key":"Explosive Potion"},{"floor":27.0,"key":"LiquidBronze"},{"floor":28.0,"key":"Dexterity Potion"},{"floor":30.0,"key":"Poison Potion"},{"floor":33.0,"key":"LiquidBronze"},{"floor":38.0,"key":"SteroidPotion"},{"floor":39.0,"key":"Strength Potion"}],"is_trial":false,"path_per_floor":["?","M","?","T","$","?","M","?","?","?","M","$","?"],"character_chosen":"THE_SILENT","items_purchased":["Mayhem","Art of War","Heel Hook","Acrobatics"],"campfire_rested":6,"item_purchase_floors":[12,45,45,45],"current_hp_per_floor":[63,63,63,63,63,63,63,58,58,58,58,58,58,52,52,36,62,50,39,27,27,23,38,59,55,55,48,43,64,53,53,70,59,67,66,52,52,50,50,70,53,45,45,66,66,65,65,65,65,63],"gold":109,"neow_bonus":"THREE_ENEMY_KILL","is_prod":false,"is_daily":false,"chose_seed":false,"campfire_upgraded":3,"win_rate":0,"timestamp":1549508803,"path_taken":["M","$","?","M","$","R","E","?","T","?","?","?","R","E","R","BOSS","M","M","M","?","M","E","R","?","T","M","M","R","E","?","R","BOSS","M","?","?","M","M","R","?","M","T","R","?","M","$","?","R","BOSS"],"build_version":"2019-01-23","purchased_purges":2,"victory":true,"max_hp_per_floor":[70,70,70,70,70,70,70,70,70,70,70,70,70,70,70,70,70,70,70,70,70,70,70,70,70,70,70,70,70,70,70,70,70,70,70,70,70,70,70,70,70,70,70,70,70,70,70,70,70,70],"card_choices":[{"not_picked":["Blade Dance","PiercingWail"],"picked":"Dagger Throw","floor":1.0},{"not_picked":["Acrobatics","Underhanded Strike"],"picked":"Backflip","floor":4.0},{"not_picked":["Slice","Blade Dance"],"picked":"Well Laid Plans","floor":7.0},{"not_picked":["Dash","Prepared"],"picked":"Tools of the Trade","floor":8.0},{"not_picked":["Sucker Punch","Reflex"],"picked":"Cloak And Dagger","floor":14.0},{"not_picked":["Tools of the Trade","Bullet Time"],"picked":"Doppelganger","floor":16.0},{"not_picked":["Blade Dance","Reflex"],"picked":"Footwork","floor":18.0},{"not_picked":["Backflip","Underhanded Strike"],"picked":"Infinite Blades","floor":19.0},{"not_picked":["Bane","Underhanded Strike","Deflect"],"picked":"SKIP","floor":20.0},{"not_picked":["Prepared","Flying Knee"],"picked":"Blur","floor":22.0},{"not_picked":["Choke+1","Noxious Fumes"],"picked":"Finisher","floor":23.0},{"not_picked":["Crippling Poison","Tactician"],"picked":"Outmaneuver+1","floor":25.0},{"not_picked":["Prepared","Dodge and Roll"],"picked":"Masterful Stab+1","floor":27.0},{"not_picked":["Bane","Deflect","Cloak And Dagger"],"picked":"SKIP","floor":28.0},{"not_picked":["Catalyst+1","Dagger Spray","Phantasmal Killer"],"picked":"SKIP","floor":30.0},{"not_picked":["A Thousand Cuts","Phantasmal Killer"],"picked":"Die Die Die","floor":33.0},{"not_picked":["Poisoned Stab","Dodge and Roll"],"picked":"Sucker Punch+1","floor":35.0},{"not_picked":["Endless Agony+1","Dagger Spray+1"],"picked":"Sucker Punch+1","floor":36.0},{"not_picked":["Distraction+1","Heel Hook"],"picked":"Acrobatics+1","floor":38.0},{"not_picked":["Skewer","Caltrops+1"],"picked":"PiercingWail+1","floor":39.0},{"not_picked":["Footwork+1","Dagger Throw+1"],"picked":"Leg Sweep+1","floor":41},{"not_picked":["Prepared","Choke+1"],"picked":"Backflip+1","floor":42},{"not_picked":["Poisoned Stab","Sucker Punch+1"],"picked":"Calculated Gamble","floor":46}],"player_experience":258175,"relics_obtained":[{"floor":7.0,"key":"Snake Skull"},{"floor":9.0,"key":"MawBank"},{"floor":11.0,"key":"Potion Belt"},{"floor":14.0,"key":"Vajra"},{"floor":23.0,"key":"Pen Nib"},{"floor":26.0,"key":"Paper Crane"},{"floor":30.0,"key":"Centennial Puzzle"},{"floor":36.0,"key":"The Specimen"},{"floor":43,"key":"Torii"}],"event_choices":[{"damage_healed":0.0,"max_hp_gain":0.0,"max_hp_loss":0.0,"gold_gain":0.0,"event_name":"Match and Keep!","player_choice":"3 cards matched","floor":3.0,"gold_loss":0.0,"damage_taken":0.0,"cards_obtained":["Neutralize","After Image","Slice"]},{"damage_healed":0.0,"max_hp_gain":0.0,"max_hp_loss":0.0,"gold_gain":0.0,"event_name":"Match and Keep!","player_choice":"3 cards matched","floor":3.0,"gold_loss":0.0,"damage_taken":0.0,"cards_obtained":["Neutralize","After Image","Slice"]},{"damage_healed":0.0,"max_hp_gain":0.0,"max_hp_loss":0.0,"gold_gain":0.0,"event_name":"Liars Game","player_choice":"Ignored","floor":10.0,"gold_loss":0.0,"damage_taken":0.0},{"damage_healed":0.0,"max_hp_gain":0.0,"max_hp_loss":0.0,"gold_gain":0.0,"event_name":"The Woman in Blue","player_choice":"Bought 3 Potions","floor":21.0,"gold_loss":0.0,"damage_taken":0.0},{"cards_removed":["Defend_G"],"damage_healed":0.0,"max_hp_gain":0.0,"max_hp_loss":0.0,"gold_gain":0.0,"event_name":"Beggar","player_choice":"Gave Gold","floor":31.0,"gold_loss":75.0,"damage_taken":0.0},{"damage_healed":0.0,"max_hp_gain":0.0,"max_hp_loss":0.0,"gold_gain":0.0,"event_name":"Mysterious Sphere","player_choice":"Fight","floor":36.0,"gold_loss":0.0,"damage_taken":0.0},{"damage_healed":0.0,"max_hp_gain":0.0,"max_hp_loss":0.0,"gold_gain":0.0,"event_name":"Upgrade Shrine","player_choice":"Upgraded","floor":37.0,"gold_loss":0.0,"damage_taken":0.0,"cards_upgraded":["Footwork"]},{"damage_healed":0,"gold_gain":0,"player_choice":"Upgrade","damage_taken":0,"relics_obtained":["Mark of the Bloom"],"max_hp_gain":0,"max_hp_loss":0,"event_name":"MindBloom","floor":48,"gold_loss":0,"cards_upgraded":["Survivor","Neutralize","Dagger Throw","Neutralize","Slice","Backflip","Well Laid Plans","Tools of the Trade","Doppelganger","Infinite Blades","Blur","Finisher","Die Die Die","Wraith Form v2","Choke","Infinite Blades","Dodge and Roll","Backstab","Adrenaline","Escape Plan","Heel Hook","Acrobatics","Calculated Gamble"]}],"is_beta":false,"boss_relics":[{"not_picked":["Black Star","Calling Bell"],"picked":"Fusion Hammer"},{"not_picked":["Runic Dome","Sozu"],"picked":"Pandora\u0027s Box"}],"items_purged_floors":[2,45],"is_endless":false,"potions_floor_spawned":[8,16,19,27,28,30,33,38,39,42],"ascension_level":10}