{"gold_per_floor":[118,136,153,153,167,167,197,211,211,223,239,293,41,56,56,157,157,177,177,193,210,221,256,267,287,287,299,326,344,344,378,378,474,474,485,497,517,383,702,802,816,816,816,842,856,872,872,12,12,12],"floor_reached":51,"playtime":1500,"items_purged":[],"score":1151,"play_id":"a2076ed6-4747-42de-9f1b-ce5f5227a6b1","local_time":"20180806133652","daily_mods":["Draft","Heirloom","Vintage","Hoarder"],"is_ascension_mode":false,"campfire_choices":[{"data":"Perfected Strike","floor":6,"key":"SMITH"},{"data":"Perfected Strike","floor":15,"key":"SMITH"},{"data":"Perfected Strike","floor":32,"key":"SMITH"},{"data":"Whirlwind","floor":47,"key":"SMITH"},{"floor":49,"key":"REST"}],"neow_cost":"","seed_source_timestamp":0,"circlet_count":0,"master_deck":["Perfected Strike+1","Perfected Strike+1","Perfected Strike+1","Whirlwind+1","Whirlwind","Whirlwind","Pommel Strike","Pommel Strike","Pommel Strike","Shrug It Off","Shrug It Off","Shrug It Off","Twin Strike","Twin Strike","Twin Strike","Wild Strike+1","Wild Strike","Wild Strike","Clothesline","Clothesline","Clothesline","Flex","Flex","Flex","Shockwave+1","Shockwave","Armaments+1","Armaments","Armaments","Headbutt","Headbutt","Headbutt","Pommel Strike+1","Pommel Strike+1","Pommel Strike","Battle Trance","Battle Trance","Battle Trance","Shrug It Off","Shrug It Off","Shrug It Off","Spot Weakness","Spot Weakness+1","Spot Weakness","Pummel","Pummel","Pummel","Immolate","Immolate","Immolate","Thunderclap","Thunderclap","Thunderclap","Headbutt+1","Headbutt+1","Headbutt+1","Evolve+1","Evolve+1","Evolve+1","Exhume+1","Exhume+1","Exhume+1","Flex+1","Flex+1","Flex+1","Seeing Red+1","Seeing Red+1","Seeing Red+1","Iron Wave+1","Iron Wave+1","Iron Wave+1","Intimidate+1","Intimidate+1","Intimidate+1","Shrug It Off+1","Shrug It Off+1","Shrug It Off+1","Seeing Red+1","Seeing Red+1","Seeing Red+1","Shrug It Off+1","Shrug It Off+1","Shrug It Off+1","Infernal Blade+1","Infernal Blade+1","Infernal Blade+1","Mind Blast+1","Mind Blast+1","Mind Blast+1","Blind+1","Blind+1","Blind+1","Mind Blast+1","Mind Blast+1","Mind Blast+1","Bandage Up+1","Bandage Up+1","Bandage Up+1","Flash of Steel+1","Flash of Steel+1","Flash of Steel+1","Purity+1","Purity+1","Purity+1","Trip+1","Trip+1","Trip+1","Transmutation+1","Transmutation+1","Transmutation+1","Blind+1","Blind+1","Blind+1","Deep Breath+1","Deep Breath+1","Deep Breath+1","Wild Strike+1","Wild Strike+1","Wild Strike+1","Pommel Strike+1","Pommel Strike+1","Pommel Strike+1"],"relics":["Burning Blood","StoneCalendar","Blood Vial","Turnip","Gambling Chip","Ornamental Fan","Boot","Shuriken","Nunchaku","Charon\u0027s Ashes","Letter Opener","Toxic Egg 2","Ginger","Paper Frog","Busted Crown","Smiling Mask","Potion Belt","Frozen Egg 2","Self Forming Clay","Question Card","Prayer Wheel","Sundial","Bottled Flame","Lantern","Juzu Bracelet","Art of War","Vajra","Bag of Preparation","Orrery","Red Skull","Strawberry","Dream Catcher","Old Coin","Molten Egg 2","Gremlin Horn","The Courier","War Paint","Kunai","Whetstone"],"potions_floor_usage":[31,37,50],"damage_taken":[{"damage":10,"enemies":"Small Slimes","floor":1,"turns":2},{"damage":0,"enemies":"Cultist","floor":2,"turns":2},{"damage":5,"enemies":"2 Louse","floor":3,"turns":2},{"damage":5,"enemies":"Blue Slaver","floor":5,"turns":2},{"damage":7,"enemies":"3 Sentries","floor":7,"turns":4},{"damage":7,"enemies":"Exordium Thugs","floor":8,"turns":2},{"damage":10,"enemies":"Looter","floor":10,"turns":2},{"damage":7,"enemies":"Blue Slaver","floor":11,"turns":2},{"damage":1,"enemies":"2 Fungi Beasts","floor":14,"turns":2},{"damage":26,"enemies":"Hexaghost","floor":16,"turns":6},{"damage":16,"enemies":"2 Thieves","floor":18,"turns":2},{"damage":0,"enemies":"Spheric Guardian","floor":20,"turns":1},{"damage":15,"enemies":"Centurion and Healer","floor":21,"turns":2},{"damage":6,"enemies":"Chosen and Byrds","floor":22,"turns":2},{"damage":9,"enemies":"Gremlin Leader","floor":23,"turns":2},{"damage":0,"enemies":"Sentry and Sphere","floor":24,"turns":3},{"damage":10,"enemies":"Slaver and Parasite","floor":25,"turns":3},{"damage":6,"enemies":"Centurion and Healer","floor":27,"turns":2},{"damage":5,"enemies":"Slavers","floor":28,"turns":3},{"damage":0,"enemies":"Snake Plant","floor":29,"turns":1},{"damage":9,"enemies":"Gremlin Leader","floor":31,"turns":2},{"damage":3,"enemies":"Collector","floor":33,"turns":5},{"damage":1,"enemies":"3 Darklings","floor":35,"turns":2},{"damage":0,"enemies":"Flame Bruiser 1 Orb","floor":36,"turns":1},{"damage":0,"enemies":"Maw","floor":37,"turns":2},{"damage":11,"enemies":"Transient","floor":39,"turns":5},{"damage":0,"enemies":"Sphere and 2 Shapes","floor":41,"turns":2},{"damage":6,"enemies":"2 Orb Walkers","floor":44,"turns":2},{"damage":0,"enemies":"Maw","floor":45,"turns":3},{"damage":3,"enemies":"4 Shapes","floor":46,"turns":1},{"damage":0,"enemies":"Time Eater","floor":50,"turns":1}],"seed_played":"-7890723866131442474","potions_obtained":[{"floor":2,"key":"Ancient Potion"},{"floor":3,"key":"FairyPotion"},{"floor":7,"key":"EssenceOfSteel"},{"floor":23,"key":"LiquidBronze"},{"floor":28,"key":"GamblersBrew"},{"floor":29,"key":"Fire Potion"},{"floor":33,"key":"FearPotion"},{"floor":37,"key":"AttackPotion"}],"is_trial":true,"path_per_floor":["M","M","M","?","M","R","E","M","T","M","M","?","$","M","R","B",null,"M","$","M","M","M","E","M","M","T","M","E","M","?","E","R","B",null,"M","M","M","$","M","?","M","?","T","E","M","M","R","$","R","B"],"character_chosen":"IRONCLAD","items_purchased":["Toxic Egg 2","Seeing Red+1","Shrug It Off+1","Mind Blast+1","Blind+1","Mind Blast+1","Bandage Up+1","Flash of Steel+1","Purity+1","Trip+1","Transmutation+1","Blind+1","Deep Breath+1","Wild Strike+1"],"campfire_rested":1,"item_purchase_floors":[13,38,38,48,48,48,48,48,48,48,48,48,48,48],"current_hp_per_floor":[76,80,80,64,67,67,68,69,69,67,68,68,68,75,75,57,80,70,70,78,71,73,72,80,76,76,78,80,80,80,77,77,80,80,80,87,87,87,82,82,87,87,87,87,87,87,87,87,87,87],"gold":12,"neow_bonus":"","is_prod":false,"is_daily":false,"chose_seed":false,"campfire_upgraded":4,"win_rate":0,"timestamp":1533555412,"path_taken":["M","M","M","?","M","R","E","M","T","M","M","?","$","M","R","BOSS","M","$","M","M","M","E","M","M","T","M","E","M","?","E","R","BOSS","M","M","M","$","M","?","M","?","T","E","M","M","R","?","R","BOSS"],"build_version":"2018-08-02","purchased_purges":0,"victory":true,"max_hp_per_floor":[80,80,80,80,80,80,80,80,80,80,80,80,80,80,80,80,80,80,80,80,80,80,80,80,80,80,80,80,80,80,80,80,80,80,80,87,87,87,87,87,87,87,87,87,87,87,87,87,87,87],"card_choices":[{"not_picked":["Clash","True Grit"],"picked":"Perfected Strike","floor":0},{"not_picked":["Wild Strike","Evolve"],"picked":"Whirlwind","floor":0},{"not_picked":["Warcry","Thunderclap"],"picked":"Pommel Strike","floor":0},{"not_picked":["Pummel","True Grit"],"picked":"Shrug It Off","floor":0},{"not_picked":["Thunderclap","Perfected Strike"],"picked":"Twin Strike","floor":0},{"not_picked":["Heavy Blade","Infernal Blade"],"picked":"Wild Strike","floor":0},{"not_picked":["Clash","Flex"],"picked":"Clothesline","floor":0},{"not_picked":["Body Slam","Bloodletting"],"picked":"Flex","floor":0},{"not_picked":["Blood for Blood","Hemokinesis"],"picked":"Shockwave","floor":0},{"not_picked":["Fire Breathing","Cleave"],"picked":"Armaments","floor":0},{"not_picked":["Warcry","Havoc"],"picked":"Headbutt","floor":0},{"not_picked":["Headbutt","Blood for Blood"],"picked":"Pommel Strike","floor":0},{"not_picked":["Carnage","Hemokinesis"],"picked":"Battle Trance","floor":0},{"not_picked":["Headbutt","Havoc"],"picked":"Shrug It Off","floor":0},{"not_picked":["Pommel Strike","Metallicize"],"picked":"Spot Weakness","floor":0},{"not_picked":["Disarm","Anger"],"picked":"Pummel","floor":7},{"not_picked":["Fiend Fire","Demon Form"],"picked":"Immolate","floor":16},{"not_picked":[],"picked":"Thunderclap","floor":23},{"not_picked":["Clash"],"picked":"Headbutt+1","floor":28},{"not_picked":["Shrug It Off+1"],"picked":"Evolve+1","floor":31},{"not_picked":["Brutality+1"],"picked":"Exhume+1","floor":33},{"not_picked":["Rage+1"],"picked":"Flex+1","floor":34},{"not_picked":["Clash"],"picked":"Seeing Red+1","floor":34},{"not_picked":["Cleave"],"picked":"Iron Wave+1","floor":34},{"not_picked":["Cleave"],"picked":"Intimidate+1","floor":34},{"not_picked":["Entrench+1"],"picked":"Shrug It Off+1","floor":34},{"not_picked":["Ghostly Armor+1"],"picked":"Infernal Blade+1","floor":44},{"not_picked":["Cleave+1"],"picked":"Pommel Strike+1","floor":49}],"player_experience":1271332,"relics_obtained":[{"floor":1,"key":"Blood Vial"},{"floor":2,"key":"Turnip"},{"floor":3,"key":"Gambling Chip"},{"floor":5,"key":"Ornamental Fan"},{"floor":7,"key":"Boot"},{"floor":8,"key":"Shuriken"},{"floor":9,"key":"Nunchaku"},{"floor":10,"key":"Charon\u0027s Ashes"},{"floor":11,"key":"Letter Opener"},{"floor":14,"key":"Ginger"},{"floor":16,"key":"Paper Frog"},{"floor":18,"key":"Smiling Mask"},{"floor":20,"key":"Potion Belt"},{"floor":21,"key":"Frozen Egg 2"},{"floor":22,"key":"Self Forming Clay"},{"floor":23,"key":"Question Card"},{"floor":24,"key":"Prayer Wheel"},{"floor":25,"key":"Sundial"},{"floor":26,"key":"Bottled Flame"},{"floor":27,"key":"Lantern"},{"floor":28,"key":"Juzu Bracelet"},{"floor":29,"key":"Art of War"},{"floor":31,"key":"Vajra"},{"floor":33,"key":"Bag of Preparation"},{"floor":35,"key":"Red Skull"},{"floor":36,"key":"Strawberry"},{"floor":37,"key":"Dream Catcher"},{"floor":39,"key":"Old Coin"},{"floor":41,"key":"Molten Egg 2"},{"floor":43,"key":"The Courier"},{"floor":44,"key":"War Paint"},{"floor":45,"key":"Kunai"},{"floor":46,"key":"Whetstone"}],"event_choices":[{"event_name":"Shining Light","player_choice":"Entered Light","floor":4,"damage_taken":0},{"event_name":"Golden Wing","player_choice":"Gained Gold","floor":12,"damage_taken":0},{"event_name":"Back to Basics","player_choice":"Simplicity","floor":30,"damage_taken":0},{"event_name":"Golden Shrine","player_choice":"Pray","floor":40,"damage_taken":0},{"event_name":"WeMeetAgain","player_choice":"Card","floor":42,"damage_taken":0}],"is_beta":false,"boss_relics":[{"not_picked":["Runic Cube","Mark of Pain"],"picked":"Busted Crown"},{"not_picked":["Tiny House","Fusion Hammer"],"picked":"Orrery"}],"items_purged_floors":[],"is_endless":false,"potions_floor_spawned":[2,3,7,11,16,18,23,28,29,33,35,37,44],"ascension_level":0}