{"gold_per_floor":[115,115,125,143,88,88,108,123,150,150,150,212,133,133,133,133],"floor_reached":16,"playtime":376,"items_purged":[],"score":200,"play_id":"b9ae22de-e161-4e13-94d4-d11a943b7a93","local_time":"20181112155815","is_ascension_mode":true,"campfire_choices":[{"data":"Bash","floor":6,"key":"SMITH"},{"data":"True Grit","floor":10,"key":"SMITH"},{"floor":15,"key":"REST"}],"neow_cost":"NONE","seed_source_timestamp":4260254851008000,"circlet_count":0,"master_deck":["AscendersBane","Strike_R","Strike_R","Strike_R","Strike_R","Strike_R","Defend_R","Defend_R","Defend_R","Bash+1","Iron Wave","Twin Strike","True Grit+1","Cleave","Shrug It Off","Reckless Charge"],"relics":["Burning Blood","NeowsBlessing","Happy Flower","Lantern","Tiny Chest","FaceOfCleric"],"potions_floor_usage":[12,16],"damage_taken":[{"damage":0,"enemies":"2 Louse","floor":1,"turns":2},{"damage":0,"enemies":"Small Slimes","floor":3,"turns":1},{"damage":0,"enemies":"Jaw Worm","floor":4,"turns":1},{"damage":21,"enemies":"3 Louse","floor":7,"turns":2},{"damage":30,"enemies":"Exordium Thugs","floor":8,"turns":5},{"damage":12,"enemies":"3 Sentries","floor":12,"turns":9},{"damage":51,"enemies":"Hexaghost","floor":16,"turns":9}],"seed_played":"6540925072471286300","potions_obtained":[{"floor":3,"key":"AttackPotion"}],"is_trial":false,"path_per_floor":["M","?","M","M","$","R","M","M","T","R","?","E","$","?","R","B"],"character_chosen":"IRONCLAD","items_purchased":["Cleave","LiquidBronze"],"campfire_rested":1,"item_purchase_floors":[5,13],"current_hp_per_floor":[74,67,73,75,75,75,60,36,36,36,31,25,25,25,47,0],"gold":133,"neow_bonus":"THREE_ENEMY_KILL","is_prod":false,"is_daily":false,"chose_seed":false,"campfire_upgraded":2,"win_rate":0,"timestamp":1542034695,"path_taken":["M","?","M","M","$","R","M","M","T","R","?","E","?","?","R","BOSS"],"build_version":"2018-11-08","purchased_purges":0,"victory":false,"max_hp_per_floor":[75,75,75,75,75,75,75,75,75,75,75,75,75,75,75,75],"card_choices":[{"not_picked":["Perfected Strike","Clash"],"picked":"Iron Wave","floor":1},{"not_picked":["Warcry","Burning Pact"],"picked":"Twin Strike","floor":3},{"not_picked":["Armaments","Reaper"],"picked":"True Grit","floor":4},{"not_picked":["Pommel Strike","Fire Breathing"],"picked":"Shrug It Off","floor":7},{"not_picked":["Combust","Disarm"],"picked":"Reckless Charge","floor":8},{"not_picked":["Havoc","Clash","Bloodletting"],"picked":"SKIP","floor":12}],"player_experience":1684447,"relics_obtained":[{"floor":9,"key":"Happy Flower"},{"floor":12,"key":"Tiny Chest"}],"event_choices":[{"cards_removed":["Defend_R"],"damage_healed":0,"gold_gain":0,"player_choice":"Card Removal","damage_taken":7,"max_hp_gain":0,"max_hp_loss":0,"event_name":"Golden Wing","floor":2,"gold_loss":0},{"damage_healed":0,"gold_gain":0,"player_choice":"Success","damage_taken":5,"relics_obtained":["Lantern"],"max_hp_gain":0,"max_hp_loss":0,"event_name":"Scrap Ooze","floor":11,"gold_loss":0},{"damage_healed":0,"gold_gain":0,"player_choice":"Trade","damage_taken":0,"relics_obtained":["FaceOfCleric"],"max_hp_gain":0,"max_hp_loss":0,"event_name":"FaceTrader","floor":14,"gold_loss":0}],"is_beta":false,"boss_relics":[],"items_purged_floors":[],"is_endless":false,"potions_floor_spawned":[3],"killed_by":"Hexaghost","ascension_level":20}