{"gold_per_floor":[116,134,209,209,220,220,248,248,297,316,316,344,368,388,388,490,490,503,518,534,23,23,23,52,52,52,85,85,101,1,26,26,124,124,139,139,157,172,183,211,229,254,254,281,43,43,43,63,63,63],"floor_reached":50,"playtime":2162,"items_purged":["Strike_R","Strike_R"],"score":680,"play_id":"ce0ae795-e6f2-46f7-b3ae-dbf2a6cf67c4","local_time":"20190211033509","is_ascension_mode":true,"campfire_choices":[{"data":"Bash","floor":6,"key":"SMITH"},{"data":"Pommel Strike","floor":8,"key":"SMITH"},{"data":"Thunderclap","floor":11,"key":"SMITH"},{"data":"Armaments","floor":15,"key":"SMITH"},{"data":"Infernal Blade","floor":23,"key":"SMITH"},{"data":"Armaments","floor":28,"key":"SMITH"},{"floor":32,"key":"RECALL"},{"data":"Pommel Strike","floor":49,"key":"SMITH"}],"neow_cost":"NONE","seed_source_timestamp":274429188257847,"circlet_count":0,"master_deck":["Strike_R","Strike_R","Defend_R","Defend_R","Defend_R","Defend_R","Bash+1","Anger","Pommel Strike+1","Thunderclap+1","Feed","Flex","Armaments+1","Thunderclap","Bludgeon","Uppercut","Infernal Blade+1","Wild Strike+1","Flex","Armaments+1","Clumsy","Headbutt+1","Pommel Strike+1","Juggernaut","Reckless Charge+1","Body Slam+1","Thunderclap+1","Headbutt+1","Ghostly Armor+1","Power Through+1","Doubt","Fire Breathing+1","Regret","Iron Wave"],"relics":["Burning Blood","Orichalcum","Mercury Hourglass","Strawberry","Cursed Key","Sundial","Anchor","Gremlin Horn","Bronze Scales","Mummified Hand","Bag of Marbles","Coffee Dripper","Red Skull","The Courier","Paper Frog","Blue Candle","Oddly Smooth Stone","Bag of Preparation","Boot"],"potions_floor_usage":[7,19,24,33,33,39,39,42,50,50,50],"damage_taken":[{"damage":0,"enemies":"Small Slimes","floor":1,"turns":3},{"damage":6,"enemies":"Jaw Worm","floor":2,"turns":3},{"damage":1,"enemies":"Cultist","floor":5,"turns":4},{"damage":16,"enemies":"Gremlin Nob","floor":7,"turns":4},{"damage":11,"enemies":"Exordium Thugs","floor":10,"turns":4},{"damage":23,"enemies":"3 Sentries","floor":12,"turns":7},{"damage":0,"enemies":"Gremlin Gang","floor":14,"turns":3},{"damage":5,"enemies":"Slime Boss","floor":16,"turns":7},{"damage":9,"enemies":"3 Byrds","floor":18,"turns":4},{"damage":4,"enemies":"2 Thieves","floor":19,"turns":3},{"damage":18,"enemies":"Sentry and Sphere","floor":20,"turns":4},{"damage":15,"enemies":"Slavers","floor":24,"turns":4},{"damage":23,"enemies":"Gremlin Leader","floor":27,"turns":5},{"damage":0,"enemies":"Cultist and Chosen","floor":29,"turns":4},{"damage":9,"enemies":"Slavers","floor":31,"turns":3},{"damage":73,"enemies":"Champ","floor":33,"turns":10},{"damage":0,"enemies":"Orb Walker","floor":35,"turns":2},{"damage":9,"enemies":"3 Darklings","floor":37,"turns":3},{"damage":0,"enemies":"Jaw Worm Horde","floor":38,"turns":2},{"damage":34,"enemies":"Writhing Mass","floor":39,"turns":5},{"damage":25,"enemies":"Reptomancer","floor":40,"turns":4},{"damage":0,"enemies":"Spire Growth","floor":41,"turns":4},{"damage":74,"enemies":"Giant Head","floor":42,"turns":8},{"damage":9,"enemies":"Reptomancer","floor":44,"turns":3},{"damage":1,"enemies":"Jaw Worm Horde","floor":48,"turns":1},{"damage":31,"enemies":"Awakened One","floor":50,"turns":4}],"seed_played":"-8685207726517526773","potions_obtained":[{"floor":5,"key":"Poison Potion"},{"floor":7,"key":"Dexterity Potion"},{"floor":12,"key":"Strength Potion"},{"floor":18,"key":"PowerPotion"},{"floor":27,"key":"SkillPotion"},{"floor":31,"key":"Weak Potion"},{"floor":33,"key":"EntropicBrew"},{"floor":35,"key":"Weak Potion"},{"floor":36,"key":"FairyPotion"},{"floor":42,"key":"Ancient Potion"},{"floor":44,"key":"EssenceOfSteel"}],"is_trial":false,"path_per_floor":["M","M","?","?","M","R","E","R","T","M","R","E","T","M","R","B",null,"M","M","M","$","?","R","E","?","T","E","R","M","$","E","R","B",null,"M","?","M","M","M","E","M","E","T","E","$","?","T","M","R","B"],"character_chosen":"IRONCLAD","items_purchased":["Sundial","Anchor","Flex","Oddly Smooth Stone","Bag of Preparation"],"campfire_rested":0,"item_purchase_floors":[21,21,21,45,45],"current_hp_per_floor":[88,88,77,77,82,82,72,72,72,67,67,53,60,70,70,75,106,106,108,96,96,96,96,90,90,90,73,73,79,79,76,76,9,112,112,112,109,112,87,68,74,17,17,14,14,14,14,23,23,0],"gold":63,"neow_bonus":"TEN_PERCENT_HP_BONUS","is_prod":false,"is_daily":false,"chose_seed":false,"campfire_upgraded":7,"win_rate":0,"timestamp":1549852509,"path_taken":["M","M","?","?","?","R","E","R","T","M","R","E","?","M","R","BOSS","M","M","?","$","?","R","E","?","T","E","R","M","$","E","R","BOSS","M","?","?","?","M","E","?","E","T","E","?","?","?","M","R","BOSS"],"build_version":"2019-01-23","purchased_purges":2,"victory":false,"max_hp_per_floor":[88,88,88,88,88,88,88,88,88,88,88,91,98,102,102,106,106,109,109,109,109,109,109,112,112,112,112,112,112,112,112,112,112,112,112,112,112,112,115,115,115,115,115,115,115,115,115,119,119,119],"card_choices":[{"not_picked":["Headbutt","Pummel"],"picked":"Anger","floor":1},{"not_picked":["Anger","Perfected Strike"],"picked":"Pommel Strike","floor":2},{"not_picked":["Twin Strike","Feel No Pain"],"picked":"Thunderclap","floor":5},{"not_picked":["Pommel Strike","Heavy Blade"],"picked":"Feed","floor":7},{"not_picked":["Perfected Strike","Evolve"],"picked":"Flex","floor":10},{"not_picked":["Flex","Perfected Strike"],"picked":"Armaments","floor":12},{"not_picked":["Twin Strike","Bludgeon"],"picked":"Thunderclap","floor":14},{"not_picked":["Berserk","Exhume"],"picked":"Bludgeon","floor":16},{"not_picked":["Combust","Wild Strike"],"picked":"Uppercut","floor":18},{"not_picked":["Armaments","Sword Boomerang"],"picked":"Infernal Blade","floor":19},{"not_picked":["True Grit","Power Through"],"picked":"Wild Strike+1","floor":20},{"not_picked":["Reaper","Feel No Pain"],"picked":"Armaments","floor":24},{"not_picked":["True Grit","Feel No Pain","Havoc"],"picked":"SKIP","floor":27},{"not_picked":["Perfected Strike","Body Slam"],"picked":"Headbutt+1","floor":29},{"not_picked":["Entrench","Thunderclap"],"picked":"Pommel Strike","floor":31},{"not_picked":["Offering","Immolate"],"picked":"Juggernaut","floor":33},{"not_picked":["Clash","Havoc"],"picked":"Reckless Charge+1","floor":35},{"not_picked":["Headbutt","Sword Boomerang+1"],"picked":"Body Slam+1","floor":37},{"not_picked":["Perfected Strike","Warcry+1"],"picked":"Thunderclap+1","floor":38},{"not_picked":["Battle Trance","Limit Break"],"picked":"Headbutt+1","floor":39},{"not_picked":["Perfected Strike+1","Body Slam+1"],"picked":"Ghostly Armor+1","floor":40},{"not_picked":["Twin Strike","Warcry","Pommel Strike"],"picked":"SKIP","floor":41},{"not_picked":["Shrug It Off","Clash+1"],"picked":"Power Through+1","floor":42},{"not_picked":["Immolate","Dual Wield+1"],"picked":"Fire Breathing+1","floor":44},{"not_picked":["Combust","Heavy Blade+1"],"picked":"Iron Wave","floor":48}],"player_experience":154697,"relics_obtained":[{"floor":7,"key":"Orichalcum"},{"floor":12,"key":"Mercury Hourglass"},{"floor":13,"key":"Strawberry"},{"floor":24,"key":"Gremlin Horn"},{"floor":26,"key":"Bronze Scales"},{"floor":27,"key":"Mummified Hand"},{"floor":31,"key":"Bag of Marbles"},{"floor":40,"key":"Red Skull"},{"floor":42,"key":"The Courier"},{"floor":43,"key":"Paper Frog"},{"floor":44,"key":"Blue Candle"},{"floor":47,"key":"Boot"}],"event_choices":[{"damage_healed":0,"gold_gain":75,"player_choice":"Gather Gold","damage_taken":11,"max_hp_gain":0,"max_hp_loss":0,"event_name":"World of Goop","floor":3,"gold_loss":0},{"damage_healed":0,"gold_gain":0,"player_choice":"Ignored","damage_taken":0,"max_hp_gain":0,"max_hp_loss":0,"event_name":"NoteForYourself","floor":4,"gold_loss":0},{"damage_healed":0,"gold_gain":0,"player_choice":"Ignored","damage_taken":0,"max_hp_gain":0,"max_hp_loss":0,"event_name":"Beggar","floor":22,"gold_loss":0},{"cards_removed":["Strike_R"],"damage_healed":0,"gold_gain":0,"player_choice":"Elegance","damage_taken":0,"max_hp_gain":0,"max_hp_loss":0,"event_name":"Back to Basics","floor":25,"gold_loss":0},{"damage_healed":0,"gold_gain":0,"player_choice":"Got Potions","damage_taken":0,"max_hp_gain":0,"max_hp_loss":0,"event_name":"Lab","floor":36,"gold_loss":0},{"damage_healed":0,"gold_gain":0,"player_choice":"Ignored","damage_taken":0,"max_hp_gain":0,"max_hp_loss":0,"event_name":"Mysterious Sphere","floor":46,"gold_loss":0}],"is_beta":false,"boss_relics":[{"not_picked":["Lizard Tail","Tiny House"],"picked":"Cursed Key"},{"not_picked":["Velvet Choker","Runic Pyramid"],"picked":"Coffee Dripper"}],"items_purged_floors":[21,30],"is_endless":false,"potions_floor_spawned":[5,7,12,18,27,31,33,35,38,42,44],"killed_by":"Awakened One","ascension_level":1}