{"gold_per_floor":[119,130,149,149,149,485,485,519,589,589,607,625,305,340,340,465,465,453,453,97,116,139,178,0,0,24,71,83,111,123,135,147,288,300,333,363,375,401,431,443,455,55,55,68,109,209,209,230,230,230],"floor_reached":51,"playtime":8371,"items_purged":["Defend_G","Strike_G","Strike_G","Strike_G"],"score":1027,"play_id":"69c1d7d5-7b52-488a-a7ff-0a285d715c27","local_time":"20190129143926","is_ascension_mode":true,"campfire_choices":[{"floor":7.0,"key":"REST"},{"floor":10.0,"key":"REST"},{"data":"Dodge and Roll","floor":15.0,"key":"SMITH"},{"floor":25.0,"key":"REST"},{"data":"Calculated Gamble","floor":28.0,"key":"SMITH"},{"data":"Dodge and Roll","floor":30.0,"key":"SMITH"},{"data":"All Out Attack","floor":32.0,"key":"SMITH"},{"data":"Eviscerate","floor":40,"key":"SMITH"},{"data":"Footwork","floor":47,"key":"SMITH"},{"data":"Caltrops","floor":49,"key":"SMITH"}],"neow_cost":"PERCENT_DAMAGE","seed_source_timestamp":0,"circlet_count":0,"master_deck":["Defend_G","Defend_G","Strike_G","Strike_G","Survivor","Neutralize+1","Predator+1","Sucker Punch","PiercingWail","Flying Knee","Dodge and Roll+1","Dodge and Roll+1","Infinite Blades","Acrobatics","Escape Plan","Unload","Blur","Poisoned Stab+1","Calculated Gamble+1","Escape Plan+1","Deflect","Tools of the Trade","Outmaneuver+1","All Out Attack+1","Escape Plan","Malaise","Calculated Gamble+1","Tactician+1","Eviscerate+1","Eviscerate+1","Footwork+1","Metamorphosis","Caltrops+1"],"special_seed":0,"relics":["Ring of the Snake","FossilizedHelix","Golden Idol","CultistMask","Old Coin","Snake Skull","Bottled Lightning","ClockworkSouvenir","WingedGreaves","Runic Pyramid","Ornamental Fan","Calipers","MawBank","PreservedInsect","Sozu","Sundial","Gremlin Horn"],"potions_floor_usage":[45,50],"damage_taken":[{"damage":0.0,"enemies":"Small Slimes","floor":1.0,"turns":3.0},{"damage":0.0,"enemies":"Cultist","floor":2.0,"turns":4.0},{"damage":0.0,"enemies":"2 Louse","floor":3.0,"turns":2.0},{"damage":16.0,"enemies":"Lagavulin","floor":6.0,"turns":10.0},{"damage":13.0,"enemies":"3 Sentries","floor":8.0,"turns":10.0},{"damage":5.0,"enemies":"Gremlin Gang","floor":11.0,"turns":4.0},{"damage":0.0,"enemies":"3 Louse","floor":12.0,"turns":4.0},{"damage":1.0,"enemies":"Gremlin Nob","floor":14.0,"turns":4.0},{"damage":0.0,"enemies":"Hexaghost","floor":16.0,"turns":16.0},{"damage":4.0,"enemies":"2 Thieves","floor":18.0,"turns":4.0},{"damage":4.0,"enemies":"Spheric Guardian","floor":21.0,"turns":10.0},{"damage":4.0,"enemies":"Shelled Parasite and Fungi","floor":22.0,"turns":6.0},{"damage":20.0,"enemies":"Gremlin Leader","floor":23.0,"turns":9.0},{"damage":0.0,"enemies":"Slavers","floor":27.0,"turns":9.0},{"damage":14.0,"enemies":"Snake Plant","floor":29.0,"turns":8.0},{"damage":0.0,"enemies":"Automaton","floor":33.0,"turns":15.0},{"damage":0.0,"enemies":"Orb Walker","floor":35.0,"turns":4.0},{"damage":0.0,"enemies":"3 Shapes","floor":36.0,"turns":7.0},{"damage":0,"enemies":"Writhing Mass","floor":38,"turns":8},{"damage":5,"enemies":"4 Shapes","floor":39,"turns":7},{"damage":0,"enemies":"Spire Growth","floor":44,"turns":5},{"damage":0,"enemies":"Nemesis","floor":45,"turns":7},{"damage":6,"enemies":"Sphere and 2 Shapes","floor":48,"turns":6},{"damage":30,"enemies":"Time Eater","floor":50,"turns":13}],"seed_played":"-7870075298131188252","potions_obtained":[{"floor":3.0,"key":"Dexterity Potion"},{"floor":8.0,"key":"LiquidBronze"},{"floor":11.0,"key":"GamblersBrew"},{"floor":12.0,"key":"Weak Potion"},{"floor":14.0,"key":"SpeedPotion"},{"floor":18.0,"key":"FearPotion"},{"floor":22.0,"key":"EntropicBrew"},{"floor":27.0,"key":"SpeedPotion"},{"floor":29.0,"key":"Ancient Potion"},{"floor":33.0,"key":"SteroidPotion"}],"is_trial":false,"path_per_floor":["?","?","M","?","M","?","?","M","?","M","?"],"character_chosen":"THE_SILENT","items_purchased":["ClockworkSouvenir","Acrobatics","Ornamental Fan","Deflect","Footwork","Metamorphosis"],"campfire_rested":3,"item_purchase_floors":[13,13,20,24,42,42],"current_hp_per_floor":[49,49,49,32,32,16,37,24,24,45,40,40,40,39,39,39,70,66,66,66,62,58,38,38,59,59,59,59,45,45,45,45,45,70,70,70,70,70,65,65,65,65,65,65,65,65,65,59,59,29],"gold":230,"neow_bonus":"ONE_RARE_RELIC","is_prod":false,"is_daily":false,"chose_seed":false,"campfire_upgraded":7,"win_rate":0,"timestamp":1548740366,"path_taken":["M","M","M","?","?","E","R","E","T","R","M","?","$","E","R","BOSS","M","?","$","M","M","E","$","R","T","E","R","?","R","?","R","BOSS","M","M","?","?","M","R","?","$","T","?","E","?","R","M","R","BOSS"],"build_version":"2019-01-23","purchased_purges":4,"victory":true,"max_hp_per_floor":[70,70,70,70,70,70,70,70,70,70,70,70,70,70,70,70,70,70,70,70,70,70,70,70,70,70,70,70,70,70,70,70,70,70,70,70,70,70,70,70,70,70,70,70,70,70,70,70,70,70],"card_choices":[{"not_picked":["Sucker Punch","Dodge and Roll"],"picked":"Predator","floor":1.0},{"not_picked":["Quick Slash","Bane"],"picked":"Sucker Punch","floor":2.0},{"not_picked":["Dagger Spray","Expertise"],"picked":"PiercingWail","floor":3.0},{"not_picked":["Endless Agony","Night Terror"],"picked":"Flying Knee","floor":6.0},{"not_picked":["Distraction","Setup"],"picked":"Dodge and Roll","floor":8.0},{"not_picked":["Endless Agony","Blade Dance"],"picked":"Dodge and Roll","floor":11.0},{"not_picked":["Accuracy","Reflex"],"picked":"Infinite Blades","floor":12.0},{"not_picked":["Masterful Stab","Eviscerate"],"picked":"Escape Plan","floor":14.0},{"not_picked":["Night Terror","Corpse Explosion"],"picked":"Unload","floor":16.0},{"not_picked":["Bane","Infinite Blades"],"picked":"Blur","floor":18.0},{"not_picked":["Quick Slash","Deadly Poison"],"picked":"Poisoned Stab+1","floor":21.0},{"not_picked":["Dodge and Roll","Leg Sweep"],"picked":"Calculated Gamble","floor":22.0},{"not_picked":["Choke","Reflex"],"picked":"Escape Plan+1","floor":23.0},{"not_picked":["Acrobatics","Glass Knife"],"picked":"Tools of the Trade","floor":27.0},{"not_picked":["Dagger Spray","Dodge and Roll"],"picked":"Outmaneuver+1","floor":29.0},{"not_picked":["Doppelganger","Unload"],"picked":"Malaise","floor":33.0},{"not_picked":["Outmaneuver+1","Infinite Blades"],"picked":"Calculated Gamble+1","floor":35.0},{"not_picked":["Crippling Poison","Bane+1","Dodge and Roll"],"picked":"SKIP","floor":36.0},{"not_picked":["Predator+1","Slice"],"picked":"Tactician+1","floor":38},{"not_picked":["Dodge and Roll+1","Blade Dance"],"picked":"Eviscerate","floor":39},{"not_picked":["Phantasmal Killer","Acrobatics+1","Dagger Spray+1"],"picked":"SKIP","floor":44},{"not_picked":["Outmaneuver","Deadly Poison","Cloak And Dagger"],"picked":"SKIP","floor":45},{"not_picked":["Underhanded Strike","PiercingWail+1"],"picked":"Caltrops","floor":48}],"player_experience":87224,"relics_obtained":[{"floor":6.0,"key":"Old Coin"},{"floor":8.0,"key":"Snake Skull"},{"floor":9.0,"key":"Bottled Lightning"},{"floor":14.0,"key":"WingedGreaves"},{"floor":23.0,"key":"Calipers"},{"floor":26.0,"key":"MawBank"},{"floor":27.0,"key":"PreservedInsect"},{"floor":43,"key":"Sundial"},{"floor":45,"key":"Gremlin Horn"}],"event_choices":[{"damage_healed":0.0,"max_hp_gain":0.0,"max_hp_loss":0.0,"gold_gain":0.0,"event_name":"Golden Idol","player_choice":"Take Damage","floor":4.0,"gold_loss":0.0,"damage_taken":17.0,"relics_obtained":["Golden Idol"]},{"damage_healed":0.0,"max_hp_gain":0.0,"max_hp_loss":0.0,"gold_gain":0.0,"event_name":"FaceTrader","player_choice":"Trade","floor":5.0,"gold_loss":0.0,"damage_taken":0.0,"relics_obtained":["CultistMask"]},{"damage_healed":0.0,"max_hp_gain":0.0,"max_hp_loss":0.0,"gold_gain":0.0,"event_name":"Accursed Blacksmith","player_choice":"Forge","floor":19.0,"gold_loss":0.0,"damage_taken":0.0,"cards_upgraded":["Neutralize"]},{"damage_healed":0.0,"max_hp_gain":0.0,"max_hp_loss":0.0,"gold_gain":0.0,"cards_transformed":["Defend_G","Defend_G"],"event_name":"Drug Dealer","player_choice":"Became Test Subject","floor":31.0,"gold_loss":0.0,"damage_taken":0.0,"cards_obtained":["All Out Attack","Escape Plan"]},{"damage_healed":0.0,"max_hp_gain":0.0,"max_hp_loss":0.0,"gold_gain":0.0,"event_name":"Upgrade Shrine","player_choice":"Upgraded","floor":37.0,"gold_loss":0.0,"damage_taken":0.0,"cards_upgraded":["Predator"]},{"damage_healed":0,"gold_gain":0,"player_choice":"Copied","damage_taken":0,"max_hp_gain":0,"max_hp_loss":0,"event_name":"Duplicator","floor":41,"gold_loss":0,"cards_obtained":["Eviscerate"]},{"damage_healed":0,"gold_gain":100,"player_choice":"Pray","damage_taken":0,"max_hp_gain":0,"max_hp_loss":0,"event_name":"Golden Shrine","floor":46,"gold_loss":0}],"is_beta":false,"boss_relics":[{"not_picked":["Velvet Choker","Empty Cage"],"picked":"Runic Pyramid"},{"not_picked":["Coffee Dripper","Black Star"],"picked":"Sozu"}],"items_purged_floors":[13,20,24,42],"is_endless":false,"potions_floor_spawned":[3,8,11,12,14,18,22,27,29,33,38,39,44,45],"ascension_level":4}