{"gold_per_floor":[114,39,49,49,49,74,85,118,153,178,206,218,60,235,235,235],"floor_reached":16,"playtime":655,"items_purged":["Strike_R","Strike_R"],"score":162,"play_id":"6943387c-1681-498e-89af-406c4352e033","local_time":"20190213125219","is_ascension_mode":true,"campfire_choices":[{"data":"Barricade","floor":12,"key":"SMITH"},{"data":"Shockwave","floor":15,"key":"SMITH"}],"neow_cost":"NONE","seed_source_timestamp":89427180268216,"circlet_count":0,"master_deck":["Strike_R+1","Strike_R","Strike_R","Defend_R","Defend_R","Defend_R","Defend_R","Bash","True Grit+1","Power Through","Shockwave+1","Barricade+1","Carnage","Feel No Pain","Doubt"],"special_seed":0,"relics":["Burning Blood","NeowsBlessing","Dream Catcher","MawBank","Juzu Bracelet"],"potions_floor_usage":[],"damage_taken":[{"damage":0.0,"enemies":"Cultist","floor":1.0,"turns":1.0},{"damage":0.0,"enemies":"Jaw Worm","floor":3.0,"turns":1.0},{"damage":0.0,"enemies":"Gremlin Nob","floor":6.0,"turns":1.0},{"damage":1.0,"enemies":"Small Slimes","floor":7.0,"turns":4.0},{"damage":27.0,"enemies":"3 Sentries","floor":8.0,"turns":14.0},{"damage":1,"enemies":"3 Louse","floor":10,"turns":7},{"damage":6,"enemies":"2 Fungi Beasts","floor":11,"turns":7},{"damage":51,"enemies":"The Guardian","floor":16,"turns":15}],"seed_played":"-9133240328835711926","potions_obtained":[{"floor":1.0,"key":"SkillPotion"},{"floor":3.0,"key":"Fire Potion"},{"floor":7.0,"key":"Ancient Potion"},{"floor":8.0,"key":"Weak Potion"}],"is_trial":false,"path_per_floor":["M","$","M","$","?","E","M","E","T","M","M","R","$","?","R","B"],"character_chosen":"IRONCLAD","items_purchased":["Feel No Pain"],"campfire_rested":0,"item_purchase_floors":[13],"current_hp_per_floor":[80,80,80,80,64,70,75,54,54,59,59,59,59,59,59,8],"gold":235,"neow_bonus":"THREE_ENEMY_KILL","is_prod":false,"is_daily":false,"chose_seed":false,"campfire_upgraded":2,"win_rate":0,"timestamp":1550058739,"path_taken":["M","$","?","?","?","E","M","E","T","M","M","R","$","?","R","BOSS"],"build_version":"2019-01-23","purchased_purges":2,"victory":false,"max_hp_per_floor":[80,80,80,80,80,80,80,80,80,80,80,80,80,80,80,80],"card_choices":[{"not_picked":["Fire Breathing","Reckless Charge"],"picked":"True Grit","floor":1.0},{"not_picked":["Flex","Clothesline","True Grit"],"picked":"SKIP","floor":3.0},{"not_picked":["Sword Boomerang","True Grit"],"picked":"Power Through","floor":6.0},{"not_picked":["Clash","Body Slam"],"picked":"Shockwave","floor":7.0},{"not_picked":["Sword Boomerang","Corruption"],"picked":"Barricade","floor":8.0},{"not_picked":["Iron Wave","Heavy Blade","Clash"],"picked":"SKIP","floor":10},{"not_picked":["Blood for Blood","Anger"],"picked":"Carnage","floor":11}],"player_experience":79898,"relics_obtained":[{"floor":6.0,"key":"Dream Catcher"},{"floor":8.0,"key":"MawBank"},{"floor":9.0,"key":"Juzu Bracelet"}],"event_choices":[{"damage_healed":0.0,"max_hp_gain":0.0,"max_hp_loss":0.0,"gold_gain":0.0,"event_name":"Shining Light","player_choice":"Entered Light","floor":5.0,"gold_loss":0.0,"damage_taken":16.0,"cards_upgraded":["True Grit","Strike_R"]},{"damage_healed":0,"gold_gain":175,"player_choice":"AGREE","damage_taken":0,"max_hp_gain":0,"max_hp_loss":0,"event_name":"Liars Game","floor":14,"gold_loss":0,"cards_obtained":["Doubt"]}],"is_beta":false,"boss_relics":[],"items_purged_floors":[2,13],"is_endless":false,"potions_floor_spawned":[1,3,7,8],"killed_by":"The Guardian","ascension_level":4}