{"gold_per_floor":[113,136,136,147,68,100,100,115,115,190,190,216,216,114,114,191,191,211,222,222,137,62,95,115,115,115,95,109,109,141,151,151,230,230,241,241,258,202,202,202,220,240,240,240,240,269,283,299,299,299,299],"floor_reached":51,"playtime":2360,"items_purged":["Strike_G"],"score":1621,"play_id":"ac04a330-2787-475b-ba48-04548abcd157","local_time":"20190117142751","is_ascension_mode":true,"campfire_choices":[{"data":"Neutralize","floor":7,"key":"SMITH"},{"data":"Infinite Blades","floor":11,"key":"SMITH"},{"data":"Poisoned Stab","floor":15,"key":"SMITH"},{"floor":29,"key":"REST"},{"data":"Noxious Fumes","floor":32,"key":"SMITH"},{"floor":40,"key":"REST"},{"data":"Footwork","floor":45,"key":"SMITH"},{"floor":49,"key":"RECALL"}],"neow_cost":"NONE","seed_source_timestamp":85108761129876,"circlet_count":0,"master_deck":["AscendersBane","Defend_G","Defend_G","Defend_G","Defend_G","Defend_G","Strike_G","Strike_G","Survivor","Neutralize+1","Poisoned Stab+1","Poisoned Stab","Well Laid Plans","Calculated Gamble","Infinite Blades+1","Cloak And Dagger+1","Dodge and Roll+1","Backflip+1","Malaise+1","Catalyst+1","Cloak And Dagger+1","Dodge and Roll+1","Noxious Fumes+1","Noxious Fumes","Tools of the Trade","Corpse Explosion+1","Crippling Poison+1","Reflex+1","PiercingWail+1","PiercingWail+1","Madness+1","Madness+1","Footwork+1","Adrenaline+1","Writhe","Crippling Poison+1"],"relics":["Ring of the Snake","NeowsBlessing","Bag of Preparation","Gremlin Horn","Bronze Scales","Toxic Egg 2","Art of War","Sozu","MutagenicStrength","Sundial","Happy Flower","Mummified Hand","Centennial Puzzle","Cursed Key","Blood Vial"],"potions_floor_usage":[16,16],"damage_taken":[{"damage":0,"enemies":"Cultist","floor":1,"turns":1},{"damage":0,"enemies":"Small Slimes","floor":4,"turns":1},{"damage":0,"enemies":"Lagavulin","floor":6,"turns":1},{"damage":0,"enemies":"Jaw Worm","floor":8,"turns":3},{"damage":21,"enemies":"Gremlin Nob","floor":12,"turns":4},{"damage":0,"enemies":"The Guardian","floor":16,"turns":10},{"damage":0,"enemies":"Shell Parasite","floor":18,"turns":6},{"damage":2,"enemies":"3 Byrds","floor":19,"turns":3},{"damage":31,"enemies":"Slavers","floor":23,"turns":8},{"damage":0,"enemies":"Snake Plant","floor":24,"turns":6},{"damage":0,"enemies":"Snecko","floor":28,"turns":5},{"damage":0,"enemies":"Book of Stabbing","floor":30,"turns":5},{"damage":9,"enemies":"Cultist and Chosen","floor":31,"turns":6},{"damage":4,"enemies":"Champ","floor":33,"turns":10},{"damage":0,"enemies":"Orb Walker","floor":35,"turns":4},{"damage":0,"enemies":"3 Shapes","floor":37,"turns":3},{"damage":0,"enemies":"Sphere and 2 Shapes","floor":41,"turns":5},{"damage":3,"enemies":"Spire Growth","floor":42,"turns":4},{"damage":5,"enemies":"Nemesis","floor":46,"turns":7},{"damage":0,"enemies":"4 Shapes","floor":47,"turns":2},{"damage":11,"enemies":"Jaw Worm Horde","floor":48,"turns":3},{"damage":35,"enemies":"Awakened One","floor":50,"turns":16},{"damage":12,"enemies":"Time Eater","floor":51,"turns":2}],"seed_played":"-2052945019578591353","potions_obtained":[{"floor":4,"key":"Fire Potion"},{"floor":6,"key":"Regen Potion"}],"is_trial":false,"path_per_floor":["M","T","?","M","$","E","R","M","T","?","R","E","?","$","R","B",null,"M","M","?","?","$","E","M","?","T","?","M","R","E","M","R","B",null,"M","?","M","$","?","R","M","M","T","?","R","E","M","M","R","B","B"],"character_chosen":"THE_SILENT","items_purchased":["Well Laid Plans","Dodge and Roll+1","Backflip+1","PiercingWail+1"],"campfire_rested":2,"item_purchase_floors":[5,14,14,38],"current_hp_per_floor":[59,59,59,59,59,59,59,59,59,48,48,27,16,16,16,31,57,57,55,55,55,55,24,24,24,24,24,24,43,43,34,34,30,57,57,57,57,57,45,64,64,61,61,52,52,47,49,40,40,7,0],"gold":299,"neow_bonus":"THREE_ENEMY_KILL","is_prod":false,"is_daily":false,"chose_seed":false,"campfire_upgraded":5,"win_rate":0,"timestamp":1547731671,"path_taken":["M","?","?","?","?","E","R","M","T","?","R","E","?","$","R","BOSS","M","M","?","?","$","E","M","?","T","?","M","R","E","M","R","BOSS","M","?","M","$","?","R","M","M","T","?","R","E","M","M","R","BOSS","BOSS"],"build_version":"2019-01-10","purchased_purges":1,"victory":false,"max_hp_per_floor":[66,66,66,66,66,66,66,66,66,66,66,66,66,66,66,66,66,66,66,66,66,66,66,66,66,66,66,66,66,66,66,66,66,66,66,66,66,66,66,66,66,66,66,66,66,66,66,66,66,66,66],"card_choices":[{"not_picked":["Quick Slash","Well Laid Plans"],"picked":"Poisoned Stab","floor":1},{"not_picked":["Riddle With Holes","Infinite Blades"],"picked":"Poisoned Stab","floor":4},{"not_picked":["Underhanded Strike","Acrobatics"],"picked":"Calculated Gamble","floor":6},{"not_picked":["Prepared","Adrenaline"],"picked":"Infinite Blades","floor":8},{"not_picked":["Bouncing Flask","PiercingWail"],"picked":"Cloak And Dagger","floor":12},{"not_picked":["Corpse Explosion+1","Grand Finale"],"picked":"Malaise+1","floor":16},{"not_picked":["Blade Dance+1","Sucker Punch+1"],"picked":"Catalyst+1","floor":18},{"not_picked":["Escape Plan+1","Endless Agony"],"picked":"Cloak And Dagger+1","floor":19},{"not_picked":["Venomology+1","Poisoned Stab"],"picked":"Dodge and Roll+1","floor":23},{"not_picked":["Blade Dance+1","Acrobatics+1"],"picked":"Noxious Fumes","floor":24},{"not_picked":["Eviscerate","Cloak And Dagger+1","Bane"],"picked":"SKIP","floor":28},{"not_picked":["Eviscerate","Terror+1"],"picked":"Noxious Fumes","floor":30},{"not_picked":["Cloak And Dagger+1","Sucker Punch"],"picked":"Tools of the Trade","floor":31},{"not_picked":["Tools of the Trade","Adrenaline+1"],"picked":"Corpse Explosion+1","floor":33},{"not_picked":["Outmaneuver+1","Flying Knee"],"picked":"Crippling Poison+1","floor":35},{"not_picked":["Dagger Throw","Caltrops"],"picked":"PiercingWail+1","floor":37},{"not_picked":["Riddle With Holes","Slice"],"picked":"Footwork","floor":41},{"not_picked":["Dagger Throw+1","Eviscerate"],"picked":"Adrenaline+1","floor":42},{"not_picked":["Acrobatics+1","Deflect+1"],"picked":"Crippling Poison+1","floor":46},{"not_picked":["Reflex+1","Blade Dance+1","Choke+1"],"picked":"SKIP","floor":47},{"not_picked":["Dash","Flying Knee","Sucker Punch"],"picked":"SKIP","floor":48}],"player_experience":1902427,"relics_obtained":[{"floor":2,"key":"Bag of Preparation"},{"floor":6,"key":"Gremlin Horn"},{"floor":9,"key":"Bronze Scales"},{"floor":12,"key":"Toxic Egg 2"},{"floor":23,"key":"Happy Flower"},{"floor":26,"key":"Mummified Hand"},{"floor":30,"key":"Centennial Puzzle"},{"floor":46,"key":"Blood Vial"}],"event_choices":[{"cards_removed":["Strike_G"],"damage_healed":0,"gold_gain":0,"player_choice":"Purged","damage_taken":0,"max_hp_gain":0,"max_hp_loss":0,"event_name":"Purifier","floor":3,"gold_loss":0},{"damage_healed":0,"gold_gain":75,"player_choice":"Gather Gold","damage_taken":11,"max_hp_gain":0,"max_hp_loss":0,"event_name":"World of Goop","floor":10,"gold_loss":0},{"damage_healed":0,"gold_gain":0,"player_choice":"Success","damage_taken":11,"relics_obtained":["Art of War"],"max_hp_gain":0,"max_hp_loss":0,"event_name":"Scrap Ooze","floor":13,"gold_loss":0},{"damage_healed":0,"gold_gain":0,"player_choice":"Inject Mutagens","damage_taken":0,"relics_obtained":["MutagenicStrength"],"max_hp_gain":0,"max_hp_loss":0,"event_name":"Drug Dealer","floor":20,"gold_loss":0},{"damage_healed":0,"gold_gain":0,"player_choice":"Obtained Relic","damage_taken":0,"relics_obtained":["Sundial"],"max_hp_gain":0,"max_hp_loss":0,"event_name":"Addict","floor":21,"gold_loss":85},{"damage_healed":0,"gold_gain":0,"player_choice":"Ignored","damage_taken":0,"max_hp_gain":0,"max_hp_loss":0,"event_name":"Vampires","floor":25,"gold_loss":0},{"damage_healed":0,"gold_gain":0,"player_choice":"Bought 1 Potion","damage_taken":0,"max_hp_gain":0,"max_hp_loss":0,"event_name":"The Woman in Blue","floor":27,"gold_loss":0},{"damage_healed":0,"gold_gain":0,"cards_transformed":["Strike_G"],"player_choice":"Transformed","damage_taken":0,"max_hp_gain":0,"max_hp_loss":0,"event_name":"Transmorgrifier","floor":36,"gold_loss":0,"cards_obtained":["Reflex"]},{"damage_healed":0,"gold_gain":0,"player_choice":"Embrace Madness","damage_taken":12,"max_hp_gain":0,"max_hp_loss":0,"event_name":"Winding Halls","floor":39,"gold_loss":0,"cards_obtained":["Madness","Madness"]},{"damage_healed":0,"gold_gain":0,"player_choice":"Damaged","damage_taken":9,"max_hp_gain":0,"max_hp_loss":0,"event_name":"Wheel of Change","floor":44,"gold_loss":0}],"is_beta":false,"boss_relics":[{"not_picked":["Runic Dome","Eternal Feather"],"picked":"Sozu"},{"not_picked":["Black Star","Runic Pyramid"],"picked":"Cursed Key"}],"items_purged_floors":[22],"is_endless":false,"potions_floor_spawned":[4,6,23,28,31,33,42,47,48],"killed_by":"Time Eater","ascension_level":20}