{"gold_per_floor":[20,40,40,40,53,84,84,84,84,84,108,108,168,181,181,278,278,288,288,311,311,328,328,357,367,418,36,36],"floor_reached":28,"playtime":1067,"items_purged":[],"score":337,"play_id":"f1e45684-4f59-488e-a619-a373e4e86fbd","local_time":"20190204022122","is_ascension_mode":true,"campfire_choices":[{"data":"Juggernaut","floor":7,"key":"SMITH"},{"data":"Disarm","floor":10,"key":"SMITH"},{"data":"Thunderclap","floor":12,"key":"SMITH"},{"data":"Carnage","floor":15,"key":"SMITH"},{"data":"Armaments","floor":23,"key":"SMITH"}],"neow_cost":"NO_GOLD","seed_source_timestamp":43269448967380,"circlet_count":0,"master_deck":["Strike_R+1","Strike_R","Strike_R","Defend_R","Defend_R","Defend_R","Defend_R","Bash+1","Thunderclap+1","Battle Trance+1","Juggernaut+1","Disarm+1","Carnage+1","Berserk","Iron Wave","Demon Form","Armaments+1","Dark Embrace","Uppercut","Flame Barrier","Reckless Charge","Panacea"],"relics":["Burning Blood","Shuriken","Pear","Orichalcum","Tiny Chest","Mark of Pain","Strawberry","Dream Catcher","StoneCalendar","Bronze Scales","Blood Vial"],"potions_floor_usage":[6,16,24,28,28],"damage_taken":[{"damage":6,"enemies":"Jaw Worm","floor":1,"turns":5},{"damage":6,"enemies":"2 Louse","floor":2,"turns":2},{"damage":8,"enemies":"Small Slimes","floor":5,"turns":4},{"damage":15,"enemies":"Lagavulin","floor":6,"turns":8},{"damage":10,"enemies":"Looter","floor":14,"turns":3},{"damage":0,"enemies":"Slime Boss","floor":16,"turns":4},{"damage":8,"enemies":"Shell Parasite","floor":18,"turns":5},{"damage":39,"enemies":"3 Byrds","floor":22,"turns":5},{"damage":11,"enemies":"Book of Stabbing","floor":24,"turns":6},{"damage":48,"enemies":"Snake Plant","floor":25,"turns":6},{"damage":20,"enemies":"Slavers","floor":28,"turns":2}],"seed_played":"3860727102131498310","potions_obtained":[{"floor":5,"key":"Dexterity Potion"},{"floor":14,"key":"SteroidPotion"},{"floor":18,"key":"Weak Potion"},{"floor":24,"key":"PowerPotion"},{"floor":25,"key":"SpeedPotion"}],"is_trial":false,"path_per_floor":["M","M","?","?","M","E","R","?","T","R","T","R","?","M","R","B",null,"M","?","T","?","M","R","E","M","T","$","E"],"character_chosen":"IRONCLAD","items_purchased":["Blood Vial","Flame Barrier","Reckless Charge","Panacea"],"campfire_rested":0,"item_purchase_floors":[27,27,27,27],"current_hp_per_floor":[80,80,64,64,62,53,53,53,63,63,63,63,63,59,59,65,90,88,88,95,95,62,62,57,15,15,15,0],"gold":36,"neow_bonus":"REMOVE_TWO","is_prod":false,"is_daily":false,"chose_seed":false,"campfire_upgraded":5,"win_rate":0,"timestamp":1549243282,"path_taken":["M","M","?","?","M","E","R","?","T","R","?","R","?","M","R","BOSS","M","?","?","?","?","R","E","?","T","$","E"],"build_version":"2019-01-23","purchased_purges":0,"victory":false,"max_hp_per_floor":[80,80,80,80,80,80,80,80,90,90,90,90,90,90,90,90,90,90,90,97,97,97,97,97,97,97,97,97],"card_choices":[{"not_picked":["Havoc","Headbutt"],"picked":"Thunderclap","floor":1},{"not_picked":["Iron Wave","Perfected Strike"],"picked":"Battle Trance","floor":2},{"not_picked":["Entrench","Perfected Strike"],"picked":"Juggernaut","floor":5},{"not_picked":["Burning Pact","Wild Strike"],"picked":"Disarm","floor":6},{"not_picked":["Searing Blow","Pummel"],"picked":"Carnage","floor":14},{"not_picked":["Juggernaut","Exhume"],"picked":"Berserk","floor":16},{"not_picked":["True Grit+1","Headbutt+1"],"picked":"Iron Wave","floor":18},{"not_picked":["Iron Wave+1","Shrug It Off+1"],"picked":"Armaments","floor":22},{"not_picked":["Second Wind","Havoc+1"],"picked":"Dark Embrace","floor":24},{"not_picked":["Clash","Havoc"],"picked":"Uppercut","floor":25}],"player_experience":62676,"relics_obtained":[{"floor":6,"key":"Shuriken"},{"floor":9,"key":"Pear"},{"floor":11,"key":"Orichalcum"},{"floor":20,"key":"Strawberry"},{"floor":24,"key":"StoneCalendar"},{"floor":26,"key":"Bronze Scales"}],"event_choices":[{"damage_healed":0,"gold_gain":0,"player_choice":"Entered Light","damage_taken":16,"max_hp_gain":0,"max_hp_loss":0,"event_name":"Shining Light","floor":3,"gold_loss":0,"cards_upgraded":["Bash","Strike_R"]},{"damage_healed":0,"gold_gain":0,"player_choice":"Grow","damage_taken":0,"max_hp_gain":0,"max_hp_loss":0,"event_name":"Living Wall","floor":4,"gold_loss":0,"cards_upgraded":["Battle Trance"]},{"damage_healed":0,"gold_gain":0,"player_choice":"Ignored","damage_taken":0,"max_hp_gain":0,"max_hp_loss":0,"event_name":"Liars Game","floor":8,"gold_loss":0},{"damage_healed":0,"gold_gain":30,"player_choice":"Searched \u00273\u0027 times","damage_taken":0,"relics_obtained":["Tiny Chest"],"max_hp_gain":0,"max_hp_loss":0,"event_name":"Dead Adventurer","floor":13,"gold_loss":0},{"damage_healed":0,"gold_gain":0,"player_choice":"Read","damage_taken":0,"max_hp_gain":0,"max_hp_loss":0,"event_name":"The Library","floor":19,"gold_loss":0,"cards_obtained":["Demon Form"]},{"damage_healed":0,"gold_gain":0,"player_choice":"Opened","damage_taken":0,"relics_obtained":["Dream Catcher"],"max_hp_gain":0,"max_hp_loss":0,"event_name":"The Mausoleum","floor":21,"gold_loss":0}],"is_beta":false,"boss_relics":[{"not_picked":["Black Star","Tiny House"],"picked":"Mark of Pain"}],"items_purged_floors":[],"is_endless":false,"potions_floor_spawned":[5,14,18,24,25],"killed_by":"Slavers","ascension_level":2}