{"gold_per_floor":[117,137,137,151,23,23,23,51,103,131,131,164,184,204,204,283,283,301,301,321,321,334,334],"floor_reached":23,"playtime":808,"items_purged":["Strike_R"],"score":522,"play_id":"53f2d967-dfd5-4114-8cd6-009789c1fb45","local_time":"20181115140740","is_ascension_mode":true,"campfire_choices":[{"data":"Bash","floor":6,"key":"SMITH"},{"data":"Perfected Strike","floor":11,"key":"SMITH"},{"floor":15,"key":"REST"}],"neow_cost":"NONE","seed_source_timestamp":4512384112257185,"circlet_count":0,"master_deck":["AscendersBane","Strike_R","Strike_R","Strike_R","Strike_R","Defend_R","Defend_R","Defend_R","Defend_R","Bash+1","Twin Strike","Anger","Pommel Strike","Perfected Strike+1","Disarm","True Grit","Spot Weakness","Limit Break","Exhume","True Grit","Cleave+1","Corruption"],"relics":["Burning Blood","Red Skull","Smiling Mask","Kunai","Bottled Lightning","Cursed Key","NlothsMask"],"potions_floor_usage":[12,16,16,18,23],"damage_taken":[{"damage":14,"enemies":"Jaw Worm","floor":1,"turns":4},{"damage":1,"enemies":"Cultist","floor":2,"turns":3},{"damage":10,"enemies":"Small Slimes","floor":4,"turns":3},{"damage":8,"enemies":"Gremlin Nob","floor":8,"turns":3},{"damage":30,"enemies":"3 Sentries","floor":10,"turns":7},{"damage":18,"enemies":"Lagavulin","floor":12,"turns":4},{"damage":8,"enemies":"3 Louse","floor":13,"turns":3},{"damage":15,"enemies":"Lots of Slimes","floor":14,"turns":4},{"damage":0,"enemies":"Slime Boss","floor":16,"turns":4},{"damage":25,"enemies":"3 Byrds","floor":18,"turns":4},{"damage":16,"enemies":"Spheric Guardian","floor":20,"turns":4},{"damage":19,"enemies":"3 Cultists","floor":22,"turns":4},{"damage":34,"enemies":"Book of Stabbing","floor":23,"turns":4}],"seed_played":"7894858648089151288","potions_obtained":[{"floor":8,"key":"Fire Potion"},{"floor":10,"key":"Fire Potion"},{"floor":13,"key":"Strength Potion"},{"floor":16,"key":"LiquidBronze"},{"floor":20,"key":"Dexterity Potion"}],"is_trial":false,"path_per_floor":["M","M","?","M","$","R","?","E","T","E","R","E","M","M","R","B",null,"M","?","M","?","M","E"],"character_chosen":"IRONCLAD","items_purchased":["Poison Potion"],"campfire_rested":1,"item_purchase_floors":[5],"current_hp_per_floor":[67,72,72,68,68,68,68,66,66,42,42,30,28,19,43,49,74,55,55,45,45,32,0],"gold":334,"neow_bonus":"TEN_PERCENT_HP_BONUS","is_prod":false,"is_daily":false,"chose_seed":false,"campfire_upgraded":2,"win_rate":0,"timestamp":1542287260,"path_taken":["M","M","?","M","?","R","?","E","T","E","R","E","M","M","R","BOSS","M","?","?","?","M","E"],"build_version":"2018-11-08","purchased_purges":1,"victory":false,"max_hp_per_floor":[82,82,82,82,82,82,82,82,82,82,82,82,82,82,82,82,82,82,82,82,82,82,82],"card_choices":[{"not_picked":["Heavy Blade","Havoc"],"picked":"Twin Strike","floor":1},{"not_picked":["Twin Strike","Whirlwind"],"picked":"Anger","floor":2},{"not_picked":["Armaments","Battle Trance"],"picked":"Pommel Strike","floor":4},{"not_picked":["Second Wind","Iron Wave"],"picked":"Perfected Strike","floor":8},{"not_picked":["Flex","Metallicize"],"picked":"Disarm","floor":10},{"not_picked":["Searing Blow","Dual Wield"],"picked":"True Grit","floor":12},{"not_picked":["Twin Strike","Rupture"],"picked":"Spot Weakness","floor":13},{"not_picked":["Searing Blow","Sever Soul"],"picked":"Limit Break","floor":14},{"not_picked":["Barricade","Dark Embrace"],"picked":"Exhume","floor":16},{"not_picked":["Anger","Twin Strike"],"picked":"True Grit","floor":18},{"not_picked":["Warcry+1","Cleave+1","Spot Weakness"],"picked":"SKIP","floor":20},{"not_picked":["Warcry+1","Spot Weakness"],"picked":"Cleave+1","floor":20},{"not_picked":["Blood for Blood","Thunderclap+1"],"picked":"Corruption","floor":22}],"player_experience":1707668,"relics_obtained":[{"floor":8,"key":"Red Skull"},{"floor":9,"key":"Smiling Mask"},{"floor":10,"key":"Kunai"},{"floor":12,"key":"Bottled Lightning"}],"event_choices":[{"damage_healed":0,"gold_gain":0,"player_choice":"0 cards matched","damage_taken":0,"max_hp_gain":0,"max_hp_loss":0,"event_name":"Match and Keep!","floor":3,"gold_loss":0,"cards_obtained":[]},{"damage_healed":0,"gold_gain":0,"player_choice":"Ignored","damage_taken":0,"max_hp_gain":0,"max_hp_loss":0,"event_name":"Golden Idol","floor":7,"gold_loss":0},{"damage_healed":0,"gold_gain":0,"player_choice":"Trade","damage_taken":0,"relics_obtained":["NlothsMask"],"max_hp_gain":0,"max_hp_loss":0,"event_name":"FaceTrader","floor":19,"gold_loss":0},{"damage_healed":0,"gold_gain":0,"player_choice":"Ignored","damage_taken":0,"max_hp_gain":0,"max_hp_loss":0,"event_name":"Beggar","floor":21,"gold_loss":0}],"is_beta":false,"boss_relics":[{"not_picked":["Runic Dome","Astrolabe"],"picked":"Cursed Key"}],"items_purged_floors":[5],"is_endless":false,"potions_floor_spawned":[8,10,13,14,16,20],"killed_by":"Book of Stabbing","ascension_level":20}