{"path_per_floor":["M","M","$","?","M","R","M","R","T","?","$","$","?","M","R","B",null,"M","?","M","M","M","R","M","M","T","?","?","M","R","$","R","B",null,"M","M","$","?","$","R","M","R","T","M","M","R","?","?","R"],"character_chosen":"IRONCLAD","items_purchased":["Flex","Heavy Blade","Gremlin Horn","Whirlwind"],"gold_per_floor":[119,134,32,32,46,46,64,64,119,119,119,119,119,137,137,267,267,280,280,303,326,350,350,366,391,391,391,391,405,405,163,163,282,282,297,311,232,232,232,232,257,257,284,297,320,320,653,753,753],"floor_reached":50,"campfire_rested":4,"playtime":1961,"current_hp_per_floor":[80,80,80,60,64,64,61,61,61,80,80,80,80,80,80,69,80,68,75,69,60,54,54,36,23,23,23,23,13,39,39,65,9,87,64,66,66,66,66,66,44,44,44,46,22,48,48,48,74],"items_purged":[],"gold":753,"score":509,"play_id":"0ca05822-974b-4dba-b8b1-65558731792c","local_time":"20180315010533","is_prod":false,"is_daily":false,"is_ascension_mode":false,"campfire_upgraded":6,"timestamp":1521072333,"path_taken":["M","?","$","?","M","R","M","R","T","?","?","$","?","?","R","BOSS","M","?","?","?","M","R","M","?","T","?","?","?","R","$","R","BOSS","M","M","$","?","$","R","M","R","T","M","M","R","?","?","R","BOSS"],"build_version":"2018-03-09","purchased_purges":0,"victory":false,"master_deck":["Strike_R","Strike_R","Strike_R","Strike_R","Defend_R","Defend_R","Defend_R","Bash","Ghostly Armor","Cleave","Searing Blow+2","Thunderclap","Flex+1","Heavy Blade+1","Armaments+1","Offering","Offering","Flex+1","Whirlwind+1","Flex+1","Flex+1"],"max_hp_per_floor":[80,80,80,80,80,80,80,80,80,80,80,80,80,80,80,80,80,80,87,87,87,87,87,87,87,87,87,87,87,87,87,87,87,87,87,87,87,87,87,87,87,87,87,87,87,87,87,87,87],"relics":["Burning Blood","Lantern","Spirit Poop","Philosopher\u0027s Stone","Strawberry","Peace Pipe","Gremlin Horn","Velvet Choker","Bronze Scales"],"card_choices":[{"not_picked":["Clothesline","Clash"],"picked":"Searing Blow"},{"not_picked":["Havoc","Body Slam"],"picked":"Thunderclap"},{"not_picked":["Warcry","Iron Wave"],"picked":"Armaments"},{"not_picked":["Feed","Berserk"],"picked":"Offering"},{"not_picked":["Exhume","Reaper"],"picked":"Offering"},{"not_picked":["Shrug It Off","Pommel Strike"],"picked":"Flex"},{"not_picked":["Warcry","Thunderclap"],"picked":"Flex"}],"player_experience":298821,"potions_floor_usage":[16,21,25,33,45,50],"damage_taken":[{"damage":6,"enemies":"Cultist","floor":1,"turns":4},{"damage":1,"enemies":"2 Louse","floor":2,"turns":4},{"damage":2,"enemies":"Small Slimes","floor":5,"turns":3},{"damage":9,"enemies":"3 Louse","floor":7,"turns":4},{"damage":0,"enemies":"Looter","floor":14,"turns":2},{"damage":17,"enemies":"Slime Boss","floor":16,"turns":8},{"damage":18,"enemies":"Spheric Guardian","floor":18,"turns":4},{"damage":12,"enemies":"Chosen","floor":20,"turns":4},{"damage":15,"enemies":"Slaver and Parasite","floor":21,"turns":6},{"damage":12,"enemies":"Chosen and Byrds","floor":22,"turns":7},{"damage":24,"enemies":"Centurion and Healer","floor":24,"turns":4},{"damage":19,"enemies":"Slaver and Parasite","floor":25,"turns":4},{"damage":16,"enemies":"Snecko","floor":29,"turns":5},{"damage":62,"enemies":"Automaton","floor":33,"turns":9},{"damage":29,"enemies":"3 Shapes","floor":35,"turns":3},{"damage":4,"enemies":"Orb Walker","floor":36,"turns":2},{"damage":28,"enemies":"Sphere and 2 Shapes","floor":41,"turns":4},{"damage":4,"enemies":"3 Darklings","floor":44,"turns":2},{"damage":30,"enemies":"4 Shapes","floor":45,"turns":1},{"damage":87,"enemies":"Donu and Deca","floor":50,"turns":4}],"event_choices":[{"event_name":"Golden Idol","player_choice":"Take Damage","floor":4,"damage_taken":0},{"event_name":"Big Fish","player_choice":"Banana","floor":10,"damage_taken":0},{"event_name":"Bonfire Elementals","player_choice":"CURSE","floor":13,"damage_taken":0},{"event_name":"The Mausoleum","player_choice":"Yes","floor":19,"damage_taken":0},{"event_name":"Beggar","player_choice":"Ignored","floor":27,"damage_taken":0},{"event_name":"Vampires","player_choice":"Ignored","floor":28,"damage_taken":0},{"event_name":"Duplicator","player_choice":"One dupe","floor":38,"damage_taken":0},{"event_name":"The Moai Head","player_choice":"Gave Idol","floor":47,"damage_taken":0},{"event_name":"Golden Shrine","player_choice":"Pray","floor":48,"damage_taken":0}],"boss_relics":[{"not_picked":["Black Star","Black Blood"],"picked":"Philosopher\u0027s Stone"},{"not_picked":["Eternal Feather","Orrery"],"picked":"Velvet Choker"}],"potions_floor_spawned":[2,7,14,22,25,35,36,44],"seed_played":"-4979687092587807901","killed_by":"Donu and Deca","ascension_level":0,"is_trial":false}