{"gold_per_floor":[117,132,152,152,222,234,234,262,262,336,365,380,399,181,181,254,254,264,340,403,417,434,509,519,582,608,608,668,702,171,183,183,183],"floor_reached":33,"playtime":1976,"items_purged":["Strike_G","Strike_G"],"score":558,"play_id":"8f673673-0c96-4a1d-b844-2372f37a3e14","local_time":"20190211130250","is_ascension_mode":true,"campfire_choices":[{"data":"Cloak And Dagger","floor":7.0,"key":"SMITH"},{"data":"Cloak And Dagger","floor":15.0,"key":"SMITH"},{"data":"Accuracy","floor":27.0,"key":"SMITH"},{"floor":32,"key":"REST"}],"neow_cost":"TEN_PERCENT_HP_LOSS","seed_source_timestamp":59086454268200,"circlet_count":0,"master_deck":["AscendersBane","Defend_G","Defend_G","Defend_G","Defend_G","Strike_G","Strike_G","Survivor","Neutralize","Cloak And Dagger+1","Cloak And Dagger+1","Dagger Spray","All Out Attack","Cloak And Dagger","Dagger Throw","Backflip","Dash","Reflex","Escape Plan","Infinite Blades","Storm of Steel","Deflect+1","Endless Agony+1","PiercingWail","Accuracy+1","Endless Agony+1","Caltrops+1","Leg Sweep","Blur"],"special_seed":0,"relics":["Ring of the Snake","SsserpentHead","Happy Flower","Vajra","Bronze Scales","Centennial Puzzle","WristBlade","Orichalcum","PreservedInsect","Lantern","Paper Crane","Oddly Smooth Stone","OrangePellets"],"potions_floor_usage":[29,33],"damage_taken":[{"damage":0.0,"enemies":"Small Slimes","floor":1.0,"turns":3.0},{"damage":0.0,"enemies":"Cultist","floor":2.0,"turns":6.0},{"damage":0.0,"enemies":"Jaw Worm","floor":3.0,"turns":5.0},{"damage":3.0,"enemies":"Red Slaver","floor":5.0,"turns":5.0},{"damage":0.0,"enemies":"Gremlin Gang","floor":6.0,"turns":1.0},{"damage":9.0,"enemies":"Lagavulin","floor":8.0,"turns":5.0},{"damage":8.0,"enemies":"3 Sentries","floor":11.0,"turns":3.0},{"damage":9.0,"enemies":"Exordium Thugs","floor":12.0,"turns":3.0},{"damage":0.0,"enemies":"Lots of Slimes","floor":13.0,"turns":2.0},{"damage":1.0,"enemies":"Hexaghost","floor":16.0,"turns":9.0},{"damage":3.0,"enemies":"2 Thieves","floor":18.0,"turns":3.0},{"damage":9.0,"enemies":"Shell Parasite","floor":20.0,"turns":3.0},{"damage":3.0,"enemies":"Centurion and Healer","floor":21.0,"turns":5.0},{"damage":0.0,"enemies":"3 Cultists","floor":22.0,"turns":4.0},{"damage":3.0,"enemies":"Snake Plant","floor":24.0,"turns":4.0},{"damage":1.0,"enemies":"Chosen and Byrds","floor":25.0,"turns":4.0},{"damage":13.0,"enemies":"Centurion and Healer","floor":28.0,"turns":4.0},{"damage":0,"enemies":"Slavers","floor":29,"turns":3},{"damage":0,"enemies":"Cultist and Chosen","floor":31,"turns":4},{"damage":45,"enemies":"Collector","floor":33,"turns":6}],"seed_played":"-9046267570714526119","potions_obtained":[{"floor":2.0,"key":"GhostInAJar"},{"floor":3.0,"key":"Strength Potion"},{"floor":8.0,"key":"Explosive Potion"},{"floor":16.0,"key":"PowerPotion"},{"floor":18.0,"key":"PowerPotion"},{"floor":24.0,"key":"PowerPotion"},{"floor":29,"key":"GamblersBrew"}],"is_trial":false,"path_per_floor":["?","M","T","$","T","M","T","M","M","$"],"character_chosen":"THE_SILENT","items_purchased":["Reflex","Escape Plan","Infinite Blades","Oddly Smooth Stone","OrangePellets","Leg Sweep"],"campfire_rested":1,"item_purchase_floors":[14,14,14,30,30,30],"current_hp_per_floor":[59,59,59,59,56,56,56,47,47,47,39,30,30,30,30,29,52,49,49,40,37,37,37,34,33,33,33,20,20,20,20,38,0],"gold":183,"neow_bonus":"REMOVE_TWO","is_prod":false,"is_daily":false,"chose_seed":false,"campfire_upgraded":3,"win_rate":0,"timestamp":1549857770,"path_taken":["M","M","M","?","?","M","R","E","T","?","E","M","M","?","R","BOSS","M","?","?","M","M","?","M","?","T","R","?","E","?","M","R","BOSS"],"build_version":"2019-01-23","purchased_purges":2,"victory":false,"max_hp_per_floor":[60,60,60,60,60,60,60,60,60,60,60,60,60,60,60,60,60,60,60,60,60,60,60,60,60,60,60,60,60,60,60,60,60],"card_choices":[{"not_picked":["Outmaneuver","Concentrate"],"picked":"Cloak And Dagger","floor":1.0},{"not_picked":["Distraction","Backflip"],"picked":"Cloak And Dagger","floor":2.0},{"not_picked":["Sucker Punch","Flechettes"],"picked":"Dagger Spray","floor":3.0},{"not_picked":["Night Terror","Eviscerate"],"picked":"All Out Attack","floor":5.0},{"not_picked":["Deadly Poison","Bane"],"picked":"Cloak And Dagger","floor":6.0},{"not_picked":["Quick Slash","Underhanded Strike"],"picked":"Dagger Throw","floor":8.0},{"not_picked":["Outmaneuver","Cloak And Dagger"],"picked":"Backflip","floor":11.0},{"not_picked":["Backflip","Acrobatics"],"picked":"Dash","floor":12.0},{"not_picked":["Die Die Die","Slice","Deadly Poison"],"picked":"SKIP","floor":13.0},{"not_picked":["Unload","Envenom"],"picked":"Storm of Steel","floor":16.0},{"not_picked":["Quick Slash","Flying Knee","Poisoned Stab"],"picked":"SKIP","floor":18.0},{"not_picked":["Poisoned Stab+1","Eviscerate"],"picked":"Deflect+1","floor":20.0},{"not_picked":["Dagger Throw","Bane"],"picked":"Endless Agony+1","floor":21.0},{"not_picked":["Blade Dance","Flechettes"],"picked":"PiercingWail","floor":22.0},{"not_picked":["Dash","Tactician"],"picked":"Accuracy","floor":24.0},{"not_picked":["Catalyst","Underhanded Strike+1","Cloak And Dagger"],"picked":"SKIP","floor":25.0},{"not_picked":["A Thousand Cuts","Prepared"],"picked":"Endless Agony+1","floor":28.0},{"not_picked":["Setup+1","Quick Slash"],"picked":"Caltrops+1","floor":29},{"not_picked":["Prepared","Dagger Throw"],"picked":"Blur","floor":31}],"player_experience":329378,"relics_obtained":[{"floor":8.0,"key":"Happy Flower"},{"floor":9.0,"key":"Vajra"},{"floor":10.0,"key":"Bronze Scales"},{"floor":11.0,"key":"Centennial Puzzle"},{"floor":19.0,"key":"Orichalcum"},{"floor":23.0,"key":"PreservedInsect"},{"floor":26.0,"key":"Lantern"},{"floor":29,"key":"Paper Crane"}],"event_choices":[{"damage_healed":0.0,"max_hp_gain":0.0,"max_hp_loss":0.0,"gold_gain":0.0,"event_name":"FaceTrader","player_choice":"Trade","floor":4.0,"gold_loss":0.0,"damage_taken":0.0,"relics_obtained":["SsserpentHead"]}],"is_beta":false,"boss_relics":[{"not_picked":["Eternal Feather","Busted Crown"],"picked":"WristBlade"}],"items_purged_floors":[14,30],"is_endless":false,"potions_floor_spawned":[2,3,6,8,16,18,24,29,31],"killed_by":"Collector","ascension_level":16}