{"gold_per_floor":[19,34,49,49,49,49,49,25,49,49,68,83,142,169,169,169],"floor_reached":16,"playtime":570,"items_purged":[],"score":175,"play_id":"758efa6b-6ca4-4cef-96ef-369d2298a6ce","local_time":"20180716191229","is_ascension_mode":true,"campfire_choices":[{"data":"Body Slam","floor":6,"key":"SMITH"},{"data":"Armaments","floor":10,"key":"SMITH"},{"floor":15,"key":"REST"}],"neow_cost":"NO_GOLD","seed_source_timestamp":502026004376888,"circlet_count":0,"master_deck":["Strike_R","Strike_R","Strike_R","Strike_R","Strike_R","Defend_R","Defend_R","Defend_R","Defend_R","Bash","AscendersBane","Feel No Pain","Body Slam+1","Shrug It Off","Armaments+1","Headbutt"],"relics":["Burning Blood","Shovel","Anchor","Potion Belt","Ancient Tea Set","Oddly Smooth Stone"],"potions_floor_usage":[11,12,13],"damage_taken":[{"damage":0,"enemies":"Small Slimes","floor":1,"turns":3},{"damage":2,"enemies":"2 Louse","floor":2,"turns":3},{"damage":18,"enemies":"Jaw Worm","floor":3,"turns":4},{"damage":21,"enemies":"Exordium Wildlife","floor":11,"turns":6},{"damage":6,"enemies":"Gremlin Gang","floor":12,"turns":8},{"damage":17,"enemies":"Gremlin Nob","floor":13,"turns":4},{"damage":26,"enemies":"Lagavulin","floor":14,"turns":10},{"damage":46,"enemies":"Hexaghost","floor":16,"turns":12}],"seed_played":"-2441147837447125702","potions_obtained":[{"floor":1,"key":"SpeedPotion"},{"floor":3,"key":"SteroidPotion"},{"floor":12,"key":"FearPotion"},{"floor":13,"key":"Fire Potion"}],"is_trial":false,"path_per_floor":["M","M","M","$","?","R","?","$","T","R","M","M","?","E","R"],"character_chosen":"IRONCLAD","items_purchased":["Armaments"],"campfire_rested":1,"item_purchase_floors":[8],"current_hp_per_floor":[74,75,63,63,63,63,63,63,63,63,48,48,37,17,39,0],"gold":169,"neow_bonus":"ONE_RARE_RELIC","is_prod":false,"is_daily":false,"chose_seed":false,"campfire_upgraded":2,"win_rate":0,"timestamp":1531761149,"path_taken":["M","M","M","$","?","R","?","$","T","R","?","?","?","E","R","BOSS"],"build_version":"2018-07-12","purchased_purges":0,"victory":false,"max_hp_per_floor":[75,75,75,75,75,75,75,75,75,75,75,75,75,75,75,75],"card_choices":[{"not_picked":["Twin Strike","Ghostly Armor"],"picked":"Feel No Pain","floor":1},{"not_picked":["Warcry","Thunderclap"],"picked":"Body Slam","floor":2},{"not_picked":["Clothesline","Fire Breathing"],"picked":"Shrug It Off","floor":3},{"not_picked":["Sentinel","Flex","Fire Breathing"],"picked":"SKIP","floor":11},{"not_picked":["Searing Blow","Dual Wield","Metallicize"],"picked":"SKIP","floor":12},{"not_picked":["Burning Pact","Twin Strike"],"picked":"Headbutt","floor":13},{"not_picked":["Pommel Strike","Cleave","Havoc"],"picked":"SKIP","floor":14}],"player_experience":1063359,"relics_obtained":[{"floor":9,"key":"Potion Belt"},{"floor":13,"key":"Ancient Tea Set"},{"floor":14,"key":"Oddly Smooth Stone"}],"event_choices":[{"event_name":"Golden Idol","player_choice":"Ignored","floor":5,"damage_taken":0},{"event_name":"Wheel of Change","player_choice":"Relic","floor":7,"damage_taken":0},{"event_name":"Dead Adventurer","player_choice":"Searched \u00272\u0027 times","floor":13,"damage_taken":0}],"boss_relics":[],"items_purged_floors":[],"is_endless":false,"potions_floor_spawned":[1,3,12,13],"killed_by":"Hexaghost","ascension_level":15}