{"gold_per_floor":[12,23,98,98,110,110,135,135,135,160,173,173,223,257,257,362,362,382,382,103,116,16,16,42,57,57,88,107,37,52,71,71,170,170,190,119,119,131,151,151,177,177,204,216,216,216,246,47,47,47],"floor_reached":51,"playtime":2583,"items_purged":["Strike_R","Strike_R","Pain"],"score":931,"play_id":"b13287a3-c6d0-4cd9-9981-6886e654f8b3","local_time":"20190213135141","is_ascension_mode":true,"campfire_choices":[{"data":"Pommel Strike","floor":6.0,"key":"SMITH"},{"data":"Clothesline","floor":8.0,"key":"SMITH"},{"data":"Havoc","floor":12.0,"key":"SMITH"},{"floor":15.0,"key":"REST"},{"data":"Limit Break","floor":23.0,"key":"SMITH"},{"floor":32.0,"key":"REST"},{"data":"Blind","floor":40.0,"key":"SMITH"},{"data":"Evolve","floor":42.0,"key":"SMITH"},{"floor":45.0,"key":"REST"},{"floor":49.0,"key":"REST"}],"neow_cost":"NO_GOLD","seed_source_timestamp":90139470576524,"circlet_count":0,"master_deck":["Strike_R","Strike_R","Strike_R","Defend_R","Defend_R","Defend_R","Defend_R","Bash","Pommel Strike+1","Anger","Clothesline+1","Havoc+1","Metallicize","Limit Break+1","Warcry+1","Metallicize","Spot Weakness","Second Wind+1","Headbutt","Shrug It Off","Evolve+1","Heavy Blade+1","Feed","True Grit","Shrug It Off","Wild Strike","Panacea","Deep Breath","Blind+1","Fiend Fire","Reckless Charge+1","Ghostly Armor","Evolve"],"special_seed":0,"relics":["Burning Blood","Mango","Bottled Flame","Kunai","Ornamental Fan","Pantograph","Philosopher\u0027s Stone","MealTicket","Charon\u0027s Ashes","Mummified Hand","Red Skull","Cursed Key","Shovel","PreservedInsect","Oddly Smooth Stone"],"potions_floor_usage":[50],"damage_taken":[{"damage":1.0,"enemies":"Cultist","floor":1.0,"turns":4.0},{"damage":0.0,"enemies":"Small Slimes","floor":2.0,"turns":4.0},{"damage":9.0,"enemies":"Jaw Worm","floor":5.0,"turns":3.0},{"damage":29.0,"enemies":"Gremlin Nob","floor":7.0,"turns":4.0},{"damage":34.0,"enemies":"3 Sentries","floor":10.0,"turns":7.0},{"damage":6.0,"enemies":"Looter","floor":11.0,"turns":2.0},{"damage":16.0,"enemies":"Lagavulin","floor":14.0,"turns":5.0},{"damage":39.0,"enemies":"Slime Boss","floor":16.0,"turns":13.0},{"damage":20.0,"enemies":"3 Byrds","floor":18.0,"turns":5.0},{"damage":5.0,"enemies":"Chosen","floor":21.0,"turns":5.0},{"damage":32.0,"enemies":"Slavers","floor":24.0,"turns":6.0},{"damage":6.0,"enemies":"Centurion and Healer","floor":25.0,"turns":5.0},{"damage":48.0,"enemies":"Gremlin Leader","floor":27.0,"turns":6.0},{"damage":12.0,"enemies":"Cultist and Chosen","floor":28.0,"turns":5.0},{"damage":3.0,"enemies":"Snecko","floor":30.0,"turns":5.0},{"damage":19.0,"enemies":"Snake Plant","floor":31.0,"turns":4.0},{"damage":47.0,"enemies":"Automaton","floor":33.0,"turns":9.0},{"damage":30.0,"enemies":"3 Darklings","floor":35.0,"turns":6.0},{"damage":4.0,"enemies":"3 Shapes","floor":38.0,"turns":6.0},{"damage":31.0,"enemies":"Jaw Worm Horde","floor":39.0,"turns":4.0},{"damage":48.0,"enemies":"Nemesis","floor":41.0,"turns":7.0},{"damage":5.0,"enemies":"Sphere and 2 Shapes","floor":44.0,"turns":8.0},{"damage":27.0,"enemies":"Giant Head","floor":47.0,"turns":6.0},{"damage":92,"enemies":"Donu and Deca","floor":50,"turns":7}],"seed_played":"4681697325563768606","potions_obtained":[{"floor":1.0,"key":"SkillPotion"},{"floor":2.0,"key":"Explosive Potion"},{"floor":10.0,"key":"FairyPotion"},{"floor":14.0,"key":"Strength Potion"},{"floor":18.0,"key":"SkillPotion"},{"floor":25.0,"key":"Weak Potion"},{"floor":39.0,"key":"Weak Potion"}],"is_trial":false,"path_per_floor":["M","M","?","?","M","R","E","R","T","E","M","R","?","E","R","B",null,"M","?","$","M","$","R","E","M","T","E","M","$","M","M","R","B",null,"M","$","?","M","M","R","E","R","T","M","R","?","E","$","R","B",null],"character_chosen":"IRONCLAD","items_purchased":["MealTicket","Evolve","Shrug It Off","Wild Strike","Evolve"],"campfire_rested":4,"item_purchase_floors":[20,29,36,36,48],"current_hp_per_floor":[94,94,83,83,80,80,57,57,57,29,29,29,29,19,47,39,94,80,80,80,81,81,81,55,55,55,13,7,22,25,12,40,24,94,70,85,75,80,58,58,19,19,19,23,54,54,33,48,79,21],"gold":47,"neow_bonus":"ONE_RARE_RELIC","is_prod":false,"is_daily":false,"chose_seed":false,"campfire_upgraded":6,"win_rate":0,"timestamp":1550062301,"path_taken":["M","?","?","?","M","R","E","R","T","E","M","R","?","E","R","BOSS","M","?","$","M","?","R","E","M","T","E","M","$","M","M","R","BOSS","M","$","?","M","M","R","E","R","T","M","R","?","E","$","R","BOSS"],"build_version":"2019-01-23","purchased_purges":3,"victory":true,"max_hp_per_floor":[94,94,94,94,94,94,94,94,94,94,94,94,94,94,94,94,94,94,94,94,94,94,94,94,94,94,94,94,94,94,94,94,94,94,94,94,94,97,100,100,103,103,103,106,106,106,106,106,106,109],"card_choices":[{"not_picked":["Second Wind","Body Slam","Iron Wave"],"picked":"SKIP","floor":1.0},{"not_picked":["Dropkick","Corruption"],"picked":"Pommel Strike","floor":2.0},{"not_picked":["Twin Strike","Body Slam"],"picked":"Anger","floor":5.0},{"not_picked":["Reckless Charge","Twin Strike"],"picked":"Clothesline","floor":7.0},{"not_picked":["Anger","Flex"],"picked":"Infernal Blade","floor":10.0},{"not_picked":["Iron Wave","Blood for Blood"],"picked":"Havoc","floor":11.0},{"not_picked":["Impervious","Burning Pact"],"picked":"Metallicize","floor":14.0},{"not_picked":["Impervious","Barricade"],"picked":"Limit Break","floor":16.0},{"not_picked":["Iron Wave","Havoc+1"],"picked":"Warcry+1","floor":18.0},{"not_picked":["Armaments","Pummel"],"picked":"Spot Weakness","floor":21.0},{"not_picked":["Sword Boomerang+1","Havoc","Cleave"],"picked":"SKIP","floor":24.0},{"not_picked":["Armaments","Spot Weakness"],"picked":"Second Wind+1","floor":25.0},{"not_picked":["Carnage","Thunderclap"],"picked":"Headbutt","floor":27.0},{"not_picked":["Anger","Spot Weakness"],"picked":"Shrug It Off","floor":28.0},{"not_picked":["Spot Weakness+1","Carnage"],"picked":"Heavy Blade+1","floor":30.0},{"not_picked":["Anger","Iron Wave","Headbutt+1"],"picked":"SKIP","floor":31.0},{"not_picked":["Barricade","Exhume"],"picked":"Feed","floor":33.0},{"not_picked":["Perfected Strike+1","Havoc"],"picked":"True Grit","floor":35.0},{"not_picked":["Blind","Magnetism"],"picked":"Panacea","floor":37.0},{"not_picked":["Dramatic Entrance","Enlightenment"],"picked":"Deep Breath","floor":37.0},{"not_picked":["Impatience","Enlightenment"],"picked":"Blind","floor":37.0},{"not_picked":["True Grit","Anger","Iron Wave+1"],"picked":"SKIP","floor":38.0},{"not_picked":["Blood for Blood+1","Body Slam"],"picked":"Fiend Fire","floor":39.0},{"not_picked":["Spot Weakness","Reckless Charge+1","Havoc"],"picked":"SKIP","floor":41.0},{"not_picked":["Spot Weakness","Havoc"],"picked":"Reckless Charge+1","floor":41.0},{"not_picked":["Sword Boomerang+1","True Grit","Thunderclap"],"picked":"SKIP","floor":44.0},{"not_picked":["Pommel Strike","Brutality"],"picked":"Ghostly Armor","floor":47.0}],"player_experience":80553,"relics_obtained":[{"floor":7.0,"key":"Bottled Flame"},{"floor":9.0,"key":"Kunai"},{"floor":10.0,"key":"Ornamental Fan"},{"floor":14.0,"key":"Pantograph"},{"floor":24.0,"key":"Charon\u0027s Ashes"},{"floor":26.0,"key":"Mummified Hand"},{"floor":27.0,"key":"Red Skull"},{"floor":41.0,"key":"Shovel"},{"floor":43.0,"key":"PreservedInsect"},{"floor":47.0,"key":"Oddly Smooth Stone"}],"event_choices":[{"damage_healed":0.0,"max_hp_gain":0.0,"max_hp_loss":0.0,"gold_gain":75.0,"event_name":"World of Goop","player_choice":"Gather Gold","floor":3.0,"gold_loss":0.0,"damage_taken":11.0},{"damage_healed":0.0,"max_hp_gain":0.0,"max_hp_loss":0.0,"gold_gain":0.0,"event_name":"Liars Game","player_choice":"Ignored","floor":4.0,"gold_loss":0.0,"damage_taken":0.0},{"damage_healed":0.0,"max_hp_gain":0.0,"max_hp_loss":0.0,"gold_gain":50.0,"event_name":"Golden Wing","player_choice":"Gained Gold","floor":13.0,"gold_loss":0.0,"damage_taken":0.0},{"damage_healed":0.0,"max_hp_gain":0.0,"max_hp_loss":0.0,"gold_gain":0.0,"event_name":"Duplicator","player_choice":"Copied","floor":19.0,"gold_loss":0.0,"damage_taken":0.0,"cards_obtained":["Metallicize"]},{"damage_healed":0.0,"max_hp_gain":0.0,"max_hp_loss":0.0,"gold_gain":0.0,"event_name":"SensoryStone","player_choice":"Memory 3","floor":37.0,"gold_loss":0.0,"damage_taken":10.0},{"cards_removed":["Infernal Blade"],"damage_healed":0.0,"max_hp_gain":0.0,"max_hp_loss":0.0,"gold_gain":0.0,"event_name":"Falling","player_choice":"Removed Skill","floor":46.0,"gold_loss":0.0,"damage_taken":0.0}],"is_beta":false,"boss_relics":[{"not_picked":["Snecko Eye","Runic Pyramid"],"picked":"Philosopher\u0027s Stone"},{"not_picked":["Pandora\u0027s Box","Orrery"],"picked":"Cursed Key"}],"items_purged_floors":[20,22,48],"is_endless":false,"potions_floor_spawned":[1,2,10,14,18,25,28,30,31,38,39],"ascension_level":4}