{"gold_per_floor":[111,124,49,49,60,121,121,153,153,167,177,177,210,96,96,96],"floor_reached":16,"playtime":851,"items_purged":["Strike_G"],"score":216,"play_id":"ec587025-45a2-4466-a914-e76f6619b618","local_time":"20190211010626","is_ascension_mode":true,"campfire_choices":[{"floor":7,"key":"REST"},{"floor":12,"key":"REST"},{"floor":15,"key":"REST"}],"neow_cost":"NONE","seed_source_timestamp":17360813752200,"circlet_count":0,"master_deck":["AscendersBane","Defend_G","Defend_G","Defend_G","Defend_G","Strike_G","Strike_G","Strike_G","Survivor","Neutralize","Deflect","Noxious Fumes+1","Dagger Spray","Flying Knee","Deadly Poison","Footwork","Die Die Die","Bouncing Flask"],"relics":["Ring of the Snake","Tiny Chest","Ginger","Bottled Tornado","Bag of Marbles"],"potions_floor_usage":[6,8,13],"damage_taken":[{"damage":2,"enemies":"Small Slimes","floor":1,"turns":8},{"damage":8,"enemies":"Jaw Worm","floor":2,"turns":8},{"damage":0,"enemies":"Cultist","floor":5,"turns":4},{"damage":30,"enemies":"Lagavulin","floor":6,"turns":8},{"damage":34,"enemies":"3 Sentries","floor":8,"turns":7},{"damage":1,"enemies":"Red Slaver","floor":10,"turns":4},{"damage":0,"enemies":"3 Louse","floor":11,"turns":3},{"damage":19,"enemies":"Gremlin Nob","floor":13,"turns":5},{"damage":22,"enemies":"Slime Boss","floor":16,"turns":6}],"seed_played":"-5633585980275328589","potions_obtained":[{"floor":1,"key":"SkillPotion"},{"floor":6,"key":"GamblersBrew"},{"floor":10,"key":"Weak Potion"}],"is_trial":false,"path_per_floor":["?","?"],"character_chosen":"THE_SILENT","items_purchased":["Bouncing Flask"],"campfire_rested":3,"item_purchase_floors":[14],"current_hp_per_floor":[57,49,49,49,49,19,38,4,4,3,3,22,3,3,22,0],"gold":96,"neow_bonus":"REMOVE_CARD","is_prod":false,"is_daily":false,"chose_seed":false,"campfire_upgraded":0,"win_rate":0,"timestamp":1549814786,"path_taken":["M","M","?","?","M","E","R","E","T","M","M","R","E","$","R","BOSS"],"build_version":"2019-01-23","purchased_purges":1,"victory":false,"max_hp_per_floor":[66,66,66,66,66,66,66,66,66,66,66,66,66,66,66,66],"card_choices":[{"not_picked":["Tactician","Prepared"],"picked":"Deflect","floor":1},{"not_picked":["Prepared","Acrobatics"],"picked":"Noxious Fumes","floor":2},{"not_picked":["Acrobatics","Bane"],"picked":"Dagger Spray","floor":5},{"not_picked":["Deflect","Distraction"],"picked":"Flying Knee","floor":6},{"not_picked":["Escape Plan","Dagger Throw"],"picked":"Deadly Poison","floor":8},{"not_picked":["Noxious Fumes","Calculated Gamble"],"picked":"Footwork","floor":10},{"not_picked":["Underhanded Strike","Flying Knee","Finisher"],"picked":"SKIP","floor":11},{"not_picked":["Expertise","Quick Slash"],"picked":"Die Die Die","floor":13}],"player_experience":323856,"relics_obtained":[{"floor":6,"key":"Tiny Chest"},{"floor":8,"key":"Ginger"},{"floor":9,"key":"Bottled Tornado"},{"floor":13,"key":"Bag of Marbles"}],"event_choices":[{"cards_removed":["Defend_G"],"damage_healed":0,"gold_gain":0,"player_choice":"Card Removal","damage_taken":0,"max_hp_gain":0,"max_hp_loss":0,"event_name":"The Cleric","floor":3,"gold_loss":75},{"damage_healed":0,"gold_gain":0,"player_choice":"Forge","damage_taken":0,"max_hp_gain":0,"max_hp_loss":0,"event_name":"Accursed Blacksmith","floor":4,"gold_loss":0,"cards_upgraded":["Noxious Fumes"]}],"is_beta":false,"boss_relics":[],"items_purged_floors":[14],"is_endless":false,"potions_floor_spawned":[1,6,10],"killed_by":"Slime Boss","ascension_level":16}