{"gold_per_floor":[113,132,132,132,132,132,162,182,182,182,212,227,109,127,127,222,222,236,335,335,335,353,353,386,397,423,32,52,2,2,2,2,107,107,122,141,152,163,163,163,181,0,0,0,0,0,0,13,13,13],"floor_reached":51,"playtime":3696,"items_purged":["Strike_R","Strike_R"],"score":875,"play_id":"6ae423dc-63d6-47e4-ba74-a85f9534fdcb","local_time":"20190213014156","is_ascension_mode":true,"campfire_choices":[{"floor":6,"key":"REST"},{"floor":10,"key":"REST"},{"floor":15,"key":"REST"},{"data":"Sword Boomerang","floor":23,"key":"SMITH"},{"floor":30,"key":"REST"},{"floor":32,"key":"REST"},{"floor":40,"key":"REST"},{"floor":44,"key":"REST"},{"data":"Iron Wave","floor":46,"key":"SMITH"},{"data":"Iron Wave","floor":49,"key":"SMITH"}],"neow_cost":"PERCENT_DAMAGE","seed_source_timestamp":28957025658134,"circlet_count":0,"master_deck":["Strike_R","Strike_R","Strike_R","Defend_R","Defend_R","Defend_R","Defend_R","Bash+1","Hemokinesis+1","Iron Wave+1","Pummel","Iron Wave+1","Rupture","Battle Trance","Intimidate","Offering","Seeing Red","J.A.X.","Sword Boomerang+1","Havoc","Ghostly Armor","Impervious","Iron Wave+1","Parasite","Limit Break+1"],"relics":["Burning Blood","Calipers","Charon\u0027s Ashes","Dead Branch","Ice Cream","Smiling Mask","Philosopher\u0027s Stone","Pantograph","Bronze Scales","Red Skull","Blood Vial","Eternal Feather","Red Mask","FossilizedHelix"],"potions_floor_usage":[18,24,25,33,37,48,48,50],"damage_taken":[{"damage":19,"enemies":"Jaw Worm","floor":1,"turns":6},{"damage":4,"enemies":"Cultist","floor":2,"turns":4},{"damage":19,"enemies":"3 Sentries","floor":7,"turns":7},{"damage":11,"enemies":"Small Slimes","floor":8,"turns":4},{"damage":29,"enemies":"Gremlin Nob","floor":11,"turns":4},{"damage":17,"enemies":"Gremlin Gang","floor":12,"turns":4},{"damage":6,"enemies":"Large Slime","floor":14,"turns":7},{"damage":52,"enemies":"The Guardian","floor":16,"turns":11},{"damage":20,"enemies":"Spheric Guardian","floor":18,"turns":4},{"damage":5,"enemies":"Chosen","floor":22,"turns":3},{"damage":36,"enemies":"Book of Stabbing","floor":24,"turns":3},{"damage":20,"enemies":"Snake Plant","floor":25,"turns":4},{"damage":15,"enemies":"Chosen and Byrds","floor":28,"turns":4},{"damage":45,"enemies":"Champ","floor":33,"turns":6},{"damage":20,"enemies":"3 Shapes","floor":35,"turns":5},{"damage":32,"enemies":"3 Darklings","floor":36,"turns":6},{"damage":26,"enemies":"Writhing Mass","floor":37,"turns":6},{"damage":12,"enemies":"Jaw Worm Horde","floor":38,"turns":2},{"damage":30,"enemies":"4 Shapes","floor":41,"turns":5},{"damage":14,"enemies":"Transient","floor":48,"turns":5},{"damage":75,"enemies":"Awakened One","floor":50,"turns":8}],"seed_played":"-3415835975474249227","potions_obtained":[{"floor":1,"key":"Energy Potion"},{"floor":12,"key":"SteroidPotion"},{"floor":14,"key":"Weak Potion"},{"floor":21,"key":"GamblersBrew"},{"floor":21,"key":"AttackPotion"},{"floor":21,"key":"SkillPotion"},{"floor":24,"key":"Regen Potion"},{"floor":33,"key":"Regen Potion"},{"floor":35,"key":"Fire Potion"},{"floor":38,"key":"GamblersBrew"}],"is_trial":false,"path_per_floor":["M","M","?","?","?","R","E","M","T","R","E","M","$","M","R","B",null,"M","?","?","?","M","R","E","M","T","$","M","$","R","$","R","B",null,"M","M","M","M","?","R","M","?","T","R","?","R","$","M","R","B",null],"character_chosen":"IRONCLAD","items_purchased":["Battle Trance","Ghostly Armor","Red Skull","Blood Vial"],"campfire_rested":7,"item_purchase_floors":[13,27,27,27],"current_hp_per_floor":[38,40,37,37,37,61,48,43,43,67,44,33,33,33,57,11,63,49,49,49,49,50,50,20,18,18,18,11,11,35,35,59,41,70,58,34,16,12,12,51,29,29,29,68,68,80,80,72,80,26],"gold":13,"neow_bonus":"ONE_RARE_RELIC","is_prod":false,"is_daily":false,"chose_seed":false,"campfire_upgraded":3,"win_rate":0,"timestamp":1550040116,"path_taken":["M","M","?","?","?","R","E","?","T","R","E","M","$","M","R","BOSS","M","?","?","?","?","R","E","M","T","$","?","$","R","$","R","BOSS","M","M","M","?","?","R","M","?","T","R","?","R","$","M","R","BOSS"],"build_version":"2019-01-23","purchased_purges":2,"victory":true,"max_hp_per_floor":[80,80,80,80,80,80,80,80,80,80,80,80,80,80,80,80,80,80,80,80,80,80,80,80,80,80,80,80,80,80,80,80,80,80,80,80,80,80,80,80,80,80,80,80,80,80,80,80,80,80],"card_choices":[{"not_picked":["Rage","Twin Strike"],"picked":"Hemokinesis","floor":1},{"not_picked":["Ghostly Armor","Bloodletting"],"picked":"Iron Wave","floor":2},{"not_picked":["Clash","Evolve","Perfected Strike"],"picked":"SKIP","floor":7},{"not_picked":["Blood for Blood","Cleave"],"picked":"Pummel","floor":8},{"not_picked":["Body Slam","Cleave"],"picked":"Iron Wave","floor":11},{"not_picked":["Headbutt","Twin Strike"],"picked":"Rupture","floor":12},{"not_picked":["Iron Wave","Shrug It Off"],"picked":"Intimidate","floor":14},{"not_picked":["Exhume","Dark Embrace"],"picked":"Offering","floor":16},{"not_picked":["Reckless Charge","Clothesline"],"picked":"Seeing Red","floor":18},{"not_picked":["Dual Wield","Havoc"],"picked":"Sword Boomerang","floor":22},{"not_picked":["Entrench","Battle Trance","Havoc"],"picked":"SKIP","floor":24},{"not_picked":["Anger","Headbutt"],"picked":"Havoc","floor":25},{"not_picked":["Heavy Blade","Perfected Strike","Searing Blow"],"picked":"SKIP","floor":28},{"not_picked":["Feed","Double Tap"],"picked":"Impervious","floor":33},{"not_picked":["Twin Strike","Pommel Strike"],"picked":"Bloodletting","floor":35},{"not_picked":["Uppercut","Armaments+1"],"picked":"Iron Wave+1","floor":36},{"not_picked":["Pommel Strike","Body Slam","Perfected Strike+1"],"picked":"SKIP","floor":37},{"not_picked":["Uppercut+1","Twin Strike+1"],"picked":"Limit Break","floor":38},{"not_picked":["Burning Pact","Pommel Strike+1","Wild Strike+1"],"picked":"SKIP","floor":41},{"not_picked":["Thunderclap+1","Warcry+1","Perfected Strike+1"],"picked":"SKIP","floor":48}],"player_experience":423394,"relics_obtained":[{"floor":7,"key":"Dead Branch"},{"floor":9,"key":"Ice Cream"},{"floor":11,"key":"Smiling Mask"},{"floor":24,"key":"Pantograph"},{"floor":26,"key":"Bronze Scales"},{"floor":43,"key":"FossilizedHelix"}],"event_choices":[{"damage_healed":0,"gold_gain":0,"player_choice":"Success","damage_taken":3,"relics_obtained":["Charon\u0027s Ashes"],"max_hp_gain":0,"max_hp_loss":0,"event_name":"Scrap Ooze","floor":3,"gold_loss":0},{"damage_healed":0,"gold_gain":0,"player_choice":"Grow","damage_taken":0,"max_hp_gain":0,"max_hp_loss":0,"event_name":"Living Wall","floor":4,"gold_loss":0,"cards_upgraded":["Hemokinesis"]},{"damage_healed":0,"gold_gain":0,"player_choice":"Forge","damage_taken":0,"max_hp_gain":0,"max_hp_loss":0,"event_name":"Accursed Blacksmith","floor":5,"gold_loss":0,"cards_upgraded":["Bash"]},{"damage_healed":0,"gold_gain":99,"player_choice":"Stole From Cult","damage_taken":0,"max_hp_gain":0,"max_hp_loss":0,"event_name":"Nest","floor":19,"gold_loss":0},{"damage_healed":0,"gold_gain":0,"player_choice":"Obtain J.A.X.","damage_taken":0,"max_hp_gain":0,"max_hp_loss":0,"event_name":"Drug Dealer","floor":20,"gold_loss":0,"cards_obtained":["J.A.X."]},{"damage_healed":0,"gold_gain":0,"player_choice":"Got Potions","damage_taken":0,"max_hp_gain":0,"max_hp_loss":0,"event_name":"Lab","floor":21,"gold_loss":0},{"cards_removed":["Bloodletting"],"damage_healed":0,"gold_gain":0,"player_choice":"Removed Skill","damage_taken":0,"max_hp_gain":0,"max_hp_loss":0,"event_name":"Falling","floor":39,"gold_loss":0},{"damage_healed":0,"gold_gain":0,"player_choice":"Paid","damage_taken":0,"relics_obtained":["Red Mask"],"max_hp_gain":0,"max_hp_loss":0,"event_name":"Tomb of Lord Red Mask","floor":42,"gold_loss":181},{"damage_healed":0,"gold_gain":0,"player_choice":"Upgraded","damage_taken":0,"max_hp_gain":0,"max_hp_loss":0,"event_name":"Upgrade Shrine","floor":45,"gold_loss":0,"cards_upgraded":["Limit Break"]}],"is_beta":false,"boss_relics":[{"not_picked":["Astrolabe","White Beast Statue"],"picked":"Philosopher\u0027s Stone"},{"not_picked":["Lizard Tail","Mark of Pain"],"picked":"Eternal Feather"}],"items_purged_floors":[13,29],"is_endless":false,"potions_floor_spawned":[1,12,14,22,24,33,35,38,41],"ascension_level":8}