{"path_per_floor":["M","?","M","M","M","R","M","R","T","$","?","?","M","?","R","B",null,"M","M","$","?","?","M","R","M","T"],"character_chosen":"IRONCLAD","items_purchased":["Blood Vial","Molten Egg 2"],"gold_per_floor":[116,116,136,149,160,160,178,178,178,22,22,122,137,137,137,241,241,257,275,27,27,27,39,39,57,57],"floor_reached":27,"campfire_rested":1,"playtime":873,"current_hp_per_floor":[80,80,80,78,80,80,80,80,80,80,80,80,80,80,80,21,80,61,45,45,45,45,38,62,62,62],"items_purged":[],"gold":57,"score":205,"play_id":"1a935b1e-fd67-490e-a5f2-af1ac48286cc","is_prod":false,"is_daily":false,"is_ascension_mode":false,"campfire_upgraded":3,"path_taken":["M","?","M","M","M","R","M","R","T","$","?","?","M","?","R","BOSS","M","M","?","?","?","M","R","M","T","M"],"build_version":"2018-02-22-PROD2","purchased_purges":0,"victory":false,"master_deck":["Strike_R","Strike_R","Strike_R","Defend_R","Defend_R","Defend_R","Bash","Whirlwind+1","Thunderclap","Cleave","Perfected Strike+1","Whirlwind+1","Flame Barrier","Seeing Red+1","Inflame","Sword Boomerang+1","Double Tap"],"max_hp_per_floor":[80,80,80,80,80,80,80,80,80,80,80,80,80,80,80,80,80,80,80,80,80,80,80,80,80,80],"relics":["Burning Blood","Pen Nib","Prayer Wheel","Blood Vial","White Beast Statue","Molten Egg 2","Charon\u0027s Ashes"],"card_choices":[{"not_picked":["Feel No Pain","Carnage"],"picked":"Whirlwind"},{"not_picked":["Cleave","Pommel Strike"],"picked":"Thunderclap"},{"not_picked":["Exhume","Twin Strike"],"picked":"Cleave"},{"not_picked":["Iron Wave","Anger"],"picked":"Perfected Strike"},{"not_picked":["Intimidate","Pommel Strike"],"picked":"Whirlwind"},{"not_picked":["Perfected Strike","Carnage"],"picked":"Seeing Red"},{"not_picked":["Ghostly Armor","Anger"],"picked":"Inflame"},{"not_picked":["Shrug It Off","Uppercut"],"picked":"Sword Boomerang"},{"not_picked":["Iron Wave","Perfected Strike"],"picked":"Double Tap"}],"player_experience":162661,"potions_floor_usage":[23,23,27,27],"damage_taken":[{"damage":6,"enemies":"Small Slimes","floor":1,"turns":4},{"damage":6,"enemies":"Cultist","floor":3,"turns":3},{"damage":8,"enemies":"Jaw Worm","floor":4,"turns":4},{"damage":3,"enemies":"Exordium Wildlife","floor":5,"turns":3},{"damage":0,"enemies":"Gremlin Gang","floor":7,"turns":2},{"damage":0,"enemies":"2 Fungi Beasts","floor":13,"turns":1},{"damage":65,"enemies":"The Guardian","floor":16,"turns":10},{"damage":25,"enemies":"Chosen","floor":18,"turns":4},{"damage":24,"enemies":"Shell Parasite","floor":19,"turns":4},{"damage":21,"enemies":"Sentry and Sphere","floor":23,"turns":4},{"damage":8,"enemies":"3 Cultists","floor":25,"turns":3},{"damage":67,"enemies":"Slaver and Parasite","floor":27,"turns":6}],"event_choices":[{"event_name":"Bonfire Elementals","player_choice":"BASIC","floor":2,"damage_taken":0},{"event_name":"Transmorgrifier","player_choice":"Transform","floor":11,"damage_taken":0},{"event_name":"Golden Shrine","player_choice":"Pray","floor":12,"damage_taken":0},{"event_name":"Upgrade Shrine","player_choice":"Upgraded","floor":14,"damage_taken":0},{"event_name":"Purifier","player_choice":"One Purge","floor":21,"damage_taken":0},{"event_name":"Drug Dealer","player_choice":"Ignored","floor":22,"damage_taken":0}],"boss_relics":[{"not_picked":["Orrery","Runic Cube"],"picked":"White Beast Statue"}],"potions_floor_spawned":[1,3,5,18,19,23,25],"seed_played":"-3644996057402352705","killed_by":"Slaver and Parasite","ascension_level":0,"is_trial":false}