{"gold_per_floor":[116,127,102,119,131,131,157,157,157,157,182,182,195,195,195,296,296,322,349,361],"floor_reached":20,"playtime":1664,"items_purged":[],"score":237,"play_id":"3ba66da6-1a4b-4623-9b73-9ec0ce0da15a","local_time":"20190214165644","is_ascension_mode":true,"campfire_choices":[{"data":"Armaments","floor":6,"key":"SMITH"},{"floor":8,"key":"REST"},{"data":"Clothesline","floor":10,"key":"SMITH"},{"data":"Exhume","floor":12,"key":"SMITH"},{"data":"Thunderclap","floor":15,"key":"SMITH"}],"neow_cost":"NONE","seed_source_timestamp":19138562008100,"circlet_count":0,"master_deck":["Strike_R","Strike_R","Strike_R","Strike_R","Defend_R","Defend_R","Defend_R","Defend_R","Bash+1","Second Wind","Clothesline+1","Armaments+1","Thunderclap+1","Impervious","Exhume+1","Spot Weakness","Demon Form","Clumsy","Injury","Regret","Seeing Red+1"],"relics":["Burning Blood","Orichalcum","Bronze Scales","Darkstone Periapt","Calling Bell","MawBank","Pantograph","Torii"],"potions_floor_usage":[7,19,20],"damage_taken":[{"damage":5,"enemies":"2 Louse","floor":1,"turns":3},{"damage":0,"enemies":"Small Slimes","floor":2,"turns":3},{"damage":2,"enemies":"Jaw Worm","floor":4,"turns":5},{"damage":38,"enemies":"Exordium Thugs","floor":5,"turns":6},{"damage":42,"enemies":"3 Sentries","floor":7,"turns":8},{"damage":15,"enemies":"Gremlin Nob","floor":11,"turns":5},{"damage":4,"enemies":"Looter","floor":13,"turns":4},{"damage":20,"enemies":"Slime Boss","floor":16,"turns":10},{"damage":25,"enemies":"Chosen","floor":18,"turns":7},{"damage":20,"enemies":"3 Byrds","floor":19,"turns":4},{"damage":65,"enemies":"Sentry and Sphere","floor":20,"turns":8}],"seed_played":"-7540281006387347109","potions_obtained":[{"floor":5,"key":"LiquidBronze"},{"floor":7,"key":"Explosive Potion"},{"floor":11,"key":"Strength Potion"},{"floor":16,"key":"SmokeBomb"},{"floor":18,"key":"PowerPotion"}],"is_trial":false,"path_per_floor":["M","M","$","M","M","R","E","R","T","R","E","R","M","?","R","B",null,"M","M","M"],"character_chosen":"IRONCLAD","items_purchased":["Thunderclap"],"campfire_rested":1,"item_purchase_floors":[3],"current_hp_per_floor":[80,80,80,80,48,48,12,36,36,36,27,27,29,29,29,15,98,79,65,0],"gold":361,"neow_bonus":"TRANSFORM_CARD","is_prod":false,"is_daily":false,"chose_seed":false,"campfire_upgraded":4,"win_rate":0,"timestamp":1550159804,"path_taken":["M","M","$","M","M","R","E","R","T","R","E","R","M","?","R","BOSS","M","M","M"],"build_version":"2019-01-23","purchased_purges":0,"victory":false,"max_hp_per_floor":[80,80,80,80,80,80,80,80,80,80,80,80,80,80,80,80,98,98,98,98],"card_choices":[{"not_picked":["Armaments","Blood for Blood"],"picked":"Clothesline","floor":1},{"not_picked":["Sword Boomerang","Iron Wave"],"picked":"Armaments","floor":2},{"not_picked":["Perfected Strike","Sword Boomerang","Havoc"],"picked":"SKIP","floor":4},{"not_picked":["Havoc","Flex","Entrench"],"picked":"SKIP","floor":5},{"not_picked":["Cleave","Second Wind"],"picked":"Impervious","floor":7},{"not_picked":["Ghostly Armor","Flame Barrier"],"picked":"Exhume","floor":11},{"not_picked":["Sword Boomerang","Twin Strike"],"picked":"Spot Weakness","floor":13},{"not_picked":["Barricade","Exhume"],"picked":"Demon Form","floor":16},{"not_picked":["Perfected Strike","Headbutt+1"],"picked":"Seeing Red+1","floor":18},{"not_picked":["Bloodletting","Wild Strike","Iron Wave+1"],"picked":"SKIP","floor":19}],"player_experience":188631,"relics_obtained":[{"floor":7,"key":"Orichalcum"},{"floor":9,"key":"Bronze Scales"},{"floor":11,"key":"Darkstone Periapt"},{"floor":17,"key":"MawBank"},{"floor":17,"key":"Pantograph"},{"floor":17,"key":"Torii"}],"event_choices":[{"damage_healed":0,"gold_gain":0,"player_choice":"Grow","damage_taken":0,"max_hp_gain":0,"max_hp_loss":0,"event_name":"Living Wall","floor":14,"gold_loss":0,"cards_upgraded":["Bash"]}],"is_beta":false,"boss_relics":[{"not_picked":["Sozu","Black Blood"],"picked":"Calling Bell"}],"items_purged_floors":[],"is_endless":false,"potions_floor_spawned":[5,7,11,16,18],"killed_by":"Sentry and Sphere","ascension_level":3}