{"gold_per_floor":[116,134,134,148,160,160,187,187,187,203,203,227,254,98,98,203,203,222,242,242,80,100,130,180,199,199,131,150,150,150,250,250,346,346,358,358,358,286,286,286,315,415,415,429,457,0,20,32,32,32],"floor_reached":51,"playtime":4937,"items_purged":["Defend_G"],"score":973,"play_id":"c1d37934-7f43-4821-ab00-e38efd911118","local_time":"20190129164109","is_ascension_mode":true,"campfire_choices":[{"data":"Bouncing Flask","floor":6,"key":"SMITH"},{"data":"Backflip","floor":8,"key":"SMITH"},{"data":"Neutralize","floor":11,"key":"SMITH"},{"floor":15,"key":"REST"},{"floor":30,"key":"REST"},{"floor":32,"key":"REST"},{"floor":40,"key":"REST"},{"floor":49,"key":"REST"}],"neow_cost":"TEN_PERCENT_HP_LOSS","seed_source_timestamp":61127076483700,"circlet_count":0,"master_deck":["Defend_G+1","Defend_G+1","Strike_G+1","Strike_G+1","Strike_G+1","Strike_G+1","Survivor+1","Neutralize+1","Bouncing Flask+1","Poisoned Stab+1","Backflip+1","Poisoned Stab","Dagger Throw","Sucker Punch+1","Bane+1","Backflip","Leg Sweep","Glass Knife+1","Deadly Poison+1","Mayhem","Leg Sweep+1","Dodge and Roll+1","PiercingWail+1","Footwork","Flying Knee+1","Necronomicurse","Poisoned Stab+1","Malaise","Finesse","Catalyst","Madness","Madness","Predator+1","Acrobatics+1","Outmaneuver+1","Burst"],"relics":["Ring of the Snake","Whetstone","Molten Egg 2","Odd Mushroom","Thread and Needle","Sozu","Blood Vial","Matryoshka","Necronomicon","Calipers","Letter Opener","Fusion Hammer","Boot","Shovel","Potion Belt","Mummified Hand","FossilizedHelix","Red Mask"],"potions_floor_usage":[7,7,13,50],"damage_taken":[{"damage":0,"enemies":"Jaw Worm","floor":1,"turns":7},{"damage":0,"enemies":"2 Louse","floor":2,"turns":3},{"damage":0,"enemies":"Small Slimes","floor":4,"turns":3},{"damage":9,"enemies":"Gremlin Gang","floor":5,"turns":5},{"damage":7,"enemies":"Gremlin Nob","floor":7,"turns":3},{"damage":2,"enemies":"Exordium Wildlife","floor":10,"turns":3},{"damage":6,"enemies":"The Mushroom Lair","floor":12,"turns":4},{"damage":20,"enemies":"Lagavulin","floor":13,"turns":5},{"damage":0,"enemies":"Slime Boss","floor":16,"turns":8},{"damage":0,"enemies":"Spheric Guardian","floor":18,"turns":3},{"damage":4,"enemies":"2 Thieves","floor":19,"turns":3},{"damage":0,"enemies":"Cultist and Chosen","floor":22,"turns":5},{"damage":19,"enemies":"Gremlin Leader","floor":23,"turns":7},{"damage":0,"enemies":"Snecko","floor":25,"turns":3},{"damage":0,"enemies":"Chosen and Byrds","floor":28,"turns":5},{"damage":11,"enemies":"Colosseum Slavers","floor":31,"turns":4},{"damage":0,"enemies":"Colosseum Nobs","floor":31,"turns":4},{"damage":25,"enemies":"Automaton","floor":33,"turns":11},{"damage":8,"enemies":"3 Shapes","floor":35,"turns":4},{"damage":8,"enemies":"Giant Head","floor":41,"turns":8},{"damage":0,"enemies":"Mind Bloom Boss Battle","floor":42,"turns":5},{"damage":0,"enemies":"Orb Walker","floor":44,"turns":2},{"damage":0,"enemies":"Nemesis","floor":45,"turns":6},{"damage":24,"enemies":"Sphere and 2 Shapes","floor":47,"turns":4},{"damage":0,"enemies":"Writhing Mass","floor":48,"turns":5},{"damage":54,"enemies":"Time Eater","floor":50,"turns":13}],"seed_played":"-7229174582738793072","potions_obtained":[{"floor":2,"key":"Poison Potion"},{"floor":5,"key":"Regen Potion"},{"floor":12,"key":"SpeedPotion"},{"floor":16,"key":"PowerPotion"}],"is_trial":false,"path_per_floor":["?","?","?","?","M","?","?","?","?","?","?","?"],"character_chosen":"THE_SILENT","items_purchased":["Leg Sweep","Mayhem","Footwork","Catalyst"],"campfire_rested":5,"item_purchase_floors":[14,21,27,38],"current_hp_per_floor":[63,63,50,50,41,41,46,46,46,44,44,38,18,18,36,36,56,56,52,52,52,52,33,33,35,35,35,37,21,39,32,50,27,54,48,48,48,48,40,58,52,54,54,56,58,58,36,38,56,4],"gold":32,"neow_bonus":"REMOVE_TWO","is_prod":false,"is_daily":false,"chose_seed":false,"campfire_upgraded":3,"win_rate":0,"timestamp":1548747669,"path_taken":["M","M","?","M","M","R","E","R","T","M","R","?","E","$","R","BOSS","M","M","?","$","M","E","?","M","T","$","?","?","R","?","R","BOSS","M","?","?","$","?","R","E","?","T","M","E","?","M","M","R","BOSS"],"build_version":"2019-01-23","purchased_purges":1,"victory":true,"max_hp_per_floor":[63,63,63,63,63,63,63,63,63,63,63,63,63,63,63,63,63,63,63,63,63,63,63,63,63,63,63,63,63,63,63,63,63,63,63,63,63,63,63,63,63,63,63,63,63,63,63,63,63,63],"card_choices":[{"not_picked":["Deadly Poison","Backflip"],"picked":"Bouncing Flask","floor":1},{"not_picked":["Masterful Stab","Cloak And Dagger"],"picked":"Poisoned Stab","floor":2},{"not_picked":["Underhanded Strike","Night Terror"],"picked":"Backflip","floor":4},{"not_picked":["Predator","Flying Knee"],"picked":"Poisoned Stab","floor":5},{"not_picked":["Choke","Underhanded Strike"],"picked":"Dagger Throw","floor":7},{"not_picked":["Outmaneuver","Accuracy"],"picked":"Sucker Punch+1","floor":10},{"not_picked":["Poisoned Stab+1","Sucker Punch+1"],"picked":"Bane+1","floor":12},{"not_picked":["Outmaneuver","Envenom"],"picked":"Backflip","floor":13},{"not_picked":["Storm of Steel","Phantasmal Killer"],"picked":"Glass Knife+1","floor":16},{"not_picked":["Cloak And Dagger","Bane+1"],"picked":"Deadly Poison+1","floor":18},{"not_picked":["Dagger Throw+1","Quick Slash+1","Terror"],"picked":"SKIP","floor":19},{"not_picked":["Deflect","Setup"],"picked":"Leg Sweep+1","floor":22},{"not_picked":["Riddle With Holes+1","Dagger Throw+1"],"picked":"Dodge and Roll+1","floor":23},{"not_picked":["Sucker Punch+1","A Thousand Cuts"],"picked":"PiercingWail+1","floor":25},{"not_picked":["Dagger Throw+1","Deflect"],"picked":"Flying Knee+1","floor":28},{"not_picked":["Prepared","Accuracy+1"],"picked":"Poisoned Stab+1","floor":31},{"not_picked":["A Thousand Cuts","Venomology"],"picked":"Malaise","floor":33},{"not_picked":["Prepared","Tactician","Sucker Punch+1"],"picked":"SKIP","floor":35},{"not_picked":["Impatience","Dramatic Entrance+1"],"picked":"Finesse","floor":36},{"not_picked":["Concentrate","Riddle With Holes+1"],"picked":"Predator+1","floor":41},{"not_picked":["PiercingWail","Caltrops+1"],"picked":"Acrobatics+1","floor":42},{"not_picked":["Dodge and Roll","Acrobatics"],"picked":"Outmaneuver+1","floor":44},{"not_picked":["Flying Knee+1","Dagger Spray+1","Dash+1"],"picked":"SKIP","floor":45},{"not_picked":["Poisoned Stab+1","Expertise"],"picked":"Burst","floor":47},{"not_picked":["Noxious Fumes","Dagger Throw+1","Outmaneuver+1"],"picked":"SKIP","floor":48}],"player_experience":95595,"relics_obtained":[{"floor":7,"key":"Whetstone"},{"floor":9,"key":"Molten Egg 2"},{"floor":12,"key":"Odd Mushroom"},{"floor":13,"key":"Thread and Needle"},{"floor":23,"key":"Blood Vial"},{"floor":26,"key":"Matryoshka"},{"floor":29,"key":"Necronomicon"},{"floor":31,"key":"Calipers"},{"floor":31,"key":"Letter Opener"},{"floor":41,"key":"Boot"},{"floor":42,"key":"Shovel"},{"floor":43,"key":"Potion Belt"},{"floor":43,"key":"Mummified Hand"},{"floor":45,"key":"FossilizedHelix"}],"event_choices":[{"damage_healed":0,"gold_gain":0,"player_choice":"Entered Light","damage_taken":13,"max_hp_gain":0,"max_hp_loss":0,"event_name":"Shining Light","floor":3,"gold_loss":0,"cards_upgraded":["Strike_G","Survivor"]},{"damage_healed":0,"gold_gain":0,"player_choice":"Fought Mushrooms","damage_taken":0,"max_hp_gain":0,"max_hp_loss":0,"event_name":"Mushrooms","floor":12,"gold_loss":0},{"damage_healed":0,"gold_gain":0,"player_choice":"Simplicity","damage_taken":0,"max_hp_gain":0,"max_hp_loss":0,"event_name":"Back to Basics","floor":20,"gold_loss":0,"cards_upgraded":["Defend_G","Defend_G","Defend_G","Strike_G","Strike_G"]},{"damage_healed":0,"gold_gain":100,"player_choice":"Bet on Murderer","damage_taken":0,"max_hp_gain":0,"max_hp_loss":0,"event_name":"The Joust","floor":24,"gold_loss":50},{"damage_healed":0,"gold_gain":0,"player_choice":"Obtained Book","damage_taken":16,"max_hp_gain":0,"max_hp_loss":0,"event_name":"Cursed Tome","floor":29,"gold_loss":0},{"damage_healed":0,"gold_gain":0,"player_choice":"Fight","damage_taken":0,"max_hp_gain":0,"max_hp_loss":0,"event_name":"Colosseum","floor":31,"gold_loss":0},{"damage_healed":0,"gold_gain":0,"player_choice":"Fought Nobs","damage_taken":0,"max_hp_gain":0,"max_hp_loss":0,"event_name":"Colosseum","floor":31,"gold_loss":0},{"damage_healed":0,"gold_gain":0,"player_choice":"Memory 1","damage_taken":0,"max_hp_gain":0,"max_hp_loss":0,"event_name":"SensoryStone","floor":36,"gold_loss":0},{"cards_removed":["Defend_G"],"damage_healed":0,"gold_gain":0,"player_choice":"Removed Skill","damage_taken":0,"max_hp_gain":0,"max_hp_loss":0,"event_name":"Falling","floor":37,"gold_loss":0},{"damage_healed":0,"gold_gain":0,"player_choice":"Embrace Madness","damage_taken":8,"max_hp_gain":0,"max_hp_loss":0,"event_name":"Winding Halls","floor":39,"gold_loss":0,"cards_obtained":["Madness","Madness"]},{"damage_healed":0,"gold_gain":0,"player_choice":"Fight","damage_taken":0,"max_hp_gain":0,"max_hp_loss":0,"event_name":"MindBloom","floor":42,"gold_loss":0},{"damage_healed":0,"gold_gain":0,"player_choice":"Paid","damage_taken":0,"relics_obtained":["Red Mask"],"max_hp_gain":0,"max_hp_loss":0,"event_name":"Tomb of Lord Red Mask","floor":46,"gold_loss":457}],"is_beta":false,"boss_relics":[{"not_picked":["Cursed Key","Astrolabe"],"picked":"Sozu"},{"not_picked":["Calling Bell","Eternal Feather"],"picked":"Fusion Hammer"}],"items_purged_floors":[14],"is_endless":false,"potions_floor_spawned":[2,5,12,16,22,23,28,31,31,41,45,47],"ascension_level":5}