{"gold_per_floor":[110,129,129,143,162,162,197,214,282,302,332,332,350,165,165,265,265,284,284,284,149,163,163,193,223,235,261,298,327,399,430,442,454],"floor_reached":33,"playtime":3686,"items_purged":["Defend_R","Searing Blow"],"score":337,"play_id":"454b5cbc-bf7f-478f-9c68-0e946987382b","local_time":"20190208155925","is_ascension_mode":true,"campfire_choices":[{"data":"Shrug It Off","floor":6,"key":"SMITH"},{"floor":12,"key":"REST"},{"data":"Anger","floor":15,"key":"SMITH"},{"data":"RitualDagger","floor":23,"key":"SMITH"},{"floor":32,"key":"REST"}],"neow_cost":"NONE","seed_source_timestamp":924388372348400,"circlet_count":0,"master_deck":["Strike_R+1","Strike_R","Strike_R","Strike_R+1","Strike_R","Defend_R","Bash","Flame Barrier","Shrug It Off+1","True Grit","Clothesline","Battle Trance","Flame Barrier","Anger+1","True Grit","Dramatic Entrance","Demon Form+1","Headbutt+1","Anger","RitualDagger+1","Dual Wield","Metallicize+1","Anger+1","Warcry","Feed","Iron Wave+1","Dual Wield","Ghostly Armor","Heavy Blade"],"relics":["Burning Blood","Frozen Egg 2","Pantograph","Nunchaku","Velvet Choker","MawBank","Whetstone","Tiny Chest"],"potions_floor_usage":[11,22,28,30,31,33,33],"damage_taken":[{"damage":4,"enemies":"2 Louse","floor":1,"turns":3},{"damage":0,"enemies":"Cultist","floor":2,"turns":3},{"damage":6,"enemies":"Jaw Worm","floor":4,"turns":4},{"damage":3,"enemies":"3 Louse","floor":5,"turns":5},{"damage":58,"enemies":"Lagavulin","floor":7,"turns":9},{"damage":8,"enemies":"Exordium Wildlife","floor":8,"turns":8},{"damage":11,"enemies":"Lots of Slimes","floor":10,"turns":5},{"damage":27,"enemies":"Gremlin Nob","floor":11,"turns":7},{"damage":1,"enemies":"Exordium Thugs","floor":13,"turns":7},{"damage":32,"enemies":"The Guardian","floor":16,"turns":11},{"damage":7,"enemies":"Shell Parasite","floor":18,"turns":6},{"damage":0,"enemies":"3 Byrds","floor":22,"turns":3},{"damage":44,"enemies":"Slavers","floor":24,"turns":6},{"damage":20,"enemies":"Centurion and Healer","floor":25,"turns":7},{"damage":20,"enemies":"Cultist and Chosen","floor":27,"turns":7},{"damage":20,"enemies":"Gremlin Leader","floor":28,"turns":4},{"damage":0,"enemies":"Chosen and Byrds","floor":29,"turns":5},{"damage":6,"enemies":"Book of Stabbing","floor":30,"turns":4},{"damage":15,"enemies":"Snake Plant","floor":31,"turns":5},{"damage":79,"enemies":"Collector","floor":33,"turns":7}],"seed_played":"-4383211659015220335","potions_obtained":[{"floor":1,"key":"SkillPotion"},{"floor":7,"key":"Weak Potion"},{"floor":10,"key":"GamblersBrew"},{"floor":13,"key":"GamblersBrew"},{"floor":16,"key":"PowerPotion"},{"floor":18,"key":"Swift Potion"},{"floor":27,"key":"Energy Potion"},{"floor":29,"key":"BloodPotion"},{"floor":30,"key":"Strength Potion"}],"is_trial":false,"path_per_floor":["M","M","?","M","M","R","E","M","T","M","E","R","M","$","R","B",null,"M","?","?","$","M","R","E","M","T","M","E","M","E","M","R","B"],"character_chosen":"IRONCLAD","items_purchased":["True Grit","Dramatic Entrance","Dual Wield"],"campfire_rested":2,"item_purchase_floors":[14,14,21],"current_hp_per_floor":[88,88,88,88,88,88,36,34,34,29,8,34,39,39,39,38,88,87,87,81,81,87,87,49,35,35,21,10,19,19,19,47,0],"gold":454,"neow_bonus":"TEN_PERCENT_HP_BONUS","is_prod":false,"is_daily":false,"chose_seed":false,"campfire_upgraded":3,"win_rate":0,"timestamp":1549637965,"path_taken":["M","M","?","M","M","R","E","M","T","?","E","R","M","$","R","BOSS","M","?","?","$","M","R","E","M","T","M","E","M","E","M","R","BOSS"],"build_version":"2019-01-23","purchased_purges":2,"victory":false,"max_hp_per_floor":[88,88,88,88,88,88,88,88,88,88,88,88,88,88,88,88,88,88,88,88,88,88,88,88,88,88,88,91,94,94,94,94,94],"card_choices":[{"not_picked":["Cleave","Wild Strike"],"picked":"Infernal Blade","floor":1},{"not_picked":["Armaments","Sword Boomerang"],"picked":"Flame Barrier","floor":2},{"not_picked":["Rupture","Thunderclap","Flex"],"picked":"SKIP","floor":4},{"not_picked":["Anger","True Grit"],"picked":"Shrug It Off","floor":5},{"not_picked":["Sever Soul","Wild Strike"],"picked":"True Grit","floor":7},{"not_picked":["Warcry","Searing Blow"],"picked":"Clothesline","floor":8},{"not_picked":["Twin Strike","Warcry"],"picked":"Battle Trance","floor":10},{"not_picked":["Rupture+1","Whirlwind"],"picked":"Flame Barrier","floor":11},{"not_picked":["Rampage","Uppercut"],"picked":"Anger","floor":13},{"not_picked":["Dark Embrace+1","Juggernaut+1"],"picked":"Demon Form+1","floor":16},{"not_picked":["Flex","True Grit"],"picked":"Headbutt+1","floor":18},{"not_picked":["Warcry","Heavy Blade"],"picked":"Metallicize+1","floor":22},{"not_picked":["Iron Wave","Clash"],"picked":"Anger+1","floor":24},{"not_picked":["Body Slam","Cleave"],"picked":"Warcry","floor":25},{"not_picked":["Perfected Strike","Warcry"],"picked":"Feed","floor":27},{"not_picked":["Sentinel","Havoc"],"picked":"Iron Wave+1","floor":28},{"not_picked":["Rupture+1","Iron Wave"],"picked":"Dual Wield","floor":29},{"not_picked":["Clothesline","Headbutt"],"picked":"Ghostly Armor","floor":30},{"not_picked":["Cleave","Iron Wave"],"picked":"Heavy Blade","floor":31}],"player_experience":86661,"relics_obtained":[{"floor":7,"key":"Frozen Egg 2"},{"floor":9,"key":"Pantograph"},{"floor":11,"key":"Nunchaku"},{"floor":24,"key":"MawBank"},{"floor":28,"key":"Whetstone"},{"floor":30,"key":"Tiny Chest"}],"event_choices":[{"cards_removed":["Infernal Blade"],"damage_healed":0,"gold_gain":0,"player_choice":"Offered Uncommon","damage_taken":0,"max_hp_gain":0,"max_hp_loss":0,"event_name":"Bonfire Elementals","floor":3,"gold_loss":0},{"damage_healed":0,"gold_gain":0,"cards_transformed":["Defend_R","Defend_R"],"player_choice":"Became Test Subject","damage_taken":0,"max_hp_gain":0,"max_hp_loss":0,"event_name":"Drug Dealer","floor":19,"gold_loss":0,"cards_obtained":["Anger","Searing Blow"]},{"damage_healed":0,"gold_gain":0,"player_choice":"Joined the Cult","damage_taken":6,"max_hp_gain":0,"max_hp_loss":0,"event_name":"Nest","floor":20,"gold_loss":0,"cards_obtained":["RitualDagger"]}],"is_beta":false,"boss_relics":[{"not_picked":["Cursed Key","Runic Cube"],"picked":"Velvet Choker"}],"items_purged_floors":[14,21],"is_endless":false,"potions_floor_spawned":[1,7,10,13,16,18,27,29,30],"killed_by":"Collector","ascension_level":1}