{"gold_per_floor":[217,217,292,3,18,18,53,63,63,63,81,81,81,98,98,169,169,181,181,23,23,43,74,74,91,137,237,262,50,84,96,96,175,175,195,13,24,124,144,175,194,205,205,223,223,248,248,267,267,267,267,267,267,15,49,49],"floor_reached":57,"playtime":2502,"items_purged":["Strike_R","Blood for Blood","Blood for Blood"],"score":2894,"play_id":"e4172e5e-4a61-4ee8-8d2d-25ce0da72acd","local_time":"20190107130554","is_ascension_mode":true,"campfire_choices":[{"data":"1","floor":6.0,"key":"LIFT"},{"data":"2","floor":10.0,"key":"LIFT"},{"data":"3","floor":15.0,"key":"LIFT"},{"data":"True Grit","floor":24.0,"key":"SMITH"},{"data":"True Grit","floor":32.0,"key":"SMITH"},{"floor":45.0,"key":"RECALL"},{"data":"Battle Trance","floor":49.0,"key":"SMITH"},{"data":"Inflame","floor":53.0,"key":"SMITH"}],"neow_cost":"NONE","seed_source_timestamp":0,"circlet_count":0,"master_deck":["AscendersBane","Bash","Twin Strike","Exhume","Whirlwind+1","Clothesline","Anger","Reaper","Flex","Clothesline","Headbutt","Blood for Blood","Inflame+1","Metallicize","Battle Trance+1","True Grit+1","Havoc+1","Ghostly Armor+1","True Grit+1","Heavy Blade+1","Brutality+1","Infernal Blade+1","Flame Barrier+1","True Grit","Rupture+1","Feel No Pain+1","Entrench+1","Corruption+1","Reaper","True Grit","Shrug It Off"],"special_seed":0,"relics":["Burning Blood","Girya","Vajra","Matryoshka","Bag of Preparation","Magic Flower","Pear","Meat on the Bone","Pandora\u0027s Box","MutagenicStrength","War Paint","Champion Belt","Frozen Egg 2","Kunai","ClockworkSouvenir","Blood Vial","Cursed Key","Nunchaku","Boot","Pen Nib","Bronze Scales","Self Forming Clay"],"potions_floor_usage":[56],"damage_taken":[{"damage":5.0,"enemies":"2 Louse","floor":1.0,"turns":4.0},{"damage":7.0,"enemies":"Jaw Worm","floor":5.0,"turns":2.0},{"damage":25.0,"enemies":"Lagavulin","floor":7.0,"turns":6.0},{"damage":1.0,"enemies":"Small Slimes","floor":8.0,"turns":3.0},{"damage":0.0,"enemies":"Exordium Wildlife","floor":11.0,"turns":2.0},{"damage":0.0,"enemies":"3 Louse","floor":14.0,"turns":1.0},{"damage":50.0,"enemies":"The Guardian","floor":16.0,"turns":11.0},{"damage":11.0,"enemies":"Spheric Guardian","floor":18.0,"turns":3.0},{"damage":0.0,"enemies":"Chosen","floor":22.0,"turns":2.0},{"damage":0.0,"enemies":"Gremlin Leader","floor":23.0,"turns":4.0},{"damage":13.0,"enemies":"Centurion and Healer","floor":25.0,"turns":5.0},{"damage":14.0,"enemies":"Colosseum Slavers","floor":27.0,"turns":4.0},{"damage":6.0,"enemies":"Colosseum Nobs","floor":27.0,"turns":3.0},{"damage":40.0,"enemies":"Book of Stabbing","floor":28.0,"turns":4.0},{"damage":0.0,"enemies":"Slavers","floor":30.0,"turns":1.0},{"damage":7.0,"enemies":"Snecko","floor":31.0,"turns":4.0},{"damage":19.0,"enemies":"Automaton","floor":33.0,"turns":4.0},{"damage":0.0,"enemies":"3 Shapes","floor":35.0,"turns":1.0},{"damage":6.0,"enemies":"Orb Walker","floor":37.0,"turns":2.0},{"damage":19.0,"enemies":"Mind Bloom Boss Battle","floor":38.0,"turns":4.0},{"damage":11.0,"enemies":"Jaw Worm Horde","floor":39.0,"turns":3.0},{"damage":10.0,"enemies":"Nemesis","floor":40.0,"turns":5.0},{"damage":20.0,"enemies":"Spire Growth","floor":41.0,"turns":3.0},{"damage":4.0,"enemies":"3 Darklings","floor":42.0,"turns":4.0},{"damage":0.0,"enemies":"Jaw Worm Horde","floor":44.0,"turns":1.0},{"damage":25.0,"enemies":"Giant Head","floor":46.0,"turns":6.0},{"damage":16.0,"enemies":"4 Shapes","floor":48.0,"turns":2.0},{"damage":81.0,"enemies":"Awakened One","floor":50.0,"turns":9.0},{"damage":51.0,"enemies":"Time Eater","floor":51.0,"turns":7.0},{"damage":109,"enemies":"Shield and Spear","floor":55,"turns":5},{"damage":70,"enemies":"The Heart","floor":56,"turns":8}],"seed_played":"-2127693421395407467","potions_obtained":[{"floor":7.0,"key":"Weak Potion"},{"floor":8.0,"key":"Fire Potion"},{"floor":18.0,"key":"Regen Potion"},{"floor":25.0,"key":"FearPotion"},{"floor":27.0,"key":"Poison Potion"},{"floor":31.0,"key":"Explosive Potion"},{"floor":39.0,"key":"Swift Potion"},{"floor":42.0,"key":"Block Potion"},{"floor":48.0,"key":"Block Potion"}],"is_trial":false,"path_per_floor":["M","?","?","$","M","R","E","M","T","R","M","?","T","M","R","B",null,"M","?","$","?","M","E","R","M","T","?","E","$","E","M","R","B",null,"M","$","M","?","M","E","M","M","T","M","R","E","?","M","R","B","B",null,"R","$","E","B",null],"character_chosen":"IRONCLAD","items_purchased":["Vajra","Fire Potion","True Grit","ClockworkSouvenir","True Grit","Bronze Scales","True Grit","PowerPotion"],"campfire_rested":0,"item_purchase_floors":[4,4,20,29,36,54,54,54],"current_hp_per_floor":[69,51,40,40,39,39,20,25,25,25,34,34,44,53,53,30,71,69,69,69,69,78,85,85,85,85,85,54,54,63,85,85,75,83,85,85,85,85,83,84,74,82,82,85,85,85,85,78,78,55,66,80,80,80,83,85],"gold":49,"neow_bonus":"HUNDRED_GOLD","is_prod":false,"is_daily":false,"chose_seed":false,"campfire_upgraded":4,"win_rate":0,"timestamp":1546862754,"path_taken":["M","?","?","$","M","R","E","M","T","R","M","?","?","?","R","BOSS","M","?","$","?","?","E","R","M","T","?","E","$","E","M","R","BOSS","M","$","M","?","M","E","M","M","T","M","R","E","?","M","R","BOSS","BOSS","R","$","E","BOSS"],"build_version":"2019-01-03v4","purchased_purges":3,"victory":true,"max_hp_per_floor":[75,75,75,75,75,75,75,75,75,75,75,75,85,85,85,85,85,85,85,85,85,85,85,85,85,85,85,85,85,85,85,85,85,85,85,85,85,85,85,85,85,85,85,85,85,85,85,85,85,85,85,85,85,85,85,85],"card_choices":[{"not_picked":["Sword Boomerang","Clash"],"picked":"Twin Strike","floor":1.0},{"not_picked":["Pummel","Flex","Reckless Charge"],"picked":"SKIP","floor":5.0},{"not_picked":["Flex","Blood for Blood"],"picked":"Exhume","floor":7.0},{"not_picked":["Carnage","Anger"],"picked":"Whirlwind","floor":8.0},{"not_picked":["Pommel Strike","Wild Strike"],"picked":"Clothesline","floor":11.0},{"not_picked":["Combust","Clothesline"],"picked":"Anger","floor":14.0},{"not_picked":["Fiend Fire","Bludgeon"],"picked":"Reaper","floor":16.0},{"not_picked":["Searing Blow","Warcry"],"picked":"Battle Trance","floor":18.0},{"not_picked":["Anger","Clash"],"picked":"Havoc","floor":22.0},{"not_picked":["Seeing Red","Burning Pact"],"picked":"Ghostly Armor","floor":23.0},{"not_picked":["Twin Strike","Heavy Blade"],"picked":"True Grit","floor":25.0},{"not_picked":["Havoc","Dual Wield"],"picked":"Heavy Blade+1","floor":28.0},{"not_picked":["Anger","Exhume"],"picked":"Brutality+1","floor":30.0},{"not_picked":["Flex","Heavy Blade"],"picked":"Infernal Blade+1","floor":31.0},{"not_picked":["Warcry+1","Shrug It Off"],"picked":"Flame Barrier+1","floor":35.0},{"not_picked":["Ghostly Armor","Combust+1"],"picked":"Rupture+1","floor":37.0},{"not_picked":["Wild Strike","Perfected Strike"],"picked":"Feel No Pain+1","floor":39.0},{"not_picked":["Pommel Strike+1","Clash+1"],"picked":"Entrench+1","floor":40.0},{"not_picked":["Searing Blow+1","Entrench","Body Slam"],"picked":"SKIP","floor":41.0},{"not_picked":["Sever Soul","Clothesline","Twin Strike"],"picked":"SKIP","floor":42.0},{"not_picked":["Searing Blow","Intimidate","Evolve+1"],"picked":"SKIP","floor":44.0},{"not_picked":["Clash+1","Battle Trance"],"picked":"Corruption+1","floor":46.0},{"not_picked":["Uppercut","Thunderclap"],"picked":"Reaper","floor":48.0},{"not_picked":["Whirlwind+1","Armaments"],"picked":"Shrug It Off","floor":55}],"player_experience":1838020,"relics_obtained":[{"floor":7.0,"key":"Matryoshka"},{"floor":9.0,"key":"Bag of Preparation"},{"floor":9.0,"key":"Magic Flower"},{"floor":13.0,"key":"Pear"},{"floor":13.0,"key":"Meat on the Bone"},{"floor":23.0,"key":"War Paint"},{"floor":27.0,"key":"Champion Belt"},{"floor":27.0,"key":"Frozen Egg 2"},{"floor":28.0,"key":"Kunai"},{"floor":30.0,"key":"Blood Vial"},{"floor":38.0,"key":"Nunchaku"},{"floor":40.0,"key":"Boot"},{"floor":46.0,"key":"Pen Nib"},{"floor":55,"key":"Self Forming Clay"}],"event_choices":[{"damage_healed":0.0,"max_hp_gain":0.0,"max_hp_loss":0.0,"gold_gain":0.0,"event_name":"Scrap Ooze","player_choice":"Success","floor":2.0,"gold_loss":0.0,"damage_taken":18.0,"relics_obtained":["Girya"]},{"damage_healed":0.0,"max_hp_gain":0.0,"max_hp_loss":0.0,"gold_gain":75.0,"event_name":"World of Goop","player_choice":"Gather Gold","floor":3.0,"gold_loss":0.0,"damage_taken":11.0},{"damage_healed":0.0,"max_hp_gain":0.0,"max_hp_loss":0.0,"gold_gain":0.0,"event_name":"Living Wall","player_choice":"Grow","floor":12.0,"gold_loss":0.0,"damage_taken":0.0,"cards_upgraded":["Whirlwind"]},{"damage_healed":0.0,"max_hp_gain":0.0,"max_hp_loss":0.0,"gold_gain":0.0,"event_name":"Drug Dealer","player_choice":"Inject Mutagens","floor":19.0,"gold_loss":0.0,"damage_taken":0.0,"relics_obtained":["MutagenicStrength"]},{"damage_healed":0.0,"max_hp_gain":0.0,"max_hp_loss":0.0,"gold_gain":0.0,"event_name":"Beggar","player_choice":"Ignored","floor":21.0,"gold_loss":0.0,"damage_taken":0.0},{"damage_healed":0.0,"max_hp_gain":0.0,"max_hp_loss":0.0,"gold_gain":0.0,"event_name":"Colosseum","player_choice":"Fight","floor":27.0,"gold_loss":0.0,"damage_taken":0.0},{"damage_healed":0.0,"max_hp_gain":0.0,"max_hp_loss":0.0,"gold_gain":0.0,"event_name":"Colosseum","player_choice":"Fought Nobs","floor":27.0,"gold_loss":0.0,"damage_taken":0.0},{"damage_healed":0.0,"max_hp_gain":0.0,"max_hp_loss":0.0,"gold_gain":0.0,"event_name":"MindBloom","player_choice":"Fight","floor":38.0,"gold_loss":0.0,"damage_taken":0.0},{"damage_healed":0.0,"max_hp_gain":0.0,"max_hp_loss":0.0,"gold_gain":0.0,"event_name":"Tomb of Lord Red Mask","player_choice":"Ignored","floor":47.0,"gold_loss":0.0,"damage_taken":0.0}],"is_beta":false,"boss_relics":[{"not_picked":["Black Blood","Mark of Pain"],"picked":"Pandora\u0027s Box"},{"not_picked":["Calling Bell","Fusion Hammer"],"picked":"Cursed Key"}],"items_purged_floors":[4,20,36],"is_endless":false,"potions_floor_spawned":[7,8,11,18,25,27,28,31,35,39,41,42,44,48],"ascension_level":20}