{"gold_per_floor":[116,132,149,74,74,74,149,175,252,130,158,171,191,191,191,262,262,276,276,139,14,14,14,14,14,39,69,69,85,98,115,115,115],"floor_reached":33,"playtime":1281,"items_purged":["Strike_R","Strike_R","Strike_R"],"score":481,"play_id":"925b851d-abf6-4cc5-850e-b3560ffc6686","local_time":"20180717140141","is_ascension_mode":true,"campfire_choices":[{"data":"Twin Strike","floor":6,"key":"SMITH"},{"data":"Disarm","floor":15,"key":"SMITH"},{"data":"Whirlwind","floor":23,"key":"SMITH"},{"data":"True Grit","floor":25,"key":"SMITH"},{"data":"Shrug It Off","floor":28,"key":"SMITH"},{"data":"True Grit","floor":32,"key":"SMITH"}],"neow_cost":"NONE","seed_source_timestamp":569064577068642,"circlet_count":0,"master_deck":["Strike_R","Defend_R","Defend_R","Defend_R","Defend_R","Bash+1","AscendersBane","Armaments+1","True Grit+1","Twin Strike+1","Twin Strike","Body Slam","Shrug It Off+1","Disarm+1","Limit Break","True Grit+1","Whirlwind+1","Decay","Iron Wave+1","Shrug It Off","True Grit+1"],"relics":["Burning Blood","Dream Catcher","Question Card","Ornamental Fan","Coffee Dripper","Vajra","Lantern"],"potions_floor_usage":[12,14,16,31],"damage_taken":[{"damage":7,"enemies":"Jaw Worm","floor":1,"turns":3},{"damage":5,"enemies":"Small Slimes","floor":2,"turns":3},{"damage":1,"enemies":"Cultist","floor":3,"turns":4},{"damage":38,"enemies":"Lagavulin","floor":8,"turns":11},{"damage":8,"enemies":"Gremlin Nob","floor":11,"turns":3},{"damage":0,"enemies":"Exordium Wildlife","floor":12,"turns":3},{"damage":12,"enemies":"Looter","floor":13,"turns":4},{"damage":5,"enemies":"Lots of Slimes","floor":14,"turns":3},{"damage":1,"enemies":"Hexaghost","floor":16,"turns":13},{"damage":3,"enemies":"Shell Parasite","floor":18,"turns":8},{"damage":39,"enemies":"Book of Stabbing","floor":27,"turns":7},{"damage":20,"enemies":"2 Thieves","floor":29,"turns":4},{"damage":20,"enemies":"Snecko","floor":30,"turns":5},{"damage":10,"enemies":"Snake Plant","floor":31,"turns":3},{"damage":11,"enemies":"Automaton","floor":33,"turns":4}],"seed_played":"8159860815684451151","potions_obtained":[{"floor":2,"key":"GamblersBrew"},{"floor":8,"key":"Fire Potion"},{"floor":12,"key":"SmokeBomb"},{"floor":16,"key":"Explosive Potion"},{"floor":30,"key":"Fruit Juice"}],"is_trial":false,"path_per_floor":["M","M","M","?","?","R","?","E","T","$","E","M","M","M","R","B",null,"M","?","$","$","?","R","$","R","T","E","R","M","M","M","R"],"character_chosen":"IRONCLAD","items_purchased":["Body Slam","Whirlwind"],"campfire_rested":0,"item_purchase_floors":[10,20],"current_hp_per_floor":[67,68,73,73,73,73,62,30,30,30,28,34,28,29,29,34,65,68,68,68,68,68,68,68,68,68,35,35,21,7,8,8,0],"gold":115,"neow_bonus":"UPGRADE_CARD","is_prod":false,"is_daily":false,"chose_seed":false,"campfire_upgraded":6,"win_rate":0,"timestamp":1531828901,"path_taken":["M","M","M","?","?","R","?","E","T","$","E","M","M","M","R","BOSS","M","?","?","$","?","R","$","R","T","E","R","M","M","M","R","BOSS"],"build_version":"2018-07-12","purchased_purges":3,"victory":false,"max_hp_per_floor":[75,75,75,75,75,75,75,75,75,75,75,75,75,75,75,75,75,75,75,75,75,75,75,75,75,75,75,75,75,75,80,80,80],"card_choices":[{"not_picked":["Anger","Perfected Strike"],"picked":"Armaments","floor":1},{"not_picked":["Ghostly Armor","Havoc"],"picked":"True Grit","floor":2},{"not_picked":["Infernal Blade","Flex"],"picked":"Twin Strike","floor":3},{"not_picked":["Power Through","Ghostly Armor"],"picked":"Twin Strike","floor":8},{"not_picked":["Seeing Red","Intimidate","Reckless Charge"],"picked":"Shrug It Off","floor":11},{"not_picked":["Feel No Pain","Clash","Corruption"],"picked":"Disarm","floor":12},{"not_picked":["Infernal Blade","Cleave","Hemokinesis","Fiend Fire"],"picked":"SKIP","floor":13},{"not_picked":["Dark Embrace","Feed","Exhume"],"picked":"Limit Break","floor":16},{"not_picked":["Heavy Blade","Armaments","Bloodletting+1"],"picked":"True Grit+1","floor":18},{"not_picked":["Armaments","Clash","Flex","Infernal Blade"],"picked":"SKIP","floor":27},{"not_picked":["Carnage","Evolve","Havoc"],"picked":"Iron Wave+1","floor":29},{"not_picked":["Inflame","Flex","Reaper"],"picked":"Shrug It Off","floor":30},{"not_picked":["Rupture","Flex","Metallicize"],"picked":"True Grit","floor":31}],"player_experience":1067274,"relics_obtained":[{"floor":8,"key":"Dream Catcher"},{"floor":9,"key":"Question Card"},{"floor":11,"key":"Ornamental Fan"},{"floor":26,"key":"Vajra"},{"floor":27,"key":"Lantern"}],"event_choices":[{"event_name":"The Cleric","player_choice":"Card Removal","floor":4,"damage_taken":0},{"event_name":"Upgrade Shrine","player_choice":"Upgraded","floor":5,"damage_taken":0},{"event_name":"World of Goop","player_choice":"Gather Gold","floor":7,"damage_taken":0},{"event_name":"The Mausoleum","player_choice":"No","floor":19,"damage_taken":0},{"event_name":"Forgotten Altar","player_choice":"Smashed Altar","floor":22,"damage_taken":0}],"boss_relics":[{"not_picked":["Snecko Eye","Runic Pyramid"],"picked":"Coffee Dripper"}],"items_purged_floors":[10,20,21],"is_endless":false,"potions_floor_spawned":[2,8,12,13,16,30],"killed_by":"Automaton","ascension_level":15}