{"gold_per_floor":[119,119,44,64,64,64,99,115,115,115,126,143,43,59,59,159,159,171,190,190,190,208,222,257,257,305,26,52,52,77,77,77,176,176,186,196,196,213,213,213,213,8,33,60,60,60,60,71,71,71],"floor_reached":51,"playtime":3261,"items_purged":["Defend_G","Neutralize","Strike_G"],"score":1122,"play_id":"2286f26f-da7a-49dd-a583-bd4144971381","local_time":"20190207131915","is_ascension_mode":true,"campfire_choices":[{"data":"Predator","floor":6.0,"key":"SMITH"},{"data":"Quick Slash","floor":10.0,"key":"SMITH"},{"data":"Leg Sweep","floor":15.0,"key":"SMITH"},{"data":"Choke","floor":25.0,"key":"SMITH"},{"floor":29,"key":"REST"},{"floor":32,"key":"REST"},{"data":"Bouncing Flask","floor":40,"key":"SMITH"},{"data":"Catalyst","floor":45,"key":"SMITH"},{"data":"Footwork","floor":47,"key":"SMITH"},{"floor":49,"key":"REST"}],"neow_cost":"NONE","seed_source_timestamp":53493151757600,"circlet_count":0,"master_deck":["AscendersBane","Defend_G","Defend_G","Survivor","Predator+1","Quick Slash+1","Backflip","Choke+1","Leg Sweep+1","Riddle With Holes","Glass Knife","Footwork+1","Underhanded Strike","Envenom","Venomology","Infinite Blades","Tactician","Dash","Bouncing Flask+1","Night Terror","Catalyst+1","Dash+1","Backflip","Storm of Steel","Bane+1"],"special_seed":0,"relics":["Snecko Eye","Mango","Meat on the Bone","Matryoshka","Empty Cage","Bottled Lightning","MawBank","Snake Skull","Ginger","Kunai","Art of War","Philosopher\u0027s Stone","Boot","Centennial Puzzle","Regal Pillow"],"potions_floor_usage":[28,28,36,36,38,48,48,48,50],"damage_taken":[{"damage":3.0,"enemies":"Jaw Worm","floor":1.0,"turns":7.0},{"damage":0.0,"enemies":"Small Slimes","floor":4.0,"turns":4.0},{"damage":4.0,"enemies":"3 Sentries","floor":7.0,"turns":8.0},{"damage":0.0,"enemies":"Cultist","floor":8.0,"turns":4.0},{"damage":0.0,"enemies":"Large Slime","floor":11.0,"turns":3.0},{"damage":7.0,"enemies":"Exordium Thugs","floor":12.0,"turns":3.0},{"damage":1.0,"enemies":"3 Louse","floor":14.0,"turns":3.0},{"damage":6.0,"enemies":"Slime Boss","floor":16.0,"turns":9.0},{"damage":5.0,"enemies":"2 Thieves","floor":18.0,"turns":2.0},{"damage":0.0,"enemies":"Shell Parasite","floor":19.0,"turns":6.0},{"damage":7.0,"enemies":"Centurion and Healer","floor":22.0,"turns":5.0},{"damage":2.0,"enemies":"Cultist and Chosen","floor":23.0,"turns":5.0},{"damage":5.0,"enemies":"Book of Stabbing","floor":24.0,"turns":5.0},{"damage":51,"enemies":"Slavers","floor":28,"turns":7},{"damage":39,"enemies":"Gremlin Leader","floor":30,"turns":8},{"damage":28,"enemies":"Champ","floor":33,"turns":8},{"damage":5,"enemies":"Orb Walker","floor":35,"turns":3},{"damage":6,"enemies":"3 Shapes","floor":36,"turns":4},{"damage":22,"enemies":"Spire Growth","floor":38,"turns":5},{"damage":0,"enemies":"Giant Head","floor":44,"turns":7},{"damage":14,"enemies":"Jaw Worm Horde","floor":48,"turns":4},{"damage":63,"enemies":"Time Eater","floor":50,"turns":13}],"seed_played":"3792078104850977262","potions_obtained":[{"floor":1.0,"key":"SkillPotion"},{"floor":4.0,"key":"AttackPotion"},{"floor":14.0,"key":"Poison Potion"},{"floor":24.0,"key":"SpeedPotion"},{"floor":28,"key":"SteroidPotion"},{"floor":33,"key":"FearPotion"},{"floor":44,"key":"EntropicBrew"},{"floor":48,"key":"Dexterity Potion"}],"is_trial":false,"path_per_floor":["?","T","$","?","?","M","?","?","?","?"],"character_chosen":"THE_SILENT","items_purchased":["Ginger","Storm of Steel"],"campfire_rested":3,"item_purchase_floors":[27,42],"current_hp_per_floor":[60,60,60,60,74,74,70,70,70,70,70,63,63,62,62,56,77,72,72,72,72,79,77,72,72,72,72,33,58,31,31,56,40,73,68,62,62,52,52,52,52,52,52,52,52,52,52,50,80,29],"gold":71,"neow_bonus":"BOSS_RELIC","is_prod":false,"is_daily":false,"chose_seed":false,"campfire_upgraded":7,"win_rate":0,"timestamp":1549513155,"path_taken":["M","?","$","M","?","R","E","M","T","R","M","M","?","M","R","BOSS","M","M","?","?","?","M","E","R","T","$","E","R","E","?","R","BOSS","M","M","?","M","$","R","?","$","T","E","R","?","R","M","R","BOSS"],"build_version":"2019-01-23","purchased_purges":3,"victory":true,"max_hp_per_floor":[70,70,70,70,84,84,84,84,84,84,84,84,84,84,84,84,84,84,84,84,84,84,84,84,84,84,84,84,84,84,84,84,84,84,84,84,84,84,84,84,84,84,84,84,84,80,80,80,80,80],"card_choices":[{"not_picked":["Deadly Poison","PiercingWail"],"picked":"Predator","floor":1.0},{"not_picked":["Acrobatics","Catalyst","Endless Agony"],"picked":"SKIP","floor":4.0},{"not_picked":["Poisoned Stab","Slice","Prepared"],"picked":"SKIP","floor":7.0},{"not_picked":["Adrenaline","Blade Dance"],"picked":"Backflip","floor":8.0},{"not_picked":["Distraction","Poisoned Stab"],"picked":"Choke","floor":11.0},{"not_picked":["Eviscerate","PiercingWail"],"picked":"Leg Sweep","floor":12.0},{"not_picked":["Flechettes","Sucker Punch"],"picked":"Riddle With Holes","floor":14.0},{"not_picked":["Phantasmal Killer","Wraith Form v2"],"picked":"Glass Knife","floor":16.0},{"not_picked":["Slice","Poisoned Stab+1"],"picked":"Footwork","floor":18.0},{"not_picked":["Backflip","Slice"],"picked":"Underhanded Strike","floor":19.0},{"not_picked":["Heel Hook","Reflex"],"picked":"Tactician","floor":22.0},{"not_picked":["Slice","Deflect","Dagger Spray"],"picked":"SKIP","floor":23.0},{"not_picked":["Tactician+1","Distraction","Deflect+1"],"picked":"SKIP","floor":24.0},{"not_picked":["Expertise","Sucker Punch+1"],"picked":"Dash","floor":28},{"not_picked":["Outmaneuver","Heel Hook","Bane"],"picked":"SKIP","floor":30},{"not_picked":["Adrenaline","Corpse Explosion"],"picked":"Night Terror","floor":33},{"not_picked":["Blade Dance","Cloak And Dagger+1"],"picked":"Catalyst","floor":35},{"not_picked":["Poisoned Stab+1","Accuracy+1"],"picked":"Dash+1","floor":36},{"not_picked":["Slice","Deflect+1"],"picked":"Backflip","floor":38},{"not_picked":["Wraith Form v2","PiercingWail+1","Slice+1"],"picked":"SKIP","floor":44},{"not_picked":["Sucker Punch","Acrobatics"],"picked":"Bane+1","floor":48}],"player_experience":262915,"relics_obtained":[{"floor":5.0,"key":"Mango"},{"floor":7.0,"key":"Meat on the Bone"},{"floor":9.0,"key":"Matryoshka"},{"floor":24.0,"key":"Bottled Lightning"},{"floor":26.0,"key":"MawBank"},{"floor":26.0,"key":"Snake Skull"},{"floor":28,"key":"Kunai"},{"floor":30,"key":"Art of War"},{"floor":43,"key":"Boot"},{"floor":43,"key":"Centennial Puzzle"},{"floor":44,"key":"Regal Pillow"}],"event_choices":[{"damage_healed":0.0,"max_hp_gain":0.0,"max_hp_loss":0.0,"gold_gain":0.0,"cards_transformed":["Strike_G"],"event_name":"Living Wall","player_choice":"Change","floor":2.0,"gold_loss":0.0,"damage_taken":0.0,"cards_obtained":["Quick Slash"]},{"damage_healed":0.0,"max_hp_gain":0.0,"max_hp_loss":0.0,"gold_gain":0.0,"cards_transformed":["Defend_G","Strike_G"],"event_name":"Drug Dealer","player_choice":"Became Test Subject","floor":20.0,"gold_loss":0.0,"damage_taken":0.0,"cards_obtained":["Envenom","Venomology"]},{"damage_healed":0.0,"max_hp_gain":0.0,"max_hp_loss":0.0,"gold_gain":0.0,"cards_transformed":["Strike_G"],"event_name":"Transmorgrifier","player_choice":"Transformed","floor":21.0,"gold_loss":0.0,"damage_taken":0.0,"cards_obtained":["Infinite Blades"]},{"damage_healed":0,"gold_gain":0,"player_choice":"Read","damage_taken":0,"max_hp_gain":0,"max_hp_loss":0,"event_name":"The Library","floor":31,"gold_loss":0,"cards_obtained":["Bouncing Flask"]},{"damage_healed":0,"gold_gain":0,"player_choice":"Memory 1","damage_taken":0,"max_hp_gain":0,"max_hp_loss":0,"event_name":"SensoryStone","floor":37,"gold_loss":0},{"damage_healed":0,"gold_gain":0,"player_choice":"Ignored","damage_taken":0,"max_hp_gain":0,"max_hp_loss":0,"event_name":"Tomb of Lord Red Mask","floor":41,"gold_loss":0},{"damage_healed":0,"gold_gain":0,"player_choice":"Max HP","damage_taken":0,"max_hp_gain":0,"max_hp_loss":4,"event_name":"Winding Halls","floor":46,"gold_loss":0}],"is_beta":false,"boss_relics":[{"not_picked":["Black Star","Runic Pyramid"],"picked":"Empty Cage"},{"not_picked":["Cursed Key","Fusion Hammer"],"picked":"Philosopher\u0027s Stone"}],"items_purged_floors":[3,13,42],"is_endless":false,"potions_floor_spawned":[1,4,8,14,24,28,33,44,48],"ascension_level":11}