{"gold_per_floor":[109,109,125,125,125,125,159,159,182,215,43,77,77,90,90,163,163,181,200,212,212,262,290,309,323,349,172,187,197,207,239,239,239],"floor_reached":33,"playtime":1860,"items_purged":["Strike_G"],"score":647,"play_id":"e316a3f3-abeb-4ce4-a338-c352a4f2d24a","local_time":"20190212200734","is_ascension_mode":true,"campfire_choices":[{"data":"Poisoned Stab","floor":6.0,"key":"SMITH"},{"data":"Catalyst","floor":13.0,"key":"SMITH"},{"data":"Neutralize","floor":15.0,"key":"SMITH"},{"floor":32,"key":"REST"}],"neow_cost":"NONE","seed_source_timestamp":81750128030100,"circlet_count":0,"master_deck":["AscendersBane","Defend_G","Defend_G","Defend_G","Defend_G","Defend_G","Strike_G","Strike_G","Survivor","Neutralize+1","Poisoned Stab+1","Poisoned Stab","Well Laid Plans","Dash","Catalyst+1","Acrobatics","Leg Sweep","Catalyst","Backflip+1","Envenom","Bouncing Flask","Cloak And Dagger","Acrobatics","Riddle With Holes","Dodge and Roll+1"],"special_seed":0,"relics":["Ring of the Snake","NeowsBlessing","Bird Faced Urn","Boot","Bronze Scales","PreservedInsect","Pen Nib","Sozu","Sundial","Snake Skull","The Courier"],"potions_floor_usage":[],"damage_taken":[{"damage":0.0,"enemies":"Cultist","floor":1.0,"turns":1.0},{"damage":0.0,"enemies":"2 Louse","floor":3.0,"turns":1.0},{"damage":0.0,"enemies":"3 Sentries","floor":7.0,"turns":1.0},{"damage":22.0,"enemies":"Gremlin Nob","floor":10.0,"turns":4.0},{"damage":6.0,"enemies":"Lagavulin","floor":12.0,"turns":5.0},{"damage":0.0,"enemies":"Small Slimes","floor":14.0,"turns":2.0},{"damage":7.0,"enemies":"The Guardian","floor":16.0,"turns":9.0},{"damage":0.0,"enemies":"3 Byrds","floor":18.0,"turns":3.0},{"damage":1.0,"enemies":"Shell Parasite","floor":19.0,"turns":5.0},{"damage":9.0,"enemies":"Chosen and Byrds","floor":20.0,"turns":4.0},{"damage":9.0,"enemies":"Gremlin Leader","floor":23.0,"turns":7.0},{"damage":0.0,"enemies":"Centurion and Healer","floor":24.0,"turns":6.0},{"damage":7.0,"enemies":"3 Cultists","floor":25.0,"turns":6.0},{"damage":4.0,"enemies":"Chosen and Byrds","floor":28.0,"turns":3.0},{"damage":3.0,"enemies":"Cultist and Chosen","floor":29.0,"turns":6.0},{"damage":0.0,"enemies":"Snecko","floor":30.0,"turns":3.0},{"damage":26,"enemies":"Slavers","floor":31,"turns":5},{"damage":36,"enemies":"Collector","floor":33,"turns":6}],"seed_played":"-3713571419374628976","potions_obtained":[{"floor":3.0,"key":"EssenceOfSteel"},{"floor":8.0,"key":"SpeedPotion"},{"floor":12.0,"key":"Swift Potion"},{"floor":14.0,"key":"Fire Potion"}],"is_trial":false,"path_per_floor":["?","M","?","?","?","M","?","?","M"],"character_chosen":"THE_SILENT","items_purchased":["PreservedInsect","Bouncing Flask","Cloak And Dagger"],"campfire_rested":1,"item_purchase_floors":[11,27,27],"current_hp_per_floor":[59,59,59,59,59,59,59,59,59,39,39,35,35,37,37,32,58,60,61,54,54,48,41,45,40,40,40,38,39,39,17,36,4],"gold":239,"neow_bonus":"THREE_ENEMY_KILL","is_prod":false,"is_daily":false,"chose_seed":false,"campfire_upgraded":3,"win_rate":0,"timestamp":1549969654,"path_taken":["M","?","?","?","?","R","E","?","T","E","$","E","R","M","R","BOSS","M","?","M","?","?","E","M","M","T","$","M","M","?","E","R","BOSS"],"build_version":"2019-01-23","purchased_purges":1,"victory":false,"max_hp_per_floor":[66,66,66,66,66,66,66,66,66,66,66,66,66,66,66,66,66,66,66,66,66,66,66,66,66,66,66,66,66,66,66,66,66],"card_choices":[{"not_picked":["Blade Dance","Distraction"],"picked":"Poisoned Stab","floor":1.0},{"not_picked":["Deflect","Dodge and Roll"],"picked":"Poisoned Stab","floor":3.0},{"not_picked":["Poisoned Stab","Deflect"],"picked":"Dash","floor":7.0},{"not_picked":["Dagger Throw","Doppelganger"],"picked":"Catalyst","floor":10.0},{"not_picked":["Poisoned Stab","Skewer"],"picked":"Acrobatics","floor":12.0},{"not_picked":["Prepared","Deadly Poison"],"picked":"Leg Sweep","floor":14.0},{"not_picked":["Slice","Dagger Spray","Acrobatics"],"picked":"SKIP","floor":18.0},{"not_picked":["Expertise","Outmaneuver"],"picked":"Catalyst","floor":19.0},{"not_picked":["Poisoned Stab","Acrobatics"],"picked":"Backflip+1","floor":20.0},{"not_picked":["Well Laid Plans","Concentrate"],"picked":"Envenom","floor":23.0},{"not_picked":["Flechettes","Deadly Poison","Acrobatics"],"picked":"SKIP","floor":24.0},{"not_picked":["Bane","Dagger Throw","Poisoned Stab"],"picked":"SKIP","floor":25.0},{"not_picked":["Outmaneuver","Sucker Punch"],"picked":"Acrobatics","floor":28.0},{"not_picked":["Underhanded Strike","Deadly Poison"],"picked":"Riddle With Holes","floor":29.0},{"not_picked":["Bouncing Flask","Dodge and Roll","Quick Slash"],"picked":"SKIP","floor":30.0},{"not_picked":["Accuracy","Caltrops"],"picked":"Dodge and Roll+1","floor":31}],"player_experience":369052,"relics_obtained":[{"floor":7.0,"key":"Bird Faced Urn"},{"floor":9.0,"key":"Boot"},{"floor":10.0,"key":"Bronze Scales"},{"floor":12.0,"key":"Pen Nib"},{"floor":23.0,"key":"Sundial"},{"floor":26.0,"key":"Snake Skull"},{"floor":31,"key":"The Courier"}],"event_choices":[{"cards_removed":["Strike_G"],"damage_healed":0.0,"max_hp_gain":0.0,"max_hp_loss":0.0,"gold_gain":0.0,"event_name":"Purifier","player_choice":"Purged","floor":2.0,"gold_loss":0.0,"damage_taken":0.0},{"damage_healed":0.0,"max_hp_gain":0.0,"max_hp_loss":0.0,"gold_gain":0.0,"event_name":"Liars Game","player_choice":"Ignored","floor":4.0,"gold_loss":0.0,"damage_taken":0.0},{"damage_healed":0.0,"max_hp_gain":0.0,"max_hp_loss":0.0,"gold_gain":0.0,"cards_transformed":["Strike_G"],"event_name":"Living Wall","player_choice":"Change","floor":5.0,"gold_loss":0.0,"damage_taken":0.0,"cards_obtained":["Well Laid Plans"]},{"damage_healed":0.0,"max_hp_gain":0.0,"max_hp_loss":0.0,"gold_gain":0.0,"event_name":"Lab","player_choice":"Got Potions","floor":8.0,"gold_loss":0.0,"damage_taken":0.0},{"damage_healed":0.0,"max_hp_gain":0.0,"max_hp_loss":0.0,"gold_gain":0.0,"event_name":"Cursed Tome","player_choice":"Ignored","floor":21.0,"gold_loss":0.0,"damage_taken":0.0},{"damage_healed":0.0,"max_hp_gain":0.0,"max_hp_loss":0.0,"gold_gain":50.0,"event_name":"FaceTrader","player_choice":"Touch","floor":22.0,"gold_loss":0.0,"damage_taken":6.0}],"is_beta":false,"boss_relics":[{"not_picked":["Snecko Eye","Ring of the Serpent"],"picked":"Sozu"}],"items_purged_floors":[27],"is_endless":false,"potions_floor_spawned":[3,12,14,19,23,25,30,31],"killed_by":"Collector","ascension_level":19}