{"path_per_floor":["M","?","?","?","$","R","M","R","T","M","M","E","R","M","R","B",null,"M","$","?","?","?","R","M","R","T","E","M","M","$","M","R","B",null,"M","?","?","T","M","R","M","R","T","M","?","$","E","$","R"],"character_chosen":"IRONCLAD","items_purchased":["Blood Vial","Inflame","Shuriken","Lantern"],"gold_per_floor":[113,113,188,288,26,26,40,40,92,106,121,152,152,168,168,266,266,278,23,23,23,23,23,36,36,91,124,139,154,2,12,12,117,117,127,127,127,127,142,142,158,158,181,196,196,96,129,4,4],"floor_reached":50,"campfire_rested":3,"playtime":2431,"current_hp_per_floor":[54,54,43,43,43,43,50,50,50,56,57,71,71,78,78,71,80,66,66,66,66,66,66,68,68,70,66,71,84,84,66,86,86,96,82,82,73,73,79,98,98,98,100,100,87,87,59,59,91],"items_purged":["Regret","Regret","Doubt"],"gold":4,"score":513,"play_id":"836f253c-4c2a-40c1-897d-beda600b63e7","is_prod":false,"is_daily":false,"is_ascension_mode":false,"campfire_upgraded":7,"path_taken":["M","?","?","?","$","R","M","R","T","?","M","E","R","M","R","BOSS","M","$","?","?","?","R","M","R","T","E","M","M","$","M","R","BOSS","M","?","?","?","M","R","?","R","T","M","?","$","E","?","R","BOSS"],"build_version":"2018-02-22-PROD2","purchased_purges":3,"victory":false,"master_deck":["Strike_R+1","Strike_R+1","Strike_R+1","Strike_R+1","Strike_R+1","Defend_R+1","Defend_R+1","Defend_R+1","Defend_R+1","Bash+1","Reaper+1","Shrug It Off","Inflame+1","Sword Boomerang","Armaments+1","Inflame+1","Sword Boomerang","Double Tap+1","Battle Trance+1","Shrug It Off+1","Havoc+1","Inflame+1","Offering+1","Injury","Headbutt+1","Flex+1","Flex+1","Flex+1","Madness","Madness","Disarm"],"max_hp_per_floor":[80,80,80,80,80,80,80,80,80,80,80,80,80,80,80,80,80,80,80,80,80,80,80,80,80,82,84,84,86,86,86,86,86,96,96,96,96,96,98,98,98,98,100,100,100,100,100,100,102],"relics":["Burning Blood","Ornamental Fan","Blood Vial","Art of War","Anchor","Runic Cube","Shuriken","Prayer Wheel","Singing Bowl","Meat on the Bone","Lantern","Calling Bell","Pear","Dodecahedron","Pen Nib","Ancient Tea Set","War Paint","Dream Catcher"],"card_choices":[{"not_picked":["Berserk","Dark Embrace"],"picked":"Reaper"},{"not_picked":["Warcry","Impervious"],"picked":"Shrug It Off"},{"not_picked":["Body Slam","Clothesline"],"picked":"Sword Boomerang"},{"not_picked":["Heavy Blade","Anger"],"picked":"Armaments"},{"not_picked":["Hemokinesis","Bludgeon"],"picked":"Inflame"},{"not_picked":["Metallicize","Warcry"],"picked":"Sword Boomerang"},{"not_picked":["Juggernaut","Demon Form"],"picked":"Double Tap"},{"not_picked":["Havoc","Rampage"],"picked":"Battle Trance"},{"not_picked":["Rampage","Iron Wave"],"picked":"Shrug It Off"},{"not_picked":["Entrench","Combust"],"picked":"Havoc"},{"not_picked":["Wild Strike","Impervious"],"picked":"Inflame"},{"not_picked":["Juggernaut","Reaper"],"picked":"Offering"},{"not_picked":["Fire Breathing","Havoc"],"picked":"Headbutt"},{"not_picked":["Offering","Fire Breathing"],"picked":"Flex"},{"not_picked":["Twin Strike","Armaments"],"picked":"Flex"},{"not_picked":["Shockwave","Exhume"],"picked":"Flex"},{"not_picked":["Pummel","Shrug It Off"],"picked":"Disarm"}],"player_experience":157927,"potions_floor_usage":[12,14,18,31,33,33,50,50,50],"damage_taken":[{"damage":0,"enemies":"2 Louse","floor":1,"turns":3},{"damage":1,"enemies":"Jaw Worm","floor":7,"turns":3},{"damage":3,"enemies":"Small Slimes","floor":10,"turns":3},{"damage":7,"enemies":"Looter","floor":11,"turns":4},{"damage":15,"enemies":"3 Sentries","floor":12,"turns":6},{"damage":11,"enemies":"Lots of Slimes","floor":14,"turns":4},{"damage":31,"enemies":"Slime Boss","floor":16,"turns":6},{"damage":20,"enemies":"2 Thieves","floor":18,"turns":5},{"damage":6,"enemies":"Shell Parasite","floor":24,"turns":5},{"damage":52,"enemies":"Slavers","floor":27,"turns":5},{"damage":24,"enemies":"Snake Plant","floor":28,"turns":5},{"damage":10,"enemies":"Centurion and Healer","floor":29,"turns":7},{"damage":26,"enemies":"Slaver and Parasite","floor":31,"turns":5},{"damage":0,"enemies":"Champ","floor":33,"turns":6},{"damage":28,"enemies":"3 Shapes","floor":35,"turns":4},{"damage":4,"enemies":"Orb Walker","floor":39,"turns":2},{"damage":4,"enemies":"Maw","floor":41,"turns":4},{"damage":4,"enemies":"Sphere and 2 Shapes","floor":44,"turns":3},{"damage":36,"enemies":"Nemesis","floor":47,"turns":3},{"damage":130,"enemies":"Awakened One","floor":50,"turns":7}],"event_choices":[{"event_name":"Big Fish","player_choice":"Box","floor":2,"damage_taken":0},{"event_name":"World of Goop","player_choice":"Gather Gold","floor":3,"damage_taken":0},{"event_name":"Golden Shrine","player_choice":"Pray","floor":4,"damage_taken":0},{"event_name":"Back to Basics","player_choice":"Simplicity","floor":20,"damage_taken":0},{"event_name":"Drug Dealer","player_choice":"Ignored","floor":21,"damage_taken":0},{"event_name":"The Mausoleum","player_choice":"Yes","floor":22,"damage_taken":0},{"event_name":"The Lab","player_choice":"Got Potions","floor":36,"damage_taken":0},{"event_name":"Wheel of Change","player_choice":"Damage","floor":37,"damage_taken":0},{"event_name":"Winding Halls","player_choice":"Embrace Madness","floor":45,"damage_taken":0}],"boss_relics":[{"not_picked":["Eternal Feather","Mark of Pain"],"picked":"Runic Cube"},{"not_picked":["Velvet Choker","Astrolabe"],"picked":"Calling Bell"}],"potions_floor_spawned":[7,11,16,24,27,29,31,39,41,44],"seed_played":"-486817619052214317","killed_by":"Awakened One","ascension_level":0,"is_trial":false}