{"gold_per_floor":[110,122,132,132,144,144,170,221,247,265,265,300,15,15,15,15],"floor_reached":16,"playtime":476,"items_purged":[],"score":220,"play_id":"85b27249-3f6d-4758-8338-8b25727998bb","local_time":"20181113135025","is_ascension_mode":true,"campfire_choices":[{"data":"Bash","floor":6,"key":"SMITH"},{"data":"Wild Strike","floor":11,"key":"SMITH"},{"floor":15,"key":"REST"}],"neow_cost":"NONE","seed_source_timestamp":4338882787682370,"circlet_count":0,"master_deck":["AscendersBane","Strike_R","Strike_R","Strike_R","Strike_R","Strike_R","Defend_R","Defend_R","Defend_R","Defend_R","Bash+1","Wild Strike+1","Sword Boomerang","Headbutt","Feel No Pain","Anger","Flame Barrier","Shrug It Off"],"relics":["Burning Blood","Potion Belt","Dream Catcher","Juzu Bracelet","Omamori","Kunai"],"potions_floor_usage":[5,10,10,12],"damage_taken":[{"damage":7,"enemies":"Jaw Worm","floor":1,"turns":5},{"damage":7,"enemies":"Small Slimes","floor":2,"turns":3},{"damage":6,"enemies":"2 Louse","floor":3,"turns":3},{"damage":0,"enemies":"Gremlin Gang","floor":5,"turns":2},{"damage":42,"enemies":"3 Sentries","floor":7,"turns":14},{"damage":0,"enemies":"2 Fungi Beasts","floor":10,"turns":1},{"damage":35,"enemies":"Lagavulin","floor":12,"turns":8},{"damage":46,"enemies":"The Guardian","floor":16,"turns":5}],"seed_played":"-2249811039978839543","potions_obtained":[{"floor":1,"key":"Explosive Potion"},{"floor":2,"key":"FearPotion"},{"floor":5,"key":"Fire Potion"},{"floor":7,"key":"Explosive Potion"}],"is_trial":false,"path_per_floor":["M","M","M","?","M","R","E","?","T","M","R","E","$","?","R","B"],"character_chosen":"IRONCLAD","items_purchased":["Kunai"],"campfire_rested":1,"item_purchase_floors":[13],"current_hp_per_floor":[67,66,66,71,77,77,41,41,41,47,47,18,18,18,42,0],"gold":15,"neow_bonus":"RANDOM_COMMON_RELIC","is_prod":false,"is_daily":false,"chose_seed":false,"campfire_upgraded":2,"win_rate":0,"timestamp":1542113425,"path_taken":["M","M","M","?","M","R","E","?","T","M","R","E","?","?","R","BOSS"],"build_version":"2018-11-08","purchased_purges":0,"victory":false,"max_hp_per_floor":[75,75,75,80,80,80,80,80,80,80,80,80,80,80,80,80],"card_choices":[{"not_picked":["Bloodletting","Warcry"],"picked":"Wild Strike","floor":1},{"not_picked":["Blood for Blood","Bloodletting"],"picked":"Sword Boomerang","floor":2},{"not_picked":["Reckless Charge","Havoc"],"picked":"Headbutt","floor":3},{"not_picked":["Inflame","Cleave"],"picked":"Feel No Pain","floor":5},{"not_picked":["Searing Blow","Infernal Blade"],"picked":"Anger","floor":7},{"not_picked":["Wild Strike","Armaments"],"picked":"Flame Barrier","floor":10},{"not_picked":["Armaments","Reaper"],"picked":"Shrug It Off","floor":12}],"player_experience":1690840,"relics_obtained":[{"floor":7,"key":"Dream Catcher"},{"floor":9,"key":"Juzu Bracelet"},{"floor":12,"key":"Omamori"}],"event_choices":[{"damage_healed":0,"gold_gain":0,"player_choice":"Donut","damage_taken":0,"max_hp_gain":5,"max_hp_loss":0,"event_name":"Big Fish","floor":4,"gold_loss":0},{"damage_healed":0,"gold_gain":51,"player_choice":"Gained Gold","damage_taken":0,"max_hp_gain":0,"max_hp_loss":0,"event_name":"Golden Wing","floor":8,"gold_loss":0},{"damage_healed":0,"gold_gain":0,"player_choice":"Ignored","damage_taken":0,"max_hp_gain":0,"max_hp_loss":0,"event_name":"Liars Game","floor":14,"gold_loss":0}],"is_beta":false,"boss_relics":[],"items_purged_floors":[],"is_endless":false,"potions_floor_spawned":[1,2,5,7],"killed_by":"The Guardian","ascension_level":20}