{"gold_per_floor":[11,11,11,11,11,11,42,42,67,98,98,109,126,157,157,261,261,281,4,19,19,19,19,49,60,60,94,108,108,108,128,128,128],"floor_reached":33,"playtime":2147,"items_purged":["Strike_R"],"score":346,"play_id":"af7902f1-a0c1-46c0-b677-3986e6358be9","local_time":"20190205233119","is_ascension_mode":true,"campfire_choices":[{"data":"Bash","floor":6,"key":"SMITH"},{"data":"Flame Barrier","floor":8,"key":"SMITH"},{"data":"Dropkick","floor":11,"key":"SMITH"},{"data":"Infernal Blade","floor":15,"key":"SMITH"},{"data":"Carnage","floor":23,"key":"SMITH"},{"data":"Combust","floor":30,"key":"SMITH"},{"data":"Double Tap","floor":32,"key":"SMITH"}],"neow_cost":"NO_GOLD","seed_source_timestamp":204786508791773,"circlet_count":0,"master_deck":["Strike_R+1","Strike_R","Defend_R","Defend_R","Defend_R","Defend_R","Bash+1","Dropkick+1","True Grit+1","Flame Barrier+1","Intimidate","Combust+1","Infernal Blade+1","Double Tap+1","Carnage+1","Flex","Ghostly Armor","Armaments+1"],"relics":["Burning Blood","Gambling Chip","Meat on the Bone","Happy Flower","Orichalcum","Pen Nib","Runic Cube","Red Skull","MutagenicStrength","Bird Faced Urn","Ornamental Fan","Dodecahedron"],"potions_floor_usage":[7,16,16,20,27,31],"damage_taken":[{"damage":1,"enemies":"2 Louse","floor":1,"turns":2},{"damage":16,"enemies":"Gremlin Nob","floor":7,"turns":3},{"damage":21,"enemies":"Lagavulin","floor":10,"turns":5},{"damage":0,"enemies":"Jaw Worm","floor":12,"turns":3},{"damage":0,"enemies":"Cultist","floor":13,"turns":2},{"damage":25,"enemies":"Gremlin Nob","floor":14,"turns":4},{"damage":22,"enemies":"The Guardian","floor":16,"turns":9},{"damage":12,"enemies":"Spheric Guardian","floor":18,"turns":4},{"damage":9,"enemies":"Shell Parasite","floor":20,"turns":4},{"damage":28,"enemies":"Gremlin Leader","floor":24,"turns":4},{"damage":8,"enemies":"Cultist and Chosen","floor":25,"turns":4},{"damage":15,"enemies":"Slavers","floor":27,"turns":2},{"damage":12,"enemies":"Snake Plant","floor":28,"turns":3},{"damage":8,"enemies":"Centurion and Healer","floor":31,"turns":5},{"damage":57,"enemies":"Automaton","floor":33,"turns":12}],"seed_played":"6707839989021875458","potions_obtained":[{"floor":1,"key":"GamblersBrew"},{"floor":14,"key":"EntropicBrew"},{"floor":18,"key":"SmokeBomb"},{"floor":20,"key":"PowerPotion"}],"is_trial":false,"path_per_floor":["M","?","?","$","?","R","E","R","T","E","R","M","M","E","R","B",null,"M","$","M","?","?","R","E","M","T","E","M","?","R","M","R","B"],"character_chosen":"IRONCLAD","items_purchased":["Red Skull","Flex"],"campfire_rested":0,"item_purchase_floors":[19,19],"current_hp_per_floor":[80,85,85,85,68,68,58,58,58,55,55,61,67,60,60,56,85,79,79,76,76,76,76,54,54,54,59,53,53,53,55,55,0],"gold":128,"neow_bonus":"ONE_RARE_RELIC","is_prod":false,"is_daily":false,"chose_seed":false,"campfire_upgraded":7,"win_rate":0,"timestamp":1549405879,"path_taken":["M","?","?","?","?","R","E","R","T","E","R","M","?","E","R","BOSS","M","$","M","?","?","R","E","M","T","E","M","?","R","M","R","BOSS"],"build_version":"2019-01-23","purchased_purges":1,"victory":false,"max_hp_per_floor":[80,85,85,85,85,85,85,85,85,85,85,85,85,85,85,85,85,85,85,85,85,85,85,85,85,85,85,85,85,85,85,85,85],"card_choices":[{"not_picked":["Cleave","Havoc"],"picked":"Dropkick","floor":1},{"not_picked":["Havoc","Burning Pact"],"picked":"Flame Barrier","floor":7},{"not_picked":["Rage","Exhume"],"picked":"Intimidate","floor":10},{"not_picked":["Shrug It Off","Body Slam"],"picked":"Combust","floor":12},{"not_picked":["Pommel Strike","Uppercut"],"picked":"Infernal Blade","floor":13},{"not_picked":["Thunderclap","Havoc","Warcry"],"picked":"SKIP","floor":14},{"not_picked":["Impervious","Immolate"],"picked":"Double Tap","floor":16},{"not_picked":["Bloodletting+1","Perfected Strike"],"picked":"Carnage","floor":18},{"not_picked":["Thunderclap","Twin Strike+1","Cleave+1"],"picked":"SKIP","floor":20},{"not_picked":["Second Wind","Sword Boomerang+1"],"picked":"Ghostly Armor","floor":24},{"not_picked":["Searing Blow","Hemokinesis"],"picked":"Armaments+1","floor":25},{"not_picked":["Metallicize","Sword Boomerang","Hemokinesis"],"picked":"SKIP","floor":27},{"not_picked":["Searing Blow+1","Perfected Strike+1","Juggernaut"],"picked":"SKIP","floor":28},{"not_picked":["Cleave","True Grit+1","Twin Strike"],"picked":"SKIP","floor":31}],"player_experience":75245,"relics_obtained":[{"floor":7,"key":"Meat on the Bone"},{"floor":9,"key":"Happy Flower"},{"floor":10,"key":"Orichalcum"},{"floor":14,"key":"Pen Nib"},{"floor":24,"key":"Bird Faced Urn"},{"floor":26,"key":"Ornamental Fan"},{"floor":27,"key":"Dodecahedron"}],"event_choices":[{"damage_healed":0,"gold_gain":0,"player_choice":"Donut","damage_taken":0,"max_hp_gain":5,"max_hp_loss":0,"event_name":"Big Fish","floor":2,"gold_loss":0},{"damage_healed":0,"gold_gain":0,"cards_transformed":["Strike_R"],"player_choice":"Change","damage_taken":0,"max_hp_gain":0,"max_hp_loss":0,"event_name":"Living Wall","floor":3,"gold_loss":0,"cards_obtained":["True Grit"]},{"damage_healed":0,"gold_gain":0,"player_choice":"Entered Light","damage_taken":17,"max_hp_gain":0,"max_hp_loss":0,"event_name":"Shining Light","floor":5,"gold_loss":0,"cards_upgraded":["Strike_R","True Grit"]},{"damage_healed":0,"gold_gain":0,"player_choice":"Inject Mutagens","damage_taken":0,"relics_obtained":["MutagenicStrength"],"max_hp_gain":0,"max_hp_loss":0,"event_name":"Drug Dealer","floor":21,"gold_loss":0},{"cards_removed":["Strike_R"],"damage_healed":0,"gold_gain":0,"player_choice":"Elegance","damage_taken":0,"max_hp_gain":0,"max_hp_loss":0,"event_name":"Back to Basics","floor":22,"gold_loss":0},{"damage_healed":0,"gold_gain":0,"player_choice":"Bought 0 Potions","damage_taken":0,"max_hp_gain":0,"max_hp_loss":0,"event_name":"The Woman in Blue","floor":29,"gold_loss":0}],"is_beta":false,"boss_relics":[{"not_picked":["Empty Cage","Black Blood"],"picked":"Runic Cube"}],"items_purged_floors":[19],"is_endless":false,"potions_floor_spawned":[1,14,18,20],"killed_by":"Automaton","ascension_level":3}