{"gold_per_floor":[112,131,144,154,173,173,199,199,249,264,279,297,297,328,328,328],"floor_reached":16,"playtime":712,"items_purged":[],"score":209,"play_id":"84666ea9-46b2-42e5-a959-36c0e8bfb3c3","local_time":"20190211005203","is_ascension_mode":true,"campfire_choices":[{"data":"Dash","floor":6,"key":"SMITH"},{"data":"Predator","floor":8,"key":"SMITH"},{"data":"Choke","floor":15,"key":"SMITH"}],"neow_cost":"NONE","seed_source_timestamp":16636085012399,"circlet_count":0,"master_deck":["AscendersBane","Defend_G","Defend_G","Defend_G","Defend_G","Defend_G","Strike_G","Strike_G","Strike_G","Strike_G","Strike_G","Survivor","Neutralize","Dash+1","Choke+1","Predator+1","Corpse Explosion","Predator","PiercingWail","Sucker Punch","PiercingWail"],"relics":["Snecko Eye","Oddly Smooth Stone","Bronze Scales","Golden Idol","Toxic Egg 2"],"potions_floor_usage":[7,14,14],"damage_taken":[{"damage":6,"enemies":"Jaw Worm","floor":1,"turns":5},{"damage":0,"enemies":"Small Slimes","floor":2,"turns":3},{"damage":0,"enemies":"Cultist","floor":3,"turns":3},{"damage":1,"enemies":"Looter","floor":4,"turns":2},{"damage":7,"enemies":"Exordium Wildlife","floor":5,"turns":3},{"damage":5,"enemies":"3 Sentries","floor":7,"turns":2},{"damage":0,"enemies":"Red Slaver","floor":10,"turns":2},{"damage":0,"enemies":"Looter","floor":11,"turns":2},{"damage":0,"enemies":"Large Slime","floor":12,"turns":1},{"damage":7,"enemies":"Lagavulin","floor":14,"turns":5},{"damage":25,"enemies":"The Guardian","floor":16,"turns":6}],"seed_played":"-1847387652883246243","potions_obtained":[{"floor":3,"key":"Poison Potion"},{"floor":4,"key":"EssenceOfSteel"},{"floor":5,"key":"SkillPotion"},{"floor":7,"key":"Ancient Potion"}],"is_trial":false,"path_per_floor":["?"],"character_chosen":"THE_SILENT","items_purchased":[],"campfire_rested":0,"item_purchase_floors":[],"current_hp_per_floor":[53,53,53,52,45,45,40,40,40,40,40,40,40,33,33,8],"gold":328,"neow_bonus":"BOSS_RELIC","is_prod":false,"is_daily":false,"chose_seed":false,"campfire_upgraded":3,"win_rate":0,"timestamp":1549813923,"path_taken":["M","M","M","M","M","R","E","R","T","M","M","M","?","E","R","BOSS"],"build_version":"2019-01-23","purchased_purges":0,"victory":false,"max_hp_per_floor":[66,66,66,66,66,66,66,66,66,66,66,66,60,60,60,60],"card_choices":[{"not_picked":["Poisoned Stab","Bane"],"picked":"Dash","floor":1},{"not_picked":["PiercingWail","Dagger Throw"],"picked":"Choke","floor":2},{"not_picked":["Blade Dance","Noxious Fumes"],"picked":"Predator","floor":3},{"not_picked":["Blur","Backflip"],"picked":"Corpse Explosion","floor":4},{"not_picked":["Heel Hook","Flying Knee"],"picked":"Predator","floor":5},{"not_picked":["Poisoned Stab","Deflect"],"picked":"PiercingWail","floor":7},{"not_picked":["Endless Agony","Distraction","Quick Slash"],"picked":"SKIP","floor":10},{"not_picked":["Flying Knee","Deflect"],"picked":"Sucker Punch","floor":11},{"not_picked":["Infinite Blades","Catalyst"],"picked":"PiercingWail","floor":12},{"not_picked":["Outmaneuver","Noxious Fumes","Dodge and Roll"],"picked":"SKIP","floor":14}],"player_experience":323144,"relics_obtained":[{"floor":7,"key":"Oddly Smooth Stone"},{"floor":9,"key":"Bronze Scales"},{"floor":14,"key":"Toxic Egg 2"}],"event_choices":[{"damage_healed":0,"gold_gain":0,"player_choice":"Lose Max HP","damage_taken":0,"relics_obtained":["Golden Idol"],"max_hp_gain":0,"max_hp_loss":6,"event_name":"Golden Idol","floor":13,"gold_loss":0}],"is_beta":false,"boss_relics":[],"items_purged_floors":[],"is_endless":false,"potions_floor_spawned":[3,4,5,7,10],"killed_by":"The Guardian","ascension_level":16}