{"gold_per_floor":[111,111,129,141,155,188,188,222,292,310,320,420,420,449,449,549,549,566,576,594,611,192,192,207,207,260,290,290,290,309,344,344,444,444,454,466,214,224,234,263,277,291,361,361,361,389,389,407,407,407,407,407,63,93,93],"floor_reached":55,"playtime":4422,"items_purged":["Strike_R","Feel No Pain","Decay"],"score":972,"play_id":"ed8c5759-b2e1-4865-bc9f-7168d3a5ae8a","local_time":"20190213215104","is_ascension_mode":true,"campfire_choices":[{"data":"Anger","floor":7,"key":"SMITH"},{"floor":13,"key":"REST"},{"floor":15,"key":"REST"},{"data":"Corruption","floor":23,"key":"SMITH"},{"floor":25,"key":"REST"},{"data":"Heavy Blade","floor":29,"key":"SMITH"},{"floor":32,"key":"REST"},{"data":"Heavy Blade","floor":44,"key":"SMITH"},{"floor":47,"key":"RECALL"},{"floor":49,"key":"REST"},{"data":"Juggernaut","floor":52,"key":"SMITH"}],"neow_cost":"NONE","seed_source_timestamp":1376767585328400,"circlet_count":0,"master_deck":["Strike_R","Strike_R+1","Strike_R+1","Strike_R+1","Defend_R+1","Defend_R","Defend_R","Defend_R","Bash+1","Anger+1","Corruption+1","Carnage","Heavy Blade+1","Spot Weakness","Feed","Spot Weakness+1","Limit Break","Shrug It Off","Cleave+1","Thunderclap+1","Offering","Battle Trance","Clothesline+1","Shrug It Off","Shrug It Off+1","Juggernaut+1","Limit Break+1","Clothesline+1","Armaments+1","Reaper","Heavy Blade+1","Shrug It Off+1","Whirlwind","Dual Wield"],"relics":["Burning Blood","Whetstone","StoneCalendar","PreservedInsect","Mark of Pain","Brimstone","Strawberry","Juzu Bracelet","Boot","Busted Crown","Blood Vial","Thread and Needle","Gremlin Horn","Red Skull","War Paint","Magic Flower"],"potions_floor_usage":[8,16,19,20,27,30,30,33,33,38,39,46,50,50],"damage_taken":[{"damage":8,"enemies":"Jaw Worm","floor":1,"turns":4},{"damage":2,"enemies":"Small Slimes","floor":3,"turns":3},{"damage":0,"enemies":"Cultist","floor":4,"turns":2},{"damage":11,"enemies":"Blue Slaver","floor":5,"turns":4},{"damage":33,"enemies":"3 Sentries","floor":6,"turns":8},{"damage":22,"enemies":"Gremlin Nob","floor":8,"turns":4},{"damage":42,"enemies":"Gremlin Gang","floor":10,"turns":5},{"damage":14,"enemies":"Exordium Thugs","floor":11,"turns":4},{"damage":23,"enemies":"Lagavulin","floor":14,"turns":5},{"damage":30,"enemies":"The Guardian","floor":16,"turns":6},{"damage":52,"enemies":"3 Byrds","floor":18,"turns":7},{"damage":25,"enemies":"Spheric Guardian","floor":19,"turns":4},{"damage":6,"enemies":"3 Cultists","floor":20,"turns":4},{"damage":12,"enemies":"Chosen and Byrds","floor":21,"turns":6},{"damage":0,"enemies":"Snecko","floor":24,"turns":2},{"damage":16,"enemies":"Gremlin Leader","floor":27,"turns":4},{"damage":23,"enemies":"Shelled Parasite and Fungi","floor":30,"turns":3},{"damage":22,"enemies":"Slavers","floor":31,"turns":3},{"damage":45,"enemies":"Collector","floor":33,"turns":7},{"damage":16,"enemies":"3 Shapes","floor":35,"turns":3},{"damage":6,"enemies":"Orb Walker","floor":36,"turns":2},{"damage":20,"enemies":"3 Darklings","floor":38,"turns":3},{"damage":26,"enemies":"Maw","floor":39,"turns":5},{"damage":6,"enemies":"Giant Head","floor":40,"turns":5},{"damage":12,"enemies":"4 Shapes","floor":41,"turns":2},{"damage":28,"enemies":"3 Darklings","floor":42,"turns":4},{"damage":24,"enemies":"Nemesis","floor":46,"turns":3},{"damage":48,"enemies":"Spire Growth","floor":48,"turns":4},{"damage":71,"enemies":"Time Eater","floor":50,"turns":5},{"damage":75,"enemies":"Shield and Spear","floor":54,"turns":4},{"damage":48,"enemies":"The Heart","floor":55,"turns":2}],"seed_played":"-6841169551029518674","potions_obtained":[{"floor":1,"key":"SpeedPotion"},{"floor":4,"key":"FairyPotion"},{"floor":6,"key":"EntropicBrew"},{"floor":8,"key":"SteroidPotion"},{"floor":16,"key":"Strength Potion"},{"floor":19,"key":"Strength Potion"},{"floor":24,"key":"EssenceOfSteel"},{"floor":31,"key":"Explosive Potion"},{"floor":33,"key":"LiquidBronze"},{"floor":35,"key":"Swift Potion"},{"floor":36,"key":"AttackPotion"},{"floor":38,"key":"Regen Potion"},{"floor":48,"key":"EssenceOfSteel"}],"is_trial":false,"path_per_floor":["M","?","M","M","M","E","R","E","T","M","M","?","R","E","R","B",null,"M","M","M","M","$","R","M","R","T","E","?","R","M","E","R","B",null,"M","M","$","M","M","E","M","M","T","R","?","E","R","M","R","B",null,"R","$","E","B"],"character_chosen":"IRONCLAD","items_purchased":["Offering","Brimstone","Battle Trance","Blood Vial","Whirlwind","War Paint"],"campfire_rested":5,"item_purchase_floors":[22,22,22,37,53,53],"current_hp_per_floor":[78,62,66,72,67,40,40,24,24,14,9,9,34,17,42,18,86,40,21,24,21,21,21,27,54,61,51,51,51,34,18,47,8,99,92,92,92,80,77,79,78,83,83,83,83,67,67,38,70,7,108,108,108,42,0],"gold":93,"neow_bonus":"UPGRADE_CARD","is_prod":false,"is_daily":false,"chose_seed":false,"campfire_upgraded":5,"win_rate":0,"timestamp":1550091064,"path_taken":["M","?","M","M","M","E","R","E","T","M","M","?","R","E","R","BOSS","M","M","M","?","$","R","M","R","T","E","?","R","M","E","R","BOSS","M","M","$","M","M","E","M","M","T","R","?","E","R","M","R","BOSS","R","$","E","BOSS"],"build_version":"2019-01-23","purchased_purges":3,"victory":false,"max_hp_per_floor":[80,80,80,80,80,80,80,80,80,83,86,86,86,86,86,86,86,86,86,89,92,92,92,92,92,99,99,99,99,99,99,99,99,99,102,102,102,102,105,105,108,108,108,108,108,108,108,108,108,108,108,108,108,111,111],"card_choices":[{"not_picked":["Sentinel","Thunderclap"],"picked":"Anger","floor":1},{"not_picked":["Wild Strike","Perfected Strike"],"picked":"Corruption","floor":3},{"not_picked":["Flex","Pummel"],"picked":"Carnage","floor":4},{"not_picked":["Fire Breathing","Wild Strike"],"picked":"Heavy Blade","floor":5},{"not_picked":["Body Slam","Flame Barrier"],"picked":"Spot Weakness","floor":6},{"not_picked":["Perfected Strike","Iron Wave"],"picked":"Feed","floor":8},{"not_picked":["Dual Wield","Fire Breathing","Pommel Strike"],"picked":"SKIP","floor":10},{"not_picked":["Bloodletting","Entrench","Pommel Strike"],"picked":"SKIP","floor":11},{"not_picked":["Thunderclap","Cleave"],"picked":"Spot Weakness","floor":14},{"not_picked":["Exhume","Reaper"],"picked":"Limit Break","floor":16},{"not_picked":["True Grit","Intimidate"],"picked":"Shrug It Off","floor":18},{"not_picked":["Warcry+1","Body Slam+1"],"picked":"Cleave+1","floor":19},{"not_picked":["Twin Strike+1","Pummel"],"picked":"Feel No Pain","floor":20},{"not_picked":["Perfected Strike","Headbutt"],"picked":"Thunderclap+1","floor":21},{"not_picked":["Bludgeon","Dual Wield"],"picked":"Clothesline+1","floor":24},{"not_picked":["Wild Strike","Body Slam"],"picked":"Shrug It Off","floor":27},{"not_picked":["Headbutt","Perfected Strike+1"],"picked":"Shrug It Off+1","floor":30},{"not_picked":["Feel No Pain","Seeing Red"],"picked":"Juggernaut","floor":31},{"not_picked":["Brutality","Fiend Fire"],"picked":"Limit Break","floor":33},{"not_picked":["Headbutt"],"picked":"SKIP","floor":35},{"not_picked":[],"picked":"Clothesline+1","floor":36},{"not_picked":[],"picked":"Armaments+1","floor":38},{"not_picked":["Second Wind"],"picked":"SKIP","floor":39},{"not_picked":[],"picked":"Reaper","floor":40},{"not_picked":[],"picked":"Heavy Blade","floor":41},{"not_picked":["True Grit+1"],"picked":"SKIP","floor":42},{"not_picked":[],"picked":"Shrug It Off","floor":46},{"not_picked":["Body Slam"],"picked":"SKIP","floor":48},{"not_picked":[],"picked":"Dual Wield","floor":54}],"player_experience":157084,"relics_obtained":[{"floor":6,"key":"Whetstone"},{"floor":8,"key":"StoneCalendar"},{"floor":14,"key":"PreservedInsect"},{"floor":26,"key":"Strawberry"},{"floor":27,"key":"Juzu Bracelet"},{"floor":31,"key":"Boot"},{"floor":40,"key":"Thread and Needle"},{"floor":43,"key":"Gremlin Horn"},{"floor":46,"key":"Red Skull"},{"floor":54,"key":"Magic Flower"}],"event_choices":[{"damage_healed":0,"gold_gain":0,"player_choice":"Entered Light","damage_taken":16,"max_hp_gain":0,"max_hp_loss":0,"event_name":"Shining Light","floor":2,"gold_loss":0,"cards_upgraded":["Defend_R","Strike_R"]},{"damage_healed":0,"gold_gain":100,"player_choice":"Gold","damage_taken":0,"max_hp_gain":0,"max_hp_loss":0,"event_name":"Wheel of Change","floor":12,"gold_loss":0},{"damage_healed":0,"gold_gain":0,"player_choice":"Cursed","damage_taken":0,"max_hp_gain":0,"max_hp_loss":0,"event_name":"Wheel of Change","floor":28,"gold_loss":0,"cards_obtained":["Decay"]},{"damage_healed":0,"gold_gain":0,"player_choice":"Upgraded","damage_taken":0,"max_hp_gain":0,"max_hp_loss":0,"event_name":"Upgrade Shrine","floor":45,"gold_loss":0,"cards_upgraded":["Limit Break"]}],"is_beta":false,"boss_relics":[{"not_picked":["White Beast Statue","Astrolabe"],"picked":"Mark of Pain"},{"not_picked":["Sozu","Pandora\u0027s Box"],"picked":"Busted Crown"}],"items_purged_floors":[22,37,53],"is_endless":false,"potions_floor_spawned":[1,4,6,8,16,19,24,31,33,35,36,38,48],"killed_by":"The Heart","ascension_level":2}