{"gold_per_floor":[115,130,130,80,96,96,96,126,126,141,166,186,219,234,234,234],"floor_reached":16,"playtime":1320,"items_purged":[],"score":112,"play_id":"9e028992-bf1b-4a90-99c8-e3cca55bf4c2","local_time":"20190207230950","is_ascension_mode":false,"campfire_choices":[{"data":"Cloak And Dagger","floor":6,"key":"SMITH"},{"data":"Neutralize","floor":15,"key":"SMITH"}],"neow_cost":"NONE","seed_source_timestamp":151337661114,"circlet_count":0,"master_deck":["Defend_G","Defend_G","Defend_G","Defend_G","Defend_G","Strike_G","Strike_G+1","Strike_G","Strike_G","Survivor","Neutralize+1","Dagger Throw","Cloak And Dagger+1","Regret","Deflect+1","Backflip","Riddle With Holes","Flechettes","Escape Plan","Escape Plan"],"relics":["Ring of the Snake","Oddly Smooth Stone","Boot","Sundial","Pear","Paper Crane","Thread and Needle"],"potions_floor_usage":[16],"damage_taken":[{"damage":0,"enemies":"Small Slimes","floor":1,"turns":4},{"damage":0,"enemies":"2 Louse","floor":2,"turns":4},{"damage":0,"enemies":"Jaw Worm","floor":5,"turns":3},{"damage":2,"enemies":"Exordium Thugs","floor":10,"turns":6},{"damage":13,"enemies":"3 Sentries","floor":11,"turns":10},{"damage":1,"enemies":"Large Slime","floor":12,"turns":5},{"damage":13,"enemies":"Gremlin Nob","floor":13,"turns":4},{"damage":0,"enemies":"3 Louse","floor":14,"turns":3},{"damage":38,"enemies":"Slime Boss","floor":16,"turns":11}],"seed_played":"1708524418287231366","potions_obtained":[{"floor":10,"key":"Energy Potion"},{"floor":13,"key":"Weak Potion"}],"is_trial":false,"path_per_floor":["M","M","?","?","M","R","?","?","T","M","E","M","E","M","R","B"],"character_chosen":"THE_SILENT","items_purchased":[],"campfire_rested":0,"item_purchase_floors":[],"current_hp_per_floor":[70,70,70,70,70,70,56,56,66,64,51,50,37,37,37,0],"gold":234,"neow_bonus":"RANDOM_COMMON_RELIC","is_prod":false,"is_daily":false,"chose_seed":false,"campfire_upgraded":2,"win_rate":0.0,"timestamp":1549577390,"path_taken":["M","M","?","?","M","R","?","?","T","M","E","M","E","M","R","BOSS"],"build_version":"2019-01-23","purchased_purges":0,"victory":false,"max_hp_per_floor":[70,70,70,70,70,70,70,70,80,80,80,80,80,80,80,80],"card_choices":[{"not_picked":["Prepared","Blade Dance"],"picked":"Dagger Throw","floor":1},{"not_picked":["Acrobatics","Dagger Throw"],"picked":"Cloak And Dagger","floor":2},{"not_picked":["Cloak And Dagger","Slice"],"picked":"Deflect","floor":5},{"not_picked":["Accuracy","Noxious Fumes"],"picked":"Backflip","floor":10},{"not_picked":["Accuracy","Deadly Poison"],"picked":"Riddle With Holes","floor":11},{"not_picked":["Infinite Blades","Expertise"],"picked":"Flechettes","floor":12},{"not_picked":["Bouncing Flask","Burst"],"picked":"Escape Plan","floor":13},{"not_picked":["Dash","Flying Knee"],"picked":"Escape Plan","floor":14}],"player_experience":79119,"relics_obtained":[{"floor":9,"key":"Pear"},{"floor":11,"key":"Paper Crane"},{"floor":13,"key":"Thread and Needle"}],"event_choices":[{"damage_healed":0,"gold_gain":0,"player_choice":"Box","damage_taken":0,"relics_obtained":["Boot"],"max_hp_gain":0,"max_hp_loss":0,"event_name":"Big Fish","floor":3,"gold_loss":0,"cards_obtained":["Regret"]},{"cards_removed":["Strike_G"],"damage_healed":0,"gold_gain":0,"player_choice":"Card Removal","damage_taken":0,"max_hp_gain":0,"max_hp_loss":0,"event_name":"The Cleric","floor":4,"gold_loss":50},{"damage_healed":0,"gold_gain":0,"player_choice":"Entered Light","damage_taken":14,"max_hp_gain":0,"max_hp_loss":0,"event_name":"Shining Light","floor":7,"gold_loss":0,"cards_upgraded":["Deflect","Strike_G"]},{"damage_healed":0,"gold_gain":30,"player_choice":"Searched \u00273\u0027 times","damage_taken":0,"relics_obtained":["Sundial"],"max_hp_gain":0,"max_hp_loss":0,"event_name":"Dead Adventurer","floor":8,"gold_loss":0}],"is_beta":false,"boss_relics":[],"items_purged_floors":[],"is_endless":false,"potions_floor_spawned":[10,13],"killed_by":"Slime Boss","ascension_level":0}