{"gold_per_floor":[114,73,147,160,176,176,201,217,217,229,241,287,316,328,340,450,462,497,509,33,53,53,87,87,127,127,161,211,211,235,249,249,348,348,368,493,493,278,292,336,336,370,370,405,419,419,419,437,437,437,437],"floor_reached":52,"playtime":3042,"items_purged":["Strike_R"],"score":2462,"play_id":"d384a761-7f9c-41c2-9f25-00303fd19097","local_time":"20181126161009","is_ascension_mode":true,"campfire_choices":[{"data":"Carnage","floor":6,"key":"SMITH"},{"data":"Bash","floor":11,"key":"SMITH"},{"floor":15,"key":"REST"},{"floor":29,"key":"REST"},{"floor":32,"key":"REST"},{"floor":41,"key":"REST"},{"floor":46,"key":"REST"},{"floor":49,"key":"REST"}],"neow_cost":"NONE","seed_source_timestamp":5467822117309234,"circlet_count":0,"master_deck":["AscendersBane","Strike_R","Strike_R","Defend_R","Defend_R","Defend_R","Defend_R","Bash+1","Carnage+1","Shrug It Off","Reckless Charge","Infernal Blade","True Grit+1","Limit Break+1","Headbutt","Dark Embrace","Corruption","Shrug It Off+1","Corruption+1","Feel No Pain","Flex+1","Havoc+1","Shrug It Off+1","Offering+1","Shrug It Off+1","Flex+1","Feel No Pain","Shockwave+1","Dramatic Entrance","Flex+1","Shockwave+1","Disarm+1","Burning Pact+1","Shrug It Off+1","Sentinel+1","Spot Weakness+1"],"relics":["Burning Blood","Potion Belt","MawBank","Toxic Egg 2","Golden Idol","Fusion Hammer","Dead Branch","Boot","Self Forming Clay","Oddly Smooth Stone","Regal Pillow","Snecko Eye","Peace Pipe","Bag of Marbles","Strawberry","Mummified Hand","Bag of Preparation"],"potions_floor_usage":[7,13,16,16,27],"damage_taken":[{"damage":7,"enemies":"Jaw Worm","floor":1,"turns":3},{"damage":0,"enemies":"2 Louse","floor":4,"turns":3},{"damage":1,"enemies":"Cultist","floor":5,"turns":4},{"damage":6,"enemies":"Gremlin Nob","floor":7,"turns":3},{"damage":3,"enemies":"Looter","floor":8,"turns":2},{"damage":21,"enemies":"Lagavulin","floor":12,"turns":5},{"damage":21,"enemies":"Large Slime","floor":13,"turns":5},{"damage":61,"enemies":"Slime Boss","floor":16,"turns":12},{"damage":16,"enemies":"Spheric Guardian","floor":18,"turns":4},{"damage":0,"enemies":"Shell Parasite","floor":21,"turns":2},{"damage":9,"enemies":"Gremlin Leader","floor":23,"turns":4},{"damage":37,"enemies":"Slavers","floor":25,"turns":5},{"damage":2,"enemies":"Gremlin Leader","floor":27,"turns":10},{"damage":12,"enemies":"Snake Plant","floor":30,"turns":3},{"damage":0,"enemies":"Centurion and Healer","floor":31,"turns":4},{"damage":58,"enemies":"Automaton","floor":33,"turns":7},{"damage":3,"enemies":"Orb Walker","floor":35,"turns":2},{"damage":6,"enemies":"Mind Bloom Boss Battle","floor":36,"turns":4},{"damage":6,"enemies":"3 Shapes","floor":39,"turns":2},{"damage":15,"enemies":"Reptomancer","floor":40,"turns":2},{"damage":15,"enemies":"Giant Head","floor":42,"turns":1},{"damage":41,"enemies":"Reptomancer","floor":44,"turns":3},{"damage":12,"enemies":"Spire Growth","floor":45,"turns":2},{"damage":7,"enemies":"Sphere and 2 Shapes","floor":48,"turns":4},{"damage":6,"enemies":"Awakened One","floor":50,"turns":2},{"damage":6,"enemies":"Donu and Deca","floor":51,"turns":2}],"seed_played":"6268851039438155922","potions_obtained":[{"floor":0,"key":"SkillPotion"},{"floor":0,"key":"Regen Potion"},{"floor":8,"key":"SmokeBomb"},{"floor":12,"key":"SkillPotion"},{"floor":13,"key":"Regen Potion"},{"floor":21,"key":"Poison Potion"},{"floor":25,"key":"Block Potion"},{"floor":30,"key":"Fire Potion"},{"floor":35,"key":"Dexterity Potion"}],"is_trial":false,"path_per_floor":["M","$","?","M","M","R","E","M","T","?","R","E","M","?","R","B",null,"M","?","$","M","?","E","?","E","T","E","?","R","M","M","R","B",null,"M","?","?","$","M","E","R","E","T","E","M","R","?","M","R","B","B",null],"character_chosen":"IRONCLAD","items_purchased":["Carnage","Dead Branch","Corruption","Shrug It Off+1","Feel No Pain","Shockwave+1","Dramatic Entrance"],"campfire_rested":6,"item_purchase_floors":[2,20,20,20,38,38,38],"current_hp_per_floor":[67,67,67,73,75,75,75,75,75,75,75,60,59,33,55,15,60,50,50,50,56,56,53,53,22,22,26,26,63,57,63,75,23,62,65,65,65,65,65,56,75,73,73,38,32,71,71,70,82,82,82],"gold":437,"neow_bonus":"THREE_SMALL_POTIONS","is_prod":false,"is_daily":false,"chose_seed":false,"campfire_upgraded":2,"win_rate":0,"timestamp":1543245009,"path_taken":["M","$","?","M","M","R","E","M","T","?","R","E","M","?","R","BOSS","M","?","$","?","?","E","?","E","T","E","?","R","M","M","R","BOSS","M","?","?","$","M","E","R","E","T","E","?","R","?","M","R","BOSS","BOSS"],"build_version":"2018-11-15","purchased_purges":1,"victory":true,"max_hp_per_floor":[75,75,75,75,75,75,75,75,75,75,75,75,75,75,75,75,75,75,75,75,75,75,75,75,75,75,75,75,75,75,75,75,75,75,75,75,75,75,75,75,75,82,82,82,82,82,82,82,82,82,82],"card_choices":[{"not_picked":["Intimidate","Rage","Fire Breathing"],"picked":"SKIP","floor":1},{"not_picked":["Cleave","Sentinel"],"picked":"Shrug It Off","floor":4},{"not_picked":["Warcry","Dual Wield"],"picked":"Reckless Charge","floor":5},{"not_picked":["Fire Breathing","Wild Strike"],"picked":"Infernal Blade","floor":7},{"not_picked":["Wild Strike","Rampage"],"picked":"True Grit","floor":8},{"not_picked":["True Grit","Headbutt"],"picked":"Limit Break","floor":12},{"not_picked":["Pommel Strike","Rage+1"],"picked":"Headbutt","floor":13},{"not_picked":["Barricade","Limit Break+1"],"picked":"Dark Embrace","floor":16},{"not_picked":["Clash","Body Slam"],"picked":"Clothesline","floor":18},{"not_picked":["Combust","Sword Boomerang","Power Through+1"],"picked":"SKIP","floor":21},{"not_picked":["Combust","Cleave"],"picked":"Corruption+1","floor":23},{"not_picked":["Flame Barrier+1","Entrench+1"],"picked":"Feel No Pain","floor":25},{"not_picked":["Anger","Hemokinesis"],"picked":"Flex+1","floor":27},{"not_picked":["Metallicize","Clash"],"picked":"Havoc+1","floor":30},{"not_picked":["Twin Strike","Dark Embrace"],"picked":"Shrug It Off+1","floor":31},{"not_picked":["Reaper","Fiend Fire"],"picked":"Offering+1","floor":33},{"not_picked":["Anger","Flex+1"],"picked":"Shrug It Off+1","floor":35},{"not_picked":["Ghostly Armor+1","Perfected Strike+1"],"picked":"Flex+1","floor":36},{"not_picked":["Twin Strike","Metallicize"],"picked":"Flex+1","floor":39},{"not_picked":["Evolve","Infernal Blade+1"],"picked":"Shockwave+1","floor":40},{"not_picked":["Wild Strike","Cleave"],"picked":"Disarm+1","floor":42},{"not_picked":["Perfected Strike+1","Bloodletting+1"],"picked":"Burning Pact+1","floor":44},{"not_picked":["Dark Embrace","Heavy Blade"],"picked":"Shrug It Off+1","floor":45},{"not_picked":["Battle Trance+1","Perfected Strike+1"],"picked":"Spot Weakness+1","floor":48}],"player_experience":1745092,"relics_obtained":[{"floor":7,"key":"Potion Belt"},{"floor":9,"key":"MawBank"},{"floor":12,"key":"Toxic Egg 2"},{"floor":23,"key":"Boot"},{"floor":25,"key":"Self Forming Clay"},{"floor":26,"key":"Oddly Smooth Stone"},{"floor":27,"key":"Regal Pillow"},{"floor":36,"key":"Peace Pipe"},{"floor":40,"key":"Bag of Marbles"},{"floor":42,"key":"Strawberry"},{"floor":43,"key":"Mummified Hand"},{"floor":44,"key":"Bag of Preparation"}],"event_choices":[{"damage_healed":0,"gold_gain":74,"player_choice":"Gained Gold","damage_taken":0,"max_hp_gain":0,"max_hp_loss":0,"event_name":"Golden Wing","floor":3,"gold_loss":0},{"damage_healed":0,"gold_gain":0,"player_choice":"Grow","damage_taken":0,"max_hp_gain":0,"max_hp_loss":0,"event_name":"Living Wall","floor":10,"gold_loss":0,"cards_upgraded":["True Grit"]},{"damage_healed":0,"gold_gain":0,"player_choice":"Take Damage","damage_taken":26,"relics_obtained":["Golden Idol"],"max_hp_gain":0,"max_hp_loss":0,"event_name":"Golden Idol","floor":14,"gold_loss":0},{"cards_removed":["Strike_R"],"damage_healed":0,"gold_gain":0,"player_choice":"Purged","damage_taken":0,"max_hp_gain":0,"max_hp_loss":0,"event_name":"Purifier","floor":19,"gold_loss":0},{"damage_healed":0,"gold_gain":0,"player_choice":"Ignored","damage_taken":0,"max_hp_gain":0,"max_hp_loss":0,"event_name":"Beggar","floor":22,"gold_loss":0},{"damage_healed":0,"gold_gain":0,"player_choice":"Ignored","damage_taken":0,"max_hp_gain":0,"max_hp_loss":0,"event_name":"The Mausoleum","floor":24,"gold_loss":0},{"damage_healed":0,"gold_gain":50,"player_choice":"Stole From Cult","damage_taken":0,"max_hp_gain":0,"max_hp_loss":0,"event_name":"Nest","floor":28,"gold_loss":0},{"damage_healed":0,"gold_gain":0,"player_choice":"Fight","damage_taken":0,"max_hp_gain":0,"max_hp_loss":0,"event_name":"MindBloom","floor":36,"gold_loss":0},{"cards_removed":["Clothesline"],"damage_healed":0,"gold_gain":0,"player_choice":"Removed Attack","damage_taken":0,"max_hp_gain":0,"max_hp_loss":0,"event_name":"Falling","floor":37,"gold_loss":0},{"damage_healed":0,"gold_gain":0,"cards_transformed":["Strike_R"],"player_choice":"Transformed","damage_taken":0,"max_hp_gain":0,"max_hp_loss":0,"event_name":"Transmorgrifier","floor":47,"gold_loss":0,"cards_obtained":["Sentinel"]}],"is_beta":false,"boss_relics":[{"not_picked":["Black Blood","Runic Cube"],"picked":"Fusion Hammer"},{"not_picked":["Busted Crown","Coffee Dripper"],"picked":"Snecko Eye"}],"items_purged_floors":[20],"is_endless":false,"potions_floor_spawned":[4,8,12,13,21,25,30,35,39,42],"ascension_level":20}