{"path_per_floor":["M","M","$","?","M","R","E","R","T","?","?","T","M","E","R","B",null,"M","?","?","$","?","R","M","M","T","E","M","?","$","?","R"],"character_chosen":"IRONCLAD","items_purchased":["Heavy Blade","Whetstone","Clothesline"],"gold_per_floor":[119,138,63,63,74,74,107,107,130,95,95,95,111,139,139,234,234,245,245,245,75,75,75,95,108,108,142,158,158,132,132,132,132],"floor_reached":33,"campfire_rested":1,"playtime":986,"current_hp_per_floor":[38,43,43,43,49,49,46,46,46,66,66,66,66,68,68,27,88,81,64,64,64,64,64,66,61,61,12,26,26,26,26,55,0],"items_purged":["Defend_R"],"gold":132,"score":296,"play_id":"1c2b72ae-2695-48b5-a107-972e6a673cd5","local_time":"20180503174911","is_prod":false,"is_daily":false,"chose_seed":false,"is_ascension_mode":false,"campfire_upgraded":4,"timestamp":1525362551,"path_taken":["M","M","$","?","M","R","E","R","T","?","?","?","M","E","R","BOSS","M","?","?","$","?","R","M","M","T","E","M","?","?","?","R","BOSS"],"build_version":"2018-05-02","seed_source_timestamp":1739970735381833,"purchased_purges":1,"victory":false,"master_deck":["Strike_R+1","Strike_R+1","Strike_R+1","Strike_R+1","Strike_R+1","Defend_R+1","Defend_R+1","Defend_R+1","Bash+1","Cleave","Perfected Strike+1","Headbutt","Feed+1","Flex+1","Seeing Red","Spot Weakness","Double Tap","True Grit+1","Heavy Blade+1","Twin Strike","Shockwave","Flame Barrier+1","Clothesline"],"max_hp_per_floor":[80,80,80,80,80,80,80,80,80,80,80,80,84,88,88,88,88,88,93,93,93,93,93,93,93,93,93,97,97,97,97,97,97],"relics":["Black Blood","Bird Faced Urn","Vajra","Juzu Bracelet","Bottled Lightning","Bottled Flame","Whetstone","Gremlin Horn","Matryoshka"],"card_choices":[{"not_picked":["Iron Wave","Ghostly Armor"],"picked":"Cleave","floor":1},{"not_picked":["Searing Blow","Bludgeon"],"picked":"Perfected Strike","floor":2},{"not_picked":["Sword Boomerang","Wild Strike"],"picked":"Headbutt","floor":5},{"not_picked":["Burning Pact","Twin Strike"],"picked":"Feed","floor":7},{"not_picked":["True Grit","Dropkick"],"picked":"Seeing Red","floor":13},{"not_picked":["Rage","Body Slam"],"picked":"Spot Weakness","floor":14},{"not_picked":["Bludgeon","Immolate"],"picked":"Double Tap","floor":16},{"not_picked":["Battle Trance","Clash"],"picked":"True Grit","floor":18},{"not_picked":["Pommel Strike","Fire Breathing"],"picked":"Twin Strike","floor":24},{"not_picked":["Anger","Warcry"],"picked":"Shockwave","floor":25},{"not_picked":["Dual Wield","Pommel Strike"],"picked":"Flame Barrier","floor":28}],"player_experience":635487,"potions_floor_usage":[7,16,24,33],"damage_taken":[{"damage":8,"enemies":"Jaw Worm","floor":1,"turns":4},{"damage":1,"enemies":"Small Slimes","floor":2,"turns":3},{"damage":0,"enemies":"2 Louse","floor":5,"turns":2},{"damage":9,"enemies":"Lagavulin","floor":7,"turns":5},{"damage":10,"enemies":"Looter","floor":13,"turns":2},{"damage":8,"enemies":"3 Sentries","floor":14,"turns":4},{"damage":47,"enemies":"Hexaghost","floor":16,"turns":8},{"damage":17,"enemies":"Shell Parasite","floor":18,"turns":3},{"damage":8,"enemies":"3 Byrds","floor":24,"turns":4},{"damage":15,"enemies":"Centurion and Healer","floor":25,"turns":5},{"damage":59,"enemies":"Book of Stabbing","floor":27,"turns":6},{"damage":0,"enemies":"Chosen and Byrds","floor":28,"turns":4},{"damage":77,"enemies":"Champ","floor":33,"turns":10}],"event_choices":[{"event_name":"Living Wall","player_choice":"Grow","floor":4,"damage_taken":0},{"event_name":"The Cleric","player_choice":"Healed","floor":10,"damage_taken":0},{"event_name":"Match and Keep!","player_choice":"1 cards matched","floor":11,"damage_taken":0},{"event_name":"Forgotten Altar","player_choice":"Shed Blood","floor":19,"damage_taken":0},{"event_name":"Beggar","player_choice":"Ignored","floor":20,"damage_taken":0},{"event_name":"Drug Dealer","player_choice":"Ignored","floor":22,"damage_taken":0},{"event_name":"The Lab","player_choice":"Got Potions","floor":29,"damage_taken":0},{"event_name":"Back to Basics","player_choice":"Simplicity","floor":31,"damage_taken":0}],"boss_relics":[{"not_picked":["Pandora\u0027s Box","Lizard Tail"],"picked":"Black Blood"}],"potions_floor_spawned":[2,14,16,18,24],"seed_played":"-5081951011253723318","killed_by":"Champ","ascension_level":0,"is_trial":false}