{"gold_per_floor":[110,124,124,124,299,299,325,325,325,360,360,391,34,45,45,143,143,153,168,618,618],"floor_reached":21,"playtime":949,"items_purged":["Doubt"],"score":205,"play_id":"9ab7bbbb-e7a6-4132-9ca4-f938455e95ed","local_time":"20190209231517","is_ascension_mode":true,"campfire_choices":[{"data":"Armaments","floor":6,"key":"SMITH"},{"floor":8,"key":"REST"},{"floor":11,"key":"REST"},{"data":"Rupture","floor":15,"key":"SMITH"}],"neow_cost":"PERCENT_DAMAGE","seed_source_timestamp":173647770191295,"circlet_count":0,"master_deck":["Strike_R","Strike_R","Strike_R","Strike_R","Defend_R","Defend_R","Defend_R","Defend_R","Bash","Swift Strike","Swift Strike","Combust","Armaments+1","Pommel Strike","Rupture+1","Anger","Offering","Blood for Blood","Panacea","Trip"],"relics":["Burning Blood","Champion Belt","Smiling Mask","Blue Candle","Sundial","Ice Cream","Philosopher\u0027s Stone"],"potions_floor_usage":[7,12,16],"damage_taken":[{"damage":4,"enemies":"Small Slimes","floor":1,"turns":3},{"damage":5,"enemies":"2 Louse","floor":2,"turns":3},{"damage":23,"enemies":"3 Sentries","floor":7,"turns":7},{"damage":23,"enemies":"Gremlin Nob","floor":10,"turns":4},{"damage":14,"enemies":"3 Sentries","floor":12,"turns":6},{"damage":10,"enemies":"Jaw Worm","floor":14,"turns":4},{"damage":24,"enemies":"Slime Boss","floor":16,"turns":6},{"damage":8,"enemies":"Chosen","floor":18,"turns":4},{"damage":16,"enemies":"Shell Parasite","floor":19,"turns":3},{"damage":6,"enemies":"Snecko","floor":21,"turns":2}],"seed_played":"-2192595533358393401","potions_obtained":[{"floor":2,"key":"PowerPotion"},{"floor":10,"key":"Fire Potion"},{"floor":12,"key":"LiquidBronze"}],"is_trial":false,"path_per_floor":["M","M","?","?","?","R","E","R","T","E","R","E","$","M","R","B",null,"M","M","?","M"],"character_chosen":"IRONCLAD","items_purchased":["Ice Cream"],"campfire_rested":2,"item_purchase_floors":[13],"current_hp_per_floor":[58,59,41,41,41,41,24,48,48,31,55,47,47,43,43,25,80,78,68,4,0],"gold":618,"neow_bonus":"RANDOM_COLORLESS_2","is_prod":false,"is_daily":false,"chose_seed":false,"campfire_upgraded":2,"win_rate":0,"timestamp":1549750517,"path_taken":["M","M","?","?","?","R","E","R","T","E","R","E","$","M","R","BOSS","M","M","?","?"],"build_version":"2019-01-23","purchased_purges":1,"victory":false,"max_hp_per_floor":[80,80,80,80,80,80,80,80,80,80,80,80,80,80,80,80,80,80,80,80,80],"card_choices":[{"not_picked":["Twin Strike","Headbutt"],"picked":"Combust","floor":1},{"not_picked":["Body Slam","Iron Wave"],"picked":"Armaments","floor":2},{"not_picked":["Perfected Strike","Pummel","Bloodletting"],"picked":"SKIP","floor":7},{"not_picked":["Clothesline","Pummel"],"picked":"Pommel Strike","floor":10},{"not_picked":["Perfected Strike","Inflame"],"picked":"Rupture","floor":12},{"not_picked":["Headbutt","Iron Wave"],"picked":"Anger","floor":14},{"not_picked":["Demon Form","Dark Embrace"],"picked":"Offering","floor":16},{"not_picked":["Sword Boomerang","Spot Weakness","Armaments"],"picked":"SKIP","floor":18},{"not_picked":["Cleave","Hemokinesis"],"picked":"Blood for Blood","floor":19}],"player_experience":118658,"relics_obtained":[{"floor":7,"key":"Smiling Mask"},{"floor":10,"key":"Blue Candle"},{"floor":12,"key":"Sundial"}],"event_choices":[{"damage_healed":0,"gold_gain":0,"player_choice":"Success","damage_taken":18,"relics_obtained":["Champion Belt"],"max_hp_gain":0,"max_hp_loss":0,"event_name":"Scrap Ooze","floor":3,"gold_loss":0},{"cards_removed":["Strike_R"],"damage_healed":0,"gold_gain":0,"player_choice":"Forget","damage_taken":0,"max_hp_gain":0,"max_hp_loss":0,"event_name":"Living Wall","floor":4,"gold_loss":0},{"damage_healed":0,"gold_gain":175,"player_choice":"AGREE","damage_taken":0,"max_hp_gain":0,"max_hp_loss":0,"event_name":"Liars Game","floor":5,"gold_loss":0,"cards_obtained":["Doubt"]},{"damage_healed":0,"gold_gain":450,"player_choice":"GOLD GOLD GOLD CARD CARD GOLD GOLD ","damage_taken":64,"max_hp_gain":0,"max_hp_loss":0,"event_name":"Knowing Skull","floor":20,"potions_obtained":[],"gold_loss":0,"cards_obtained":["Panacea","Trip"]}],"is_beta":false,"boss_relics":[{"not_picked":["Pandora\u0027s Box","Empty Cage"],"picked":"Philosopher\u0027s Stone"}],"items_purged_floors":[13],"is_endless":false,"potions_floor_spawned":[2,10,12],"killed_by":"Snecko","ascension_level":1}