{"gold_per_floor":[116,32,62,62,78,78,104,115,142,217,228,228,242,274,274,274],"floor_reached":16,"playtime":441,"items_purged":[],"score":236,"play_id":"16c1604f-26e6-4b93-8119-31f255bba937","local_time":"20180727153340","is_ascension_mode":true,"campfire_choices":[{"data":"Bash","floor":6,"key":"SMITH"},{"data":"Clothesline","floor":12,"key":"SMITH"},{"data":"Whirlwind","floor":15,"key":"SMITH"}],"neow_cost":"NONE","seed_source_timestamp":267370900959722,"circlet_count":0,"master_deck":["Strike_R","Strike_R","Strike_R","Strike_R","Strike_R","Defend_R","Defend_R","Defend_R","Defend_R","Bash+1","AscendersBane","Hemokinesis","Feel No Pain","Clothesline+1","Battle Trance","Carnage","Feel No Pain","Twin Strike","Whirlwind+1","Shrug It Off"],"relics":["Burning Blood","NeowsBlessing","Tiny Chest","Lantern","Blood Vial","Strawberry"],"potions_floor_usage":[14,16,16],"damage_taken":[{"damage":0,"enemies":"Jaw Worm","floor":1,"turns":1},{"damage":0,"enemies":"Small Slimes","floor":5,"turns":1},{"damage":0,"enemies":"3 Sentries","floor":7,"turns":2},{"damage":4,"enemies":"Cultist","floor":8,"turns":3},{"damage":10,"enemies":"Blue Slaver","floor":11,"turns":5},{"damage":1,"enemies":"Exordium Wildlife","floor":13,"turns":2},{"damage":29,"enemies":"Lagavulin","floor":14,"turns":8},{"damage":72,"enemies":"Hexaghost","floor":16,"turns":15}],"seed_played":"-6775941299783442370","potions_obtained":[{"floor":1,"key":"SkillPotion"},{"floor":8,"key":"SkillPotion"},{"floor":11,"key":"PowerPotion"},{"floor":13,"key":"SteroidPotion"},{"floor":14,"key":"Regen Potion"}],"is_trial":false,"path_per_floor":["M","$","?","?","M","R","E","M","T","?","M","R","M","E","R"],"character_chosen":"IRONCLAD","items_purchased":["Feel No Pain","Clothesline"],"campfire_rested":0,"item_purchase_floors":[2,2],"current_hp_per_floor":[74,74,63,63,69,69,75,75,75,64,62,62,69,55,55,0],"gold":274,"neow_bonus":"THREE_ENEMY_KILL","is_prod":false,"is_daily":false,"chose_seed":false,"campfire_upgraded":3,"win_rate":0,"timestamp":1532698420,"path_taken":["M","$","?","?","M","R","E","M","T","?","?","R","?","E","R","BOSS"],"build_version":"2018-07-26","purchased_purges":0,"victory":false,"max_hp_per_floor":[75,75,75,75,75,75,75,75,75,75,75,75,75,82,82,82],"card_choices":[{"not_picked":["Intimidate","Havoc"],"picked":"Hemokinesis","floor":1},{"not_picked":["Hemokinesis","Rampage"],"picked":"Battle Trance","floor":5},{"not_picked":["Thunderclap","Fire Breathing"],"picked":"Carnage","floor":7},{"not_picked":["Heavy Blade","Wild Strike"],"picked":"Feel No Pain","floor":8},{"not_picked":["Second Wind","Perfected Strike"],"picked":"Twin Strike","floor":11},{"not_picked":["Bloodletting","Anger"],"picked":"Whirlwind","floor":13},{"not_picked":["Pummel","Pommel Strike"],"picked":"Shrug It Off","floor":14}],"player_experience":1180061,"relics_obtained":[{"floor":7,"key":"Lantern"},{"floor":9,"key":"Blood Vial"},{"floor":14,"key":"Strawberry"}],"event_choices":[{"event_name":"Scrap Ooze","player_choice":"success","floor":3,"damage_taken":11},{"event_name":"Golden Idol","player_choice":"Ignored","floor":4,"damage_taken":0},{"event_name":"World of Goop","player_choice":"Gather Gold","floor":10,"damage_taken":0}],"is_beta":false,"boss_relics":[],"items_purged_floors":[],"is_endless":false,"potions_floor_spawned":[1,8,11,13,14],"killed_by":"Hexaghost","ascension_level":15}