{"gold_per_floor":[216,229,229,239,111,139,139,158,158,173,173,193,248,283,283,283],"floor_reached":16,"playtime":605,"items_purged":[],"score":274,"play_id":"0c244c96-0493-4123-b984-a83508457d3e","local_time":"20190208125039","is_ascension_mode":true,"campfire_choices":[{"data":"Neutralize","floor":7,"key":"SMITH"},{"data":"Crippling Poison","floor":11,"key":"SMITH"},{"data":"Crippling Poison","floor":15,"key":"SMITH"}],"neow_cost":"NONE","seed_source_timestamp":153493777492806,"circlet_count":0,"master_deck":["AscendersBane","Defend_G","Defend_G","Defend_G","Defend_G","Defend_G","Strike_G","Strike_G","Strike_G","Strike_G","Survivor","Neutralize+1","Crippling Poison+1","Bane","Footwork","Backstab","Finisher","PiercingWail","Catalyst","Crippling Poison+1","Crippling Poison"],"relics":["Ring of the Snake","Ice Cream","Kunai","Singing Bowl"],"potions_floor_usage":[6,16,16],"damage_taken":[{"damage":3,"enemies":"Jaw Worm","floor":1,"turns":6},{"damage":0,"enemies":"Cultist","floor":2,"turns":4},{"damage":0,"enemies":"Small Slimes","floor":4,"turns":5},{"damage":24,"enemies":"Gremlin Nob","floor":6,"turns":4},{"damage":11,"enemies":"Exordium Thugs","floor":8,"turns":6},{"damage":0,"enemies":"2 Fungi Beasts","floor":10,"turns":3},{"damage":12,"enemies":"Gremlin Gang","floor":12,"turns":5},{"damage":0,"enemies":"Lagavulin","floor":14,"turns":7},{"damage":11,"enemies":"Hexaghost","floor":16,"turns":9}],"seed_played":"-7153996996274665831","potions_obtained":[{"floor":4,"key":"SpeedPotion"},{"floor":6,"key":"LiquidBronze"},{"floor":12,"key":"Block Potion"}],"is_trial":false,"path_per_floor":["M","M","?","M","$","E","R","M","T","M","R","M","T","E","R","B"],"character_chosen":"THE_SILENT","items_purchased":["Backstab","Explosive Potion"],"campfire_rested":0,"item_purchase_floors":[5,5],"current_hp_per_floor":[56,56,56,56,56,32,32,21,21,21,21,9,9,9,9,0],"gold":283,"neow_bonus":"HUNDRED_GOLD","is_prod":false,"is_daily":false,"chose_seed":false,"campfire_upgraded":3,"win_rate":0,"timestamp":1549626639,"path_taken":["M","M","?","M","$","E","R","M","T","M","R","?","?","E","R","BOSS"],"build_version":"2019-01-23","purchased_purges":0,"victory":false,"max_hp_per_floor":[66,66,66,66,66,66,66,66,66,66,66,66,66,66,66,66],"card_choices":[{"not_picked":["PiercingWail","Tactician"],"picked":"Crippling Poison","floor":1},{"not_picked":["Backflip","Riddle With Holes"],"picked":"Bane","floor":2},{"not_picked":["Underhanded Strike","Flying Knee"],"picked":"Footwork","floor":4},{"not_picked":["Prepared","Masterful Stab"],"picked":"Finisher","floor":6},{"not_picked":["Acrobatics","Sucker Punch"],"picked":"PiercingWail","floor":8},{"not_picked":["Outmaneuver","Blade Dance"],"picked":"Catalyst","floor":10},{"not_picked":["Bane","Outmaneuver"],"picked":"Crippling Poison","floor":12},{"not_picked":["Poisoned Stab","Dagger Throw"],"picked":"Crippling Poison","floor":14}],"player_experience":1951606,"relics_obtained":[{"floor":6,"key":"Ice Cream"},{"floor":9,"key":"Kunai"},{"floor":14,"key":"Singing Bowl"}],"event_choices":[{"cards_removed":["Strike_G"],"damage_healed":0,"gold_gain":0,"player_choice":"Purged","damage_taken":0,"max_hp_gain":0,"max_hp_loss":0,"event_name":"Purifier","floor":3,"gold_loss":0}],"is_beta":false,"boss_relics":[],"items_purged_floors":[],"is_endless":false,"potions_floor_spawned":[4,6,12,14],"killed_by":"Hexaghost","ascension_level":20}