{"gold_per_floor":[116,128,128,77,95,95,95,95,95,114,149,149,161,177,177,177],"floor_reached":16,"playtime":1012,"items_purged":[],"score":137,"play_id":"5cebbef1-0af7-42e0-8bbf-2c76269256ee","local_time":"20190212232920","is_ascension_mode":true,"campfire_choices":[{"data":"Armaments","floor":6,"key":"SMITH"},{"data":"Feed","floor":8,"key":"SMITH"},{"data":"True Grit","floor":15,"key":"SMITH"}],"neow_cost":"NONE","seed_source_timestamp":118261051923200,"circlet_count":0,"master_deck":["Strike_R","Strike_R","Strike_R","Strike_R","Defend_R","Defend_R","Defend_R","Defend_R","Bash","Twin Strike","Shrug It Off+1","Armaments+1","Feed+1","True Grit+1","Spot Weakness","Shrug It Off","Body Slam"],"relics":["Burning Blood","Red Skull","Juzu Bracelet","Paper Frog"],"potions_floor_usage":[11,16,16],"damage_taken":[{"damage":7,"enemies":"2 Louse","floor":1,"turns":4},{"damage":0,"enemies":"Cultist","floor":2,"turns":4},{"damage":0,"enemies":"Small Slimes","floor":5,"turns":3},{"damage":1,"enemies":"Exordium Wildlife","floor":10,"turns":4},{"damage":44,"enemies":"Gremlin Nob","floor":11,"turns":6},{"damage":18,"enemies":"3 Louse","floor":13,"turns":3},{"damage":4,"enemies":"Red Slaver","floor":14,"turns":4},{"damage":58,"enemies":"Slime Boss","floor":16,"turns":11}],"seed_played":"-7975377329648225008","potions_obtained":[{"floor":2,"key":"Regen Potion"},{"floor":10,"key":"FearPotion"},{"floor":13,"key":"Strength Potion"},{"floor":14,"key":"Strength Potion"}],"is_trial":false,"path_per_floor":["M","M","?","$","M","R","?","R","T","M","E","?","M","M","R","B"],"character_chosen":"IRONCLAD","items_purchased":["Armaments"],"campfire_rested":0,"item_purchase_floors":[4],"current_hp_per_floor":[87,88,81,81,87,87,87,87,87,88,59,59,51,57,57,0],"gold":177,"neow_bonus":"TEN_PERCENT_HP_BONUS","is_prod":false,"is_daily":false,"chose_seed":false,"campfire_upgraded":3,"win_rate":0,"timestamp":1550032160,"path_taken":["M","M","?","$","M","R","?","R","T","M","E","?","M","M","R","BOSS"],"build_version":"2019-01-23","purchased_purges":0,"victory":false,"max_hp_per_floor":[88,88,88,88,88,88,88,88,88,88,88,88,92,96,96,96],"card_choices":[{"not_picked":["Warcry","Wild Strike"],"picked":"Twin Strike","floor":1},{"not_picked":["Iron Wave","Twin Strike"],"picked":"Shrug It Off","floor":2},{"not_picked":["Armaments","Thunderclap"],"picked":"Feed","floor":5},{"not_picked":["Uppercut","Rage"],"picked":"True Grit","floor":10},{"not_picked":["Disarm","Clothesline"],"picked":"Spot Weakness","floor":11},{"not_picked":["Rupture","Wild Strike"],"picked":"Shrug It Off","floor":13},{"not_picked":["True Grit","Heavy Blade"],"picked":"Body Slam","floor":14}],"player_experience":84774,"relics_obtained":[{"floor":9,"key":"Red Skull"},{"floor":11,"key":"Juzu Bracelet"}],"event_choices":[{"cards_removed":["Strike_R"],"damage_healed":0,"gold_gain":0,"player_choice":"Card Removal","damage_taken":7,"max_hp_gain":0,"max_hp_loss":0,"event_name":"Golden Wing","floor":3,"gold_loss":0},{"damage_healed":0,"gold_gain":0,"player_choice":"Grow","damage_taken":0,"max_hp_gain":0,"max_hp_loss":0,"event_name":"Living Wall","floor":7,"gold_loss":0,"cards_upgraded":["Shrug It Off"]},{"damage_healed":0,"gold_gain":0,"player_choice":"Gave Potion","damage_taken":0,"relics_obtained":["Paper Frog"],"max_hp_gain":0,"max_hp_loss":0,"event_name":"WeMeetAgain","floor":12,"gold_loss":0}],"is_beta":false,"boss_relics":[],"items_purged_floors":[],"is_endless":false,"potions_floor_spawned":[2,10,13,14],"killed_by":"Slime Boss","ascension_level":2}