{"gold_per_floor":[215,230,155,155,71,71,110,185,210,210,235,271,271,294,294,294],"floor_reached":16,"playtime":956,"items_purged":[],"score":216,"play_id":"f516daa4-80ee-44f5-8265-ed78232ef43e","local_time":"20190107113149","is_ascension_mode":true,"campfire_choices":[{"data":"Uppercut","floor":6,"key":"SMITH"},{"floor":10,"key":"REST"},{"floor":13,"key":"REST"},{"data":"Armaments","floor":15,"key":"SMITH"}],"neow_cost":"NONE","seed_source_timestamp":6955199450705,"circlet_count":0,"master_deck":["AscendersBane","Strike_R","Strike_R","Strike_R","Strike_R","Defend_R+1","Defend_R","Defend_R+1","Defend_R","Bash","Thunderclap","Cleave","Uppercut+1","Clothesline","Armaments+1","Metallicize","Combust"],"relics":["Burning Blood","Golden Idol","War Paint","Omamori","PreservedInsect"],"potions_floor_usage":[12],"damage_taken":[{"damage":4,"enemies":"2 Louse","floor":1,"turns":3},{"damage":11,"enemies":"Small Slimes","floor":2,"turns":5},{"damage":44,"enemies":"Lagavulin","floor":7,"turns":7},{"damage":0,"enemies":"Cultist","floor":11,"turns":2},{"damage":37,"enemies":"Gremlin Nob","floor":12,"turns":5},{"damage":1,"enemies":"Blue Slaver","floor":14,"turns":4},{"damage":37,"enemies":"The Guardian","floor":16,"turns":14}],"seed_played":"7900515772229499716","potions_obtained":[{"floor":7,"key":"Swift Potion"},{"floor":12,"key":"Energy Potion"}],"is_trial":false,"path_per_floor":["M","M","?","?","$","R","E","?","T","R","M","E","R","M","R","B"],"character_chosen":"IRONCLAD","items_purchased":["Uppercut"],"campfire_rested":2,"item_purchase_floors":[5],"current_hp_per_floor":[70,65,65,65,65,65,27,16,16,36,42,11,31,36,36,0],"gold":294,"neow_bonus":"HUNDRED_GOLD","is_prod":false,"is_daily":false,"chose_seed":false,"campfire_upgraded":2,"win_rate":0,"timestamp":1546857109,"path_taken":["M","M","?","?","$","R","E","?","T","R","M","E","R","M","R","BOSS"],"build_version":"2019-01-03v4","purchased_purges":0,"victory":false,"max_hp_per_floor":[75,75,75,68,68,68,68,68,68,68,68,68,68,68,68,68],"card_choices":[{"not_picked":["Havoc","Pummel"],"picked":"Thunderclap","floor":1},{"not_picked":["Dual Wield","Ghostly Armor"],"picked":"Cleave","floor":2},{"not_picked":["Ghostly Armor","Warcry"],"picked":"Clothesline","floor":7},{"not_picked":["Corruption","Limit Break"],"picked":"Armaments","floor":11},{"not_picked":["Entrench","Power Through"],"picked":"Metallicize","floor":12},{"not_picked":["Thunderclap","Armaments"],"picked":"Combust","floor":14}],"player_experience":1835398,"relics_obtained":[{"floor":7,"key":"War Paint"},{"floor":9,"key":"Omamori"},{"floor":12,"key":"PreservedInsect"}],"event_choices":[{"cards_removed":["Strike_R"],"damage_healed":0,"gold_gain":0,"player_choice":"Card Removal","damage_taken":0,"max_hp_gain":0,"max_hp_loss":0,"event_name":"The Cleric","floor":3,"gold_loss":75},{"damage_healed":0,"gold_gain":0,"player_choice":"Lose Max HP","damage_taken":0,"relics_obtained":["Golden Idol"],"max_hp_gain":0,"max_hp_loss":7,"event_name":"Golden Idol","floor":4,"gold_loss":0},{"damage_healed":0,"gold_gain":75,"player_choice":"Gather Gold","damage_taken":11,"max_hp_gain":0,"max_hp_loss":0,"event_name":"World of Goop","floor":8,"gold_loss":0}],"is_beta":false,"boss_relics":[],"items_purged_floors":[],"is_endless":false,"potions_floor_spawned":[7,12],"killed_by":"The Guardian","ascension_level":20}