{"gold_per_floor":[119,39,53,53,67,67,402,402,402,433,451,484,198,215,215,292,292,263,275,200,64,64],"floor_reached":22,"playtime":878,"items_purged":["Strike_R"],"score":408,"play_id":"523fc1af-6b34-46f8-9757-abf0eb63c853","local_time":"20181112162624","is_ascension_mode":true,"campfire_choices":[{"data":"Clothesline","floor":6.0,"key":"SMITH"},{"data":"Armaments","floor":8.0,"key":"SMITH"},{"floor":15,"key":"REST"}],"neow_cost":"NONE","seed_source_timestamp":0,"circlet_count":0,"master_deck":["AscendersBane","Strike_R","Strike_R","Strike_R","Defend_R+1","Defend_R","Defend_R+1","Defend_R","Bash+1","Clothesline+1","True Grit","Shrug It Off","Dropkick","Flame Barrier","Armaments+1","Spot Weakness","Twin Strike","Reaper","Uppercut+1","Corruption"],"special_seed":0,"relics":["Burning Blood","Old Coin","Pantograph","PreservedInsect","Blood Vial","War Paint","Sozu","Orichalcum"],"potions_floor_usage":[16,16],"damage_taken":[{"damage":1.0,"enemies":"Cultist","floor":1.0,"turns":3.0},{"damage":14.0,"enemies":"Jaw Worm","floor":3.0,"turns":5.0},{"damage":10.0,"enemies":"Small Slimes","floor":5.0,"turns":3.0},{"damage":33.0,"enemies":"Lagavulin","floor":7.0,"turns":7.0},{"damage":8.0,"enemies":"Gremlin Nob","floor":10.0,"turns":3.0},{"damage":9.0,"enemies":"Red Slaver","floor":11.0,"turns":4.0},{"damage":20.0,"enemies":"3 Sentries","floor":12.0,"turns":6.0},{"damage":7,"enemies":"Lots of Slimes","floor":14,"turns":6},{"damage":28,"enemies":"Hexaghost","floor":16,"turns":10},{"damage":17,"enemies":"2 Thieves","floor":18,"turns":4},{"damage":16,"enemies":"Shell Parasite","floor":19,"turns":6},{"damage":80,"enemies":"3 Cultists","floor":22,"turns":6}],"seed_played":"-6533635129339570170","potions_obtained":[{"floor":3.0,"key":"Strength Potion"},{"floor":5.0,"key":"Weak Potion"},{"floor":10.0,"key":"Strength Potion"}],"is_trial":false,"path_per_floor":["M","$","M","$","M","R","E","R","T","E","M","E","$","M","R","B",null,"M","M","?","?","M"],"character_chosen":"IRONCLAD","items_purchased":["True Grit","Shrug It Off","War Paint","Block Potion"],"campfire_rested":1,"item_purchase_floors":[2,2,13,13],"current_hp_per_floor":[73,73,65,65,61,61,34,34,34,32,29,15,15,16,38,43,67,62,66,66,66,0],"gold":64,"neow_bonus":"UPGRADE_CARD","is_prod":false,"is_daily":false,"chose_seed":false,"campfire_upgraded":2,"win_rate":0,"timestamp":1542036384,"path_taken":["M","?","M","$","M","R","E","R","T","E","M","E","$","M","R","BOSS","M","M","?","?","?"],"build_version":"2018-11-08","purchased_purges":1,"victory":false,"max_hp_per_floor":[75,75,75,75,75,75,75,75,75,75,75,75,75,75,75,75,75,75,75,75,75,75],"card_choices":[{"not_picked":["Body Slam","Sever Soul"],"picked":"Clothesline","floor":1.0},{"not_picked":["Uppercut","Clash"],"picked":"Dropkick","floor":3.0},{"not_picked":["Reckless Charge","Sword Boomerang"],"picked":"Flame Barrier","floor":5.0},{"not_picked":["Cleave","Wild Strike"],"picked":"Armaments","floor":7.0},{"not_picked":["Clothesline","Cleave","Wild Strike"],"picked":"SKIP","floor":10.0},{"not_picked":["Cleave","Clash"],"picked":"Spot Weakness","floor":11.0},{"not_picked":["Shockwave","Combust"],"picked":"Twin Strike","floor":12.0},{"not_picked":["Flex","Wild Strike","Twin Strike"],"picked":"SKIP","floor":14},{"not_picked":["Brutality","Dark Embrace"],"picked":"Reaper","floor":16},{"not_picked":["Clothesline","Shrug It Off"],"picked":"Uppercut+1","floor":18},{"not_picked":["Body Slam+1","Thunderclap"],"picked":"Corruption","floor":19}],"player_experience":1685403,"relics_obtained":[{"floor":7.0,"key":"Old Coin"},{"floor":9.0,"key":"Pantograph"},{"floor":10.0,"key":"PreservedInsect"},{"floor":12.0,"key":"Blood Vial"}],"event_choices":[{"cards_removed":["Strike_R"],"damage_healed":0,"gold_gain":0,"player_choice":"Gave Gold","damage_taken":0,"max_hp_gain":0,"max_hp_loss":0,"event_name":"Beggar","floor":20,"gold_loss":75},{"damage_healed":0,"gold_gain":0,"player_choice":"Paid Gold","damage_taken":0,"relics_obtained":["Orichalcum"],"max_hp_gain":0,"max_hp_loss":0,"event_name":"WeMeetAgain","floor":21,"gold_loss":136}],"is_beta":false,"boss_relics":[{"not_picked":["Orrery","Runic Cube"],"picked":"Sozu"}],"items_purged_floors":[13],"is_endless":false,"potions_floor_spawned":[3,5,10,14,18],"killed_by":"3 Cultists","ascension_level":20}