{"gold_per_floor":[112,112,112,126,301,301,330,349,349,368,131,131,199,249,249,373,373,407,235,292,343,373,373,421,421,445,445,445,460,141,181,181,305,305,344,383,383,2,38,38,77,77],"floor_reached":42,"playtime":3483,"items_purged":["Doubt","Defend_G","Strike_G","Defend_G"],"score":673,"play_id":"499c40ef-93f5-4abe-b884-626cad0ae775","local_time":"20190205181628","is_ascension_mode":true,"campfire_choices":[{"data":"Neutralize","floor":6.0,"key":"SMITH"},{"data":"All Out Attack","floor":12.0,"key":"SMITH"},{"data":"Dodge and Roll","floor":15.0,"key":"SMITH"},{"floor":23.0,"key":"REST"},{"data":"Backflip","floor":25,"key":"SMITH"},{"data":"HandOfGreed","floor":32,"key":"SMITH"},{"floor":40,"key":"REST"}],"neow_cost":"NONE","seed_source_timestamp":99600826007400,"circlet_count":0,"master_deck":["Defend_G","Defend_G","Defend_G","Strike_G","Strike_G","Strike_G","Survivor","Neutralize+1","All Out Attack+1","Flying Knee","Well Laid Plans","Backstab","Cloak And Dagger","HandOfGreed+1","Backflip+1","Dodge and Roll+1","Malaise","Sucker Punch+1","Escape Plan","Finisher","Tools of the Trade","Necronomicurse","Quick Slash+1","PiercingWail+1","Storm of Steel","Backflip+1","Endless Agony","Footwork","Metamorphosis","Dodge and Roll+1"],"special_seed":0,"relics":["Ring of the Serpent","NeowsBlessing","Dodecahedron","Art of War","Regal Pillow","Vajra","Necronomicon","Nloth\u0027s Gift","Lee\u0027s Waffle","Sozu"],"potions_floor_usage":[24,24,24],"damage_taken":[{"damage":0.0,"enemies":"2 Louse","floor":1.0,"turns":1.0},{"damage":0.0,"enemies":"Small Slimes","floor":4.0,"turns":1.0},{"damage":0.0,"enemies":"Gremlin Nob","floor":7.0,"turns":1.0},{"damage":7.0,"enemies":"Cultist","floor":8.0,"turns":4.0},{"damage":0.0,"enemies":"Looter","floor":10.0,"turns":3.0},{"damage":0.0,"enemies":"3 Sentries","floor":13.0,"turns":9.0},{"damage":1.0,"enemies":"Exordium Wildlife","floor":14.0,"turns":4.0},{"damage":8.0,"enemies":"The Guardian","floor":16.0,"turns":12.0},{"damage":8.0,"enemies":"Shell Parasite","floor":18.0,"turns":7.0},{"damage":6.0,"enemies":"3 Byrds","floor":20.0,"turns":6.0},{"damage":5.0,"enemies":"Centurion and Healer","floor":21.0,"turns":8.0},{"damage":3.0,"enemies":"Snecko","floor":22.0,"turns":6.0},{"damage":30,"enemies":"Book of Stabbing","floor":24,"turns":9},{"damage":13,"enemies":"Snake Plant","floor":29,"turns":5},{"damage":15,"enemies":"Shelled Parasite and Fungi","floor":31,"turns":8},{"damage":59,"enemies":"Collector","floor":33,"turns":15},{"damage":11,"enemies":"Orb Walker","floor":35,"turns":3},{"damage":8,"enemies":"3 Shapes","floor":36,"turns":4},{"damage":22,"enemies":"Spire Growth","floor":39,"turns":4},{"damage":0,"enemies":"Maw","floor":41,"turns":7},{"damage":66,"enemies":"Giant Head","floor":42,"turns":7}],"seed_played":"-3023943550373028313","potions_obtained":[{"floor":7.0,"key":"EssenceOfSteel"},{"floor":8.0,"key":"PowerPotion"},{"floor":10.0,"key":"SkillPotion"},{"floor":16.0,"key":"GamblersBrew"},{"floor":20.0,"key":"SpeedPotion"},{"floor":21.0,"key":"Explosive Potion"},{"floor":22.0,"key":"Poison Potion"},{"floor":29,"key":"Ancient Potion"}],"is_trial":false,"path_per_floor":["?","?","M","?","?","?","M","?"],"character_chosen":"THE_SILENT","items_purchased":["HandOfGreed","Escape Plan","Lee\u0027s Waffle","Footwork","Metamorphosis"],"campfire_rested":2,"item_purchase_floors":[11,19,30,38,38],"current_hp_per_floor":[63,56,56,56,56,56,56,49,49,49,49,49,49,48,48,40,63,55,55,49,44,41,62,32,32,32,16,16,3,77,62,62,3,59,48,40,40,40,18,56,56,0],"gold":77,"neow_bonus":"THREE_ENEMY_KILL","is_prod":false,"is_daily":false,"chose_seed":false,"campfire_upgraded":5,"win_rate":0,"timestamp":1549358188,"path_taken":["M","?","?","?","?","R","E","M","T","M","$","R","E","M","R","BOSS","M","$","M","M","M","R","E","R","T","?","?","M","$","M","R","BOSS","M","?","?","$","M","R","M","E"],"build_version":"2019-01-23","purchased_purges":4,"victory":false,"max_hp_per_floor":[70,70,70,70,70,70,70,70,70,70,70,70,70,70,70,70,70,70,70,70,70,70,70,70,70,70,70,70,70,77,77,77,77,77,77,77,77,77,77,77,77,77],"card_choices":[{"not_picked":["Dagger Throw","Accuracy"],"picked":"All Out Attack","floor":1.0},{"not_picked":["Bane","Riddle With Holes"],"picked":"Flying Knee","floor":4.0},{"not_picked":["Wraith Form v2","Outmaneuver"],"picked":"Well Laid Plans","floor":7.0},{"not_picked":["Dodge and Roll","Underhanded Strike"],"picked":"Backstab","floor":8.0},{"not_picked":["Caltrops","Escape Plan"],"picked":"Cloak And Dagger","floor":10.0},{"not_picked":["Underhanded Strike","Backstab"],"picked":"Backflip","floor":13.0},{"not_picked":["A Thousand Cuts","Bane"],"picked":"Dodge and Roll","floor":14.0},{"not_picked":["Glass Knife","Grand Finale"],"picked":"Malaise","floor":16.0},{"not_picked":["Endless Agony","Backflip+1"],"picked":"Sucker Punch+1","floor":18.0},{"not_picked":["Underhanded Strike","Eviscerate","Poisoned Stab+1"],"picked":"SKIP","floor":20.0},{"not_picked":["Masterful Stab+1","Acrobatics"],"picked":"Finisher","floor":21.0},{"not_picked":["Noxious Fumes","Poisoned Stab","Bane+1"],"picked":"SKIP","floor":22.0},{"not_picked":["Backflip","Eviscerate"],"picked":"Tools of the Trade","floor":24},{"not_picked":["Prepared","Dagger Throw"],"picked":"Quick Slash+1","floor":29},{"not_picked":["Eviscerate","Backstab"],"picked":"PiercingWail+1","floor":31},{"not_picked":["Bullet Time","Die Die Die"],"picked":"Storm of Steel","floor":33},{"not_picked":["Quick Slash","Flechettes+1"],"picked":"Backflip+1","floor":35},{"not_picked":["Expertise","Prepared"],"picked":"Endless Agony","floor":36},{"not_picked":["Expertise+1","A Thousand Cuts"],"picked":"Dodge and Roll+1","floor":39}],"player_experience":240927,"relics_obtained":[{"floor":7.0,"key":"Dodecahedron"},{"floor":9.0,"key":"Art of War"},{"floor":13.0,"key":"Pen Nib"},{"floor":24,"key":"Regal Pillow"},{"floor":26,"key":"Vajra"},{"floor":27,"key":"Necronomicon"}],"event_choices":[{"cards_removed":["Strike_G"],"damage_healed":0.0,"max_hp_gain":0.0,"max_hp_loss":0.0,"gold_gain":0.0,"event_name":"Golden Wing","player_choice":"Card Removal","floor":2.0,"gold_loss":0.0,"damage_taken":7.0},{"damage_healed":0.0,"max_hp_gain":0.0,"max_hp_loss":0.0,"gold_gain":0.0,"event_name":"WeMeetAgain","player_choice":"Ignored","floor":3.0,"gold_loss":0.0,"damage_taken":0.0},{"damage_healed":0.0,"max_hp_gain":0.0,"max_hp_loss":0.0,"gold_gain":175.0,"event_name":"Liars Game","player_choice":"AGREE","floor":5.0,"gold_loss":0.0,"damage_taken":0.0,"cards_obtained":["Doubt"]},{"damage_healed":0,"gold_gain":0,"player_choice":"Obtained Book","damage_taken":16,"max_hp_gain":0,"max_hp_loss":0,"event_name":"Cursed Tome","floor":27,"gold_loss":0},{"damage_healed":0,"gold_gain":0,"player_choice":"Traded Relic","damage_taken":0,"relics_obtained":["Nloth\u0027s Gift"],"max_hp_gain":0,"max_hp_loss":0,"event_name":"N\u0027loth","floor":28,"relics_lost":["Pen Nib"],"gold_loss":0},{"damage_healed":0,"gold_gain":0,"player_choice":"Ignored","damage_taken":0,"max_hp_gain":0,"max_hp_loss":0,"event_name":"Tomb of Lord Red Mask","floor":37,"gold_loss":0}],"is_beta":false,"boss_relics":[{"not_picked":["Ectoplasm","Lizard Tail"],"picked":"Ring of the Serpent"},{"not_picked":["Tiny House","Runic Dome"],"picked":"Sozu"}],"items_purged_floors":[11,19,30,38],"is_endless":false,"potions_floor_spawned":[7,8,10,16,20,21,22,29,35,36,41],"killed_by":"Giant Head","ascension_level":7}