{"gold_per_floor":[111,111,127,202,217,242,242,242],"floor_reached":8,"playtime":553,"items_purged":[],"score":56,"play_id":"24efe634-20ee-4909-8741-4e639530a265","local_time":"20190212002052","is_ascension_mode":false,"campfire_choices":[{"data":"Demon Form","floor":7,"key":"SMITH"}],"neow_cost":"CURSE","seed_source_timestamp":1524857779346,"circlet_count":0,"master_deck":["Strike_R","Strike_R","Strike_R","Strike_R","Strike_R","Defend_R","Defend_R","Defend_R","Defend_R","Bash","Regret","Demon Form+1","Heavy Blade","Entrench","Battle Trance"],"relics":["Burning Blood","CultistMask","Bronze Scales"],"potions_floor_usage":[6,8],"damage_taken":[{"damage":12,"enemies":"Cultist","floor":1,"turns":4},{"damage":3,"enemies":"2 Louse","floor":3,"turns":4},{"damage":12,"enemies":"Small Slimes","floor":5,"turns":4},{"damage":16,"enemies":"Lagavulin","floor":6,"turns":7},{"damage":51,"enemies":"3 Sentries","floor":8,"turns":6}],"seed_played":"7045330286929737386","potions_obtained":[{"floor":3,"key":"SkillPotion"},{"floor":6,"key":"Poison Potion"}],"is_trial":false,"path_per_floor":["M","?","M","?","M","E","R","E"],"character_chosen":"IRONCLAD","items_purchased":[],"campfire_rested":0,"item_purchase_floors":[],"current_hp_per_floor":[74,74,77,66,60,50,50,0],"gold":242,"neow_bonus":"THREE_RARE_CARDS","is_prod":false,"is_daily":false,"chose_seed":false,"campfire_upgraded":1,"win_rate":0,"timestamp":1549952452,"path_taken":["M","?","?","?","M","E","R","E"],"build_version":"2019-01-23","purchased_purges":0,"victory":false,"max_hp_per_floor":[80,80,80,80,80,80,80,80],"card_choices":[{"not_picked":["Immolate","Brutality"],"picked":"Demon Form","floor":0},{"not_picked":["Warcry","Wild Strike","Rupture"],"picked":"SKIP","floor":1},{"not_picked":["Disarm","Flex"],"picked":"Heavy Blade","floor":3},{"not_picked":["Flex","Havoc"],"picked":"Entrench","floor":5},{"not_picked":["Heavy Blade","Body Slam"],"picked":"Battle Trance","floor":6}],"player_experience":54231,"relics_obtained":[{"floor":6,"key":"Bronze Scales"}],"event_choices":[{"damage_healed":0,"gold_gain":0,"player_choice":"Trade","damage_taken":0,"relics_obtained":["CultistMask"],"max_hp_gain":0,"max_hp_loss":0,"event_name":"FaceTrader","floor":2,"gold_loss":0},{"damage_healed":0,"gold_gain":75,"player_choice":"Gather Gold","damage_taken":11,"max_hp_gain":0,"max_hp_loss":0,"event_name":"World of Goop","floor":4,"gold_loss":0}],"is_beta":false,"boss_relics":[],"items_purged_floors":[],"is_endless":false,"potions_floor_spawned":[3,6],"killed_by":"3 Sentries","ascension_level":0}