{"path_per_floor":["M","M","?","$","?","R","E","R","T","E","?","$","M","E","R","B",null,"M","?","?","?","M","R","M","E","T","?","R","?","R","E","R"],"character_chosen":"IRONCLAD","items_purchased":["Flex"],"gold_per_floor":[119,135,135,36,36,36,69,69,96,153,153,73,87,117,117,222,222,239,154,154,334,344,344,363,398,424,424,424,424,424,449,449],"floor_reached":33,"campfire_rested":4,"playtime":1098,"current_hp_per_floor":[75,76,76,76,69,69,63,63,63,52,52,52,58,45,69,33,80,63,63,63,39,41,65,59,32,32,16,40,40,64,60,60],"items_purged":["Strike_R","Regret"],"gold":449,"score":342,"play_id":"568004ea-44b8-4400-9f9d-46be76db41bf","is_prod":false,"is_daily":false,"is_ascension_mode":true,"campfire_upgraded":3,"path_taken":["M","M","?","$","?","R","E","R","T","E","?","$","M","E","R","BOSS","M","?","?","?","M","R","M","E","T","?","R","?","R","E","R","BOSS"],"build_version":"2018-02-22-PROD2","purchased_purges":2,"victory":false,"master_deck":["Strike_R","Strike_R","Strike_R","Strike_R","Defend_R","Defend_R","Bash+1","Offering","Flex","Dual Wield","Flex","Headbutt+1","Clash","Heavy Blade","Inflame","Offering","Whirlwind+1","Sword Boomerang","Warcry+1","Cleave","Heavy Blade","Offering","Decay"],"max_hp_per_floor":[80,80,80,80,80,80,80,80,80,80,80,80,80,80,80,80,80,80,80,80,80,80,80,80,80,80,80,80,80,80,82,82],"relics":["Burning Blood","The Courier","Happy Flower","Tiny Chest","Gremlin Horn","Prayer Wheel","Question Card","Oddly Smooth Stone","Art of War","Lantern","Enchiridion","Singing Bowl"],"card_choices":[{"not_picked":["Metallicize","Clothesline"],"picked":"Flex"},{"not_picked":["Pummel","Heavy Blade"],"picked":"Dual Wield"},{"not_picked":["Shockwave","Spot Weakness"],"picked":"Headbutt"},{"not_picked":["Armaments","Warcry"],"picked":"Clash"},{"not_picked":["Reaper","Warcry"],"picked":"Heavy Blade"},{"not_picked":["Blood for Blood","Armaments"],"picked":"Inflame"},{"not_picked":["Barricade","Brutality"],"picked":"Offering"},{"not_picked":["Iron Wave","Ghostly Armor","Clothesline"],"picked":"Whirlwind"},{"not_picked":["Heavy Blade","Headbutt","Rampage"],"picked":"Warcry"},{"not_picked":["Anger","Pommel Strike","Headbutt"],"picked":"Cleave"},{"not_picked":["Reckless Charge","Rupture","Hemokinesis"],"picked":"Heavy Blade"},{"not_picked":["Anger","Seeing Red","Warcry"],"picked":"Offering"}],"player_experience":151308,"potions_floor_usage":[14,16,16,33,33],"damage_taken":[{"damage":11,"enemies":"Jaw Worm","floor":1,"turns":2},{"damage":5,"enemies":"Cultist","floor":2,"turns":3},{"damage":12,"enemies":"Gremlin Nob","floor":7,"turns":3},{"damage":17,"enemies":"3 Sentries","floor":10,"turns":4},{"damage":0,"enemies":"2 Louse","floor":13,"turns":1},{"damage":19,"enemies":"Lagavulin","floor":14,"turns":3},{"damage":42,"enemies":"Hexaghost","floor":16,"turns":5},{"damage":23,"enemies":"3 Byrds","floor":18,"turns":4},{"damage":4,"enemies":"Spheric Guardian","floor":22,"turns":2},{"damage":12,"enemies":"Snecko","floor":24,"turns":3},{"damage":33,"enemies":"Book of Stabbing","floor":25,"turns":3},{"damage":12,"enemies":"Gremlin Leader","floor":31,"turns":2},{"damage":71,"enemies":"Champ","floor":33,"turns":6}],"event_choices":[{"event_name":"Bonfire Elementals","player_choice":"BASIC","floor":3,"damage_taken":0},{"event_name":"Golden Wing","player_choice":"Card Removal","floor":5,"damage_taken":0},{"event_name":"Big Fish","player_choice":"Box","floor":11,"damage_taken":0},{"event_name":"Addict","player_choice":"Obtained Relic","floor":19,"damage_taken":0},{"event_name":"Match and Keep!","player_choice":"1 cards matched","floor":20,"damage_taken":0},{"event_name":"Knowing Skull","player_choice":"GOLD GOLD ","floor":21,"damage_taken":0},{"event_name":"Cursed Tome","player_choice":"Obtained Book","floor":27,"damage_taken":0},{"event_name":"Forgotten Altar","player_choice":"Smashed Altar","floor":29,"damage_taken":0}],"boss_relics":[{"not_picked":["Lizard Tail","Snecko Eye"],"picked":"Question Card"}],"potions_floor_spawned":[1,7,10,24,25],"seed_played":"3072679888934700655","killed_by":"Champ","ascension_level":3,"is_trial":false}