{"path_per_floor":["M","M","$","?","?","M","R","M","T","M","T","R","$","M","R","B",null,"M","M","$","?","?","R","E"],"character_chosen":"IRONCLAD","items_purchased":["Bandage Up","Blood Vial","Shrug It Off","Iron Wave"],"gold_per_floor":[111,122,33,33,208,220,220,234,234,246,297,297,149,163,163,264,264,264,189,40,40,40,40,67],"floor_reached":25,"campfire_rested":1,"playtime":2782,"current_hp_per_floor":[80,80,80,80,80,75,75,74,74,76,76,76,76,80,80,25,80,66,42,42,27,27,52,15],"items_purged":["Doubt"],"gold":67,"score":211,"play_id":"c882ec98-d160-442f-b555-a43ff92f7f80","is_prod":false,"is_daily":false,"is_ascension_mode":false,"campfire_upgraded":3,"path_taken":["M","M","$","?","?","M","R","M","T","M","?","R","$","M","R","BOSS","M","M","$","?","?","R","E","?"],"build_version":"2018-02-15-PROD1","purchased_purges":1,"victory":false,"master_deck":["Strike_R","Strike_R","Strike_R","Strike_R","Strike_R","Defend_R","Defend_R","Defend_R","Defend_R","Bash","Armaments","Iron Wave","Bandage Up","Armaments+1","Headbutt+1","Flame Barrier+1","Rampage","Dark Embrace","Pommel Strike","Clothesline","Shrug It Off","Iron Wave","Rage"],"max_hp_per_floor":[80,80,80,80,80,80,80,80,80,80,80,80,80,80,80,80,80,80,80,80,85,85,85,85],"relics":["Burning Blood","Red Skull","Vajra","Blood Vial","Nloth\u0027s Gift","Dodecahedron"],"card_choices":[{"not_picked":["Clothesline","True Grit"],"picked":"Armaments"},{"not_picked":["Body Slam","Searing Blow"],"picked":"Iron Wave"},{"not_picked":["Fire Breathing","Bloodletting"],"picked":"Armaments"},{"not_picked":["Fire Breathing","Twin Strike"],"picked":"Headbutt"},{"not_picked":["Rampage","Warcry"],"picked":"Flame Barrier"},{"not_picked":["Fiend Fire","True Grit"],"picked":"Rampage"},{"not_picked":["Feed","Reaper"],"picked":"Dark Embrace"},{"not_picked":["True Grit","Cleave"],"picked":"Pommel Strike"},{"not_picked":["Searing Blow","Whirlwind"],"picked":"Clothesline"},{"not_picked":["True Grit","Brutality"],"picked":"Rage"}],"player_experience":0,"potions_floor_usage":[16,25],"damage_taken":[{"damage":5,"enemies":"Jaw Worm","floor":1,"turns":4},{"damage":2,"enemies":"2 Louse","floor":2,"turns":2},{"damage":15,"enemies":"Small Slimes","floor":6,"turns":6},{"damage":11,"enemies":"3 Louse","floor":8,"turns":7},{"damage":4,"enemies":"Blue Slaver","floor":10,"turns":5},{"damage":4,"enemies":"Lots of Slimes","floor":14,"turns":5},{"damage":65,"enemies":"The Guardian","floor":16,"turns":16},{"damage":24,"enemies":"Spheric Guardian","floor":18,"turns":6},{"damage":36,"enemies":"2 Thieves","floor":19,"turns":5},{"damage":49,"enemies":"Book of Stabbing","floor":24,"turns":7},{"damage":30,"enemies":"3 Cultists","floor":25,"turns":5}],"event_choices":[{"event_name":"The Cleric","player_choice":"Leave","floor":4,"damage_taken":0},{"event_name":"Liars Game","player_choice":"agreed","floor":5,"damage_taken":0},{"event_name":"Forgotten Altar","player_choice":"Shed Blood","floor":21,"damage_taken":0},{"event_name":"N\u0027loth","player_choice":"Traded a Ectoplasm","floor":22,"damage_taken":0}],"boss_relics":[{"not_picked":["Eternal Feather","Runic Cube"],"picked":"Ectoplasm"}],"potions_floor_spawned":[6,14,16],"seed_played":"-5499434208770020700","killed_by":"3 Cultists","ascension_level":0,"is_trial":false}