{"gold_per_floor":[112,129,129,142,142,142,172,172,196,214,267,267,267,267],"floor_reached":14,"playtime":514,"items_purged":[],"score":106,"play_id":"fd4d14fe-b289-4b3c-8f17-5cb0108a79a2","local_time":"20190214013408","is_ascension_mode":true,"campfire_choices":[{"floor":6,"key":"RECALL"},{"floor":8,"key":"REST"},{"floor":13,"key":"REST"}],"neow_cost":"NONE","seed_source_timestamp":212648532010600,"circlet_count":0,"master_deck":["Strike_R","Strike_R","Strike_R","Defend_R","Defend_R+1","Defend_R","Defend_R","Bash","Cleave","True Grit","Entrench+1"],"relics":["Burning Blood","Blood Vial","War Paint","Golden Idol"],"potions_floor_usage":[7],"damage_taken":[{"damage":0,"enemies":"Small Slimes","floor":1,"turns":3},{"damage":4,"enemies":"Jaw Worm","floor":2,"turns":4},{"damage":4,"enemies":"2 Louse","floor":4,"turns":3},{"damage":60,"enemies":"3 Sentries","floor":7,"turns":10},{"damage":10,"enemies":"Looter","floor":10,"turns":4},{"damage":0,"enemies":"Exordium Thugs","floor":14,"turns":1}],"seed_played":"-5128304260580151692","potions_obtained":[{"floor":2,"key":"Dexterity Potion"},{"floor":4,"key":"Block Potion"}],"is_trial":false,"path_per_floor":["M","M","?","M","?","R","E","R","T","M","T","?","R","M"],"character_chosen":"IRONCLAD","items_purchased":[],"campfire_rested":2,"item_purchase_floors":[],"current_hp_per_floor":[80,80,85,85,78,78,24,49,49,47,47,47,70,72],"gold":267,"neow_bonus":"REMOVE_CARD","is_prod":false,"is_daily":false,"chose_seed":false,"campfire_upgraded":0,"win_rate":0,"timestamp":1550126048,"path_taken":["M","M","?","M","?","R","E","R","T","M","?","?","R","M"],"build_version":"2019-01-23","purchased_purges":0,"victory":false,"max_hp_per_floor":[80,80,85,85,85,85,85,85,85,85,85,79,79,79],"card_choices":[{"not_picked":["Sword Boomerang","Perfected Strike","Bloodletting"],"picked":"SKIP","floor":1},{"not_picked":["Combust","Intimidate","Warcry"],"picked":"SKIP","floor":2},{"not_picked":["Thunderclap","Headbutt"],"picked":"Cleave","floor":4},{"not_picked":["Perfected Strike","Dropkick"],"picked":"True Grit","floor":7},{"not_picked":["Sentinel","Perfected Strike"],"picked":"Entrench","floor":10}],"player_experience":112085,"relics_obtained":[{"floor":7,"key":"Blood Vial"},{"floor":11,"key":"War Paint"}],"event_choices":[{"damage_healed":0,"gold_gain":0,"player_choice":"Donut","damage_taken":0,"max_hp_gain":5,"max_hp_loss":0,"event_name":"Big Fish","floor":3,"gold_loss":0},{"cards_removed":["Strike_R"],"damage_healed":0,"gold_gain":0,"player_choice":"Card Removal","damage_taken":7,"max_hp_gain":0,"max_hp_loss":0,"event_name":"Golden Wing","floor":5,"gold_loss":0},{"damage_healed":0,"gold_gain":0,"player_choice":"Lose Max HP","damage_taken":0,"relics_obtained":["Golden Idol"],"max_hp_gain":0,"max_hp_loss":6,"event_name":"Golden Idol","floor":12,"gold_loss":0}],"is_beta":false,"boss_relics":[],"items_purged_floors":[],"is_endless":false,"potions_floor_spawned":[2,4],"killed_by":"Exordium Thugs","ascension_level":4}