{"gold_per_floor":[113,113,113,123,49,49,82,95,173,173,173,191,234,249,249,373,373,393,393,407,322,322,322,341,356,356,356,391,403,446,473,485,628,640,677,102,0,16,31,31,31,31,58,58,99,114,149,149,149,149],"floor_reached":51,"playtime":5569,"items_purged":["Slimebound:Defend_Slimebound"],"score":791,"play_id":"e3dd07d8-680c-4ec8-8dd9-dc2b6ac419b1","local_time":"20190107001136","is_ascension_mode":true,"campfire_choices":[{"data":"Slimebound:Gluttony","floor":6.0,"key":"SMITH"},{"data":"Slimebound:SamplingLick","floor":10.0,"key":"SMITH"},{"data":"Slimebound:FirmFortitude","floor":15.0,"key":"SMITH"},{"data":"Slimebound:RejuvenatingLick","floor":23.0,"key":"SMITH"},{"data":"Slimebound:Defend_Slimebound","floor":27.0,"key":"SMITH"},{"data":"Slimebound:SplitMire","floor":32.0,"key":"SMITH"},{"data":"Slimebound:TongueLash","floor":40.0,"key":"SMITH"},{"data":"Slimebound:FormOfPuddle","floor":42.0,"key":"SMITH"},{"data":"Slimebound:SamplingLick","floor":49.0,"key":"SMITH"}],"neow_cost":"NONE","seed_source_timestamp":0,"circlet_count":0,"master_deck":["Slimebound:Strike_Slimebound+1","Slimebound:Strike_Slimebound+1","Slimebound:Defend_Slimebound","Slimebound:Defend_Slimebound+1","Slimebound:Split","Slimebound:CorrosiveSpit+1","Slimebound:SamplingLick+1","Slimebound:FirmFortitude+1","Slimebound:Gluttony+1","Slimebound:RejuvenatingLick+1","Slimebound:SamplingLick+1","Slimebound:RejuvenatingLick","Slimebound:AcidGelatin+1","Slimebound:Lick","Slimebound:Recycling+1","Slimebound:FirmFortitude+1","Slimebound:Gluttony+1","Slimebound:ItLooksTasty+1","Slimebound:ItLooksTasty+1","Slimebound:StrayGoop+1","Slimebound:SplitMire+1","Slimebound:QuickStudy+1","Slimebound:Recycling+1","Slimebound:TongueLash+1","Slimebound:FormOfPuddle+1","Slimebound:ItLooksTasty"],"special_seed":0,"relics":["Slimebound:AbsorbEndCombat","Anchor","Frozen Egg 2","Golden Idol","PreservedInsect","Slimebound:StudyCardRelic","Gambling Chip","MutagenicStrength","Matryoshka","MawBank","Dream Catcher","Busted Crown","ClockworkSouvenir","Centennial Puzzle","Red Mask","Juzu Bracelet","Whetstone","Pantograph","Pen Nib","Bag of Marbles","Dodecahedron"],"potions_floor_usage":[50,50,50],"damage_taken":[{"damage":3.0,"enemies":"2 Louse","floor":1.0,"turns":4.0},{"damage":5.0,"enemies":"Small Slimes","floor":4.0,"turns":4.0},{"damage":25.0,"enemies":"3 Sentries","floor":7.0,"turns":10.0},{"damage":0.0,"enemies":"Jaw Worm","floor":8.0,"turns":3.0},{"damage":0.0,"enemies":"3 Louse","floor":12.0,"turns":3.0},{"damage":48.0,"enemies":"Gremlin Nob","floor":13.0,"turns":5.0},{"damage":12.0,"enemies":"Large Slime","floor":14.0,"turns":5.0},{"damage":10.0,"enemies":"Hexaghost","floor":16.0,"turns":6.0},{"damage":13.0,"enemies":"Chosen","floor":18.0,"turns":5.0},{"damage":6.0,"enemies":"Spheric Guardian","floor":20.0,"turns":4.0},{"damage":10.0,"enemies":"3 Cultists","floor":24.0,"turns":4.0},{"damage":0.0,"enemies":"Snake Plant","floor":25.0,"turns":3.0},{"damage":5.0,"enemies":"Book of Stabbing","floor":28.0,"turns":3.0},{"damage":1.0,"enemies":"Slavers","floor":30.0,"turns":3.0},{"damage":14.0,"enemies":"Centurion and Healer","floor":31.0,"turns":5.0},{"damage":43.0,"enemies":"Collector","floor":33.0,"turns":7.0},{"damage":6.0,"enemies":"3 Darklings","floor":35.0,"turns":4.0},{"damage":5.0,"enemies":"Orb Walker","floor":38.0,"turns":3.0},{"damage":11.0,"enemies":"Sphere and 2 Shapes","floor":39.0,"turns":4.0},{"damage":7.0,"enemies":"Reptomancer","floor":45.0,"turns":4.0},{"damage":5.0,"enemies":"4 Shapes","floor":46.0,"turns":4.0},{"damage":0.0,"enemies":"Giant Head","floor":47.0,"turns":3.0},{"damage":18,"enemies":"Donu and Deca","floor":50,"turns":4}],"seed_played":"-9154268200118521463","potions_obtained":[{"floor":4.0,"key":"Explosive Potion"},{"floor":12.0,"key":"Explosive Potion"},{"floor":14.0,"key":"SkillPotion"},{"floor":18.0,"key":"AttackPotion"},{"floor":20.0,"key":"Fire Potion"},{"floor":31.0,"key":"Energy Potion"},{"floor":33.0,"key":"PowerPotion"}],"is_trial":false,"path_per_floor":["M","?","?","M","$","R","E","M","T","R","?","M","E","M","R","B",null,"M","?","M","?","?","R","M","M","T","R","E","?","E","M","R","B",null,"M","$","?","M","M","R","T","R","T","?","E","M","E","?","R","B",null],"character_chosen":"SLIMEBOUND","items_purchased":["Slimebound:Gluttony","Slimebound:FormOfPuddle","ClockworkSouvenir","Centennial Puzzle","Slimebound:SpawnSlimePotion"],"campfire_rested":0,"item_purchase_floors":[5,36,36,36,36],"current_hp_per_floor":[60,53,53,60,60,60,48,60,60,60,45,60,30,43,43,60,60,60,60,60,60,60,60,60,60,60,60,60,60,60,60,60,60,60,60,60,60,60,60,60,60,60,60,60,60,60,60,57,57,57],"gold":149,"neow_bonus":"UPGRADE_CARD","is_prod":false,"is_daily":false,"chose_seed":false,"campfire_upgraded":9,"win_rate":1,"timestamp":1546816296,"path_taken":["M","?","?","M","$","R","E","M","T","R","?","M","E","M","R","BOSS","M","?","M","?","?","R","M","M","T","R","E","?","E","M","R","BOSS","M","$","?","M","M","R","?","R","T","?","E","M","E","?","R","BOSS"],"build_version":"2019-01-03v4","purchased_purges":1,"victory":true,"max_hp_per_floor":[60,60,60,60,60,60,60,60,60,60,60,60,60,60,60,60,60,60,60,60,60,60,60,60,60,60,60,60,60,60,60,60,60,60,60,60,60,60,60,60,60,60,60,60,60,60,60,57,57,57],"card_choices":[{"not_picked":["Slimebound:PressTheAttack","Slimebound:SplitAcid"],"picked":"Slimebound:SamplingLick","floor":1.0},{"not_picked":["Slimebound:FormABlockade","Slimebound:PoisonLick"],"picked":"Slimebound:FirmFortitude","floor":4.0},{"not_picked":["Slimebound:DivideAndConquer","Slimebound:SplitMire"],"picked":"Slimebound:RejuvenatingLick","floor":7.0},{"not_picked":["Slimebound:HungryTackle","Slimebound:FirmFortitude"],"picked":"Slimebound:SamplingLick","floor":8.0},{"not_picked":["Slimebound:FormABlockade","Slimebound:GoopSpray"],"picked":"Slimebound:RejuvenatingLick","floor":12.0},{"not_picked":["Slimebound:StrayGoop+1","Slimebound:DuplicatedForm+1"],"picked":"Slimebound:AcidGelatin+1","floor":13.0},{"not_picked":["Slimebound:LeechEnergy","Slimebound:GrowthPunch"],"picked":"Slimebound:Lick","floor":14.0},{"not_picked":["Slimebound:OozeBath","Slimebound:MassRepurpose"],"picked":"Slimebound:Recycling+1","floor":16.0},{"not_picked":["Slimebound:LivingWall","Slimebound:FormOfPuddle"],"picked":"Slimebound:FirmFortitude+1","floor":18.0},{"not_picked":["Slimebound:LeechingTouch","Slimebound:HauntingLick"],"picked":"Slimebound:Gluttony+1","floor":20.0},{"not_picked":["Slimebound:Repurpose","Slimebound:Prepare"],"picked":"Slimebound:ItLooksTasty+1","floor":24.0},{"not_picked":["Slimebound:RejuvenatingLick+1","Slimebound:SplitBruiser"],"picked":"Slimebound:ItLooksTasty+1","floor":25.0},{"not_picked":["Slimebound:LeechEnergy","Slimebound:GoopTackle+1"],"picked":"Slimebound:StrayGoop+1","floor":28.0},{"not_picked":["Slimebound:PressTheAttack","Slimebound:Repurpose"],"picked":"Slimebound:QuickStudy+1","floor":30.0},{"not_picked":["Slimebound:TendrilStrike+1","Slimebound:DuplicatedForm+1","Slimebound:GoopTackle"],"picked":"SKIP","floor":31.0},{"not_picked":["Slimebound:MassFeed","Slimebound:MassRepurpose"],"picked":"Slimebound:Recycling+1","floor":33.0},{"not_picked":[],"picked":"Slimebound:TongueLash","floor":35.0},{"not_picked":[],"picked":"Slimebound:ItLooksTasty","floor":38.0},{"not_picked":["Slimebound:FirmFortitude+1"],"picked":"SKIP","floor":39.0},{"not_picked":["Slimebound:GoopTackle+1"],"picked":"SKIP","floor":45.0},{"not_picked":["Slimebound:ItLooksTasty"],"picked":"SKIP","floor":46.0},{"not_picked":["Slimebound:LeechEnergy+1"],"picked":"SKIP","floor":47.0}],"player_experience":15606,"relics_obtained":[{"floor":7.0,"key":"Anchor"},{"floor":9.0,"key":"Frozen Egg 2"},{"floor":13.0,"key":"PreservedInsect"},{"floor":26.0,"key":"Matryoshka"},{"floor":28.0,"key":"MawBank"},{"floor":30.0,"key":"Dream Catcher"},{"floor":41.0,"key":"Juzu Bracelet"},{"floor":41.0,"key":"Whetstone"},{"floor":43.0,"key":"Pantograph"},{"floor":43.0,"key":"Pen Nib"},{"floor":45.0,"key":"Bag of Marbles"},{"floor":47.0,"key":"Dodecahedron"}],"event_choices":[{"cards_removed":["Slimebound:Strike_Slimebound"],"damage_healed":0.0,"max_hp_gain":0.0,"max_hp_loss":0.0,"gold_gain":0.0,"event_name":"Golden Wing","player_choice":"Card Removal","floor":2.0,"gold_loss":0.0,"damage_taken":7.0},{"damage_healed":0.0,"max_hp_gain":0.0,"max_hp_loss":0.0,"gold_gain":0.0,"event_name":"Liars Game","player_choice":"Ignored","floor":3.0,"gold_loss":0.0,"damage_taken":0.0},{"damage_healed":0.0,"max_hp_gain":0.0,"max_hp_loss":0.0,"gold_gain":0.0,"event_name":"Golden Idol","player_choice":"Take Damage","floor":11.0,"gold_loss":0.0,"damage_taken":15.0,"relics_obtained":["Golden Idol"]},{"damage_healed":0.0,"max_hp_gain":0.0,"max_hp_loss":0.0,"gold_gain":0.0,"event_name":"Vampires","player_choice":"Ignored","floor":19.0,"gold_loss":0.0,"damage_taken":0.0},{"damage_healed":0.0,"max_hp_gain":0.0,"max_hp_loss":0.0,"gold_gain":0.0,"event_name":"Addict","player_choice":"Obtained Relic","floor":21.0,"gold_loss":85.0,"damage_taken":0.0,"relics_obtained":["Gambling Chip"]},{"damage_healed":0.0,"max_hp_gain":0.0,"max_hp_loss":0.0,"gold_gain":0.0,"event_name":"Drug Dealer","player_choice":"Inject Mutagens","floor":22.0,"gold_loss":0.0,"damage_taken":0.0,"relics_obtained":["MutagenicStrength"]},{"damage_healed":0.0,"max_hp_gain":0.0,"max_hp_loss":0.0,"gold_gain":0.0,"cards_transformed":["Slimebound:Strike_Slimebound"],"event_name":"Transmorgrifier","player_choice":"Transformed","floor":29.0,"gold_loss":0.0,"damage_taken":0.0,"cards_obtained":["Slimebound:SplitMire"]},{"damage_healed":0.0,"max_hp_gain":0.0,"max_hp_loss":0.0,"gold_gain":0.0,"event_name":"Tomb of Lord Red Mask","player_choice":"Paid","floor":37.0,"gold_loss":102.0,"damage_taken":0.0,"relics_obtained":["Red Mask"]},{"cards_removed":["Slimebound:Defend_Slimebound"],"damage_healed":0.0,"max_hp_gain":0.0,"max_hp_loss":0.0,"gold_gain":0.0,"event_name":"Purifier","player_choice":"Purged","floor":44.0,"gold_loss":0.0,"damage_taken":0.0},{"damage_healed":0.0,"max_hp_gain":0.0,"max_hp_loss":3.0,"gold_gain":0.0,"event_name":"Winding Halls","player_choice":"Max HP","floor":48.0,"gold_loss":0.0,"damage_taken":0.0}],"is_beta":false,"boss_relics":[{"not_picked":["Tiny House","Lizard Tail"],"picked":"Slimebound:StudyCardRelic"},{"not_picked":["Cursed Key","Calling Bell"],"picked":"Busted Crown"}],"items_purged_floors":[36],"is_endless":false,"potions_floor_spawned":[4,12,14,18,20,28,31,33,38],"ascension_level":1}