{"gold_per_floor":[116,116,116,134,134,134,151,151,176,351,351,377,411,411],"floor_reached":14,"playtime":606,"items_purged":[],"score":95,"play_id":"ac5babfa-2d9f-4d30-860f-6cd1ed82605b","local_time":"20190203200724","is_ascension_mode":true,"campfire_choices":[{"data":"Fire Breathing","floor":6,"key":"SMITH"},{"data":"Bash","floor":8,"key":"SMITH"},{"data":"Ghostly Armor","floor":11,"key":"SMITH"}],"neow_cost":"PERCENT_DAMAGE","seed_source_timestamp":21292295738529,"circlet_count":0,"master_deck":["Strike_R","Defend_R+1","Defend_R","Defend_R","Defend_R","Bash+1","Fire Breathing+1","Feel No Pain","Dropkick","Ghostly Armor+1","Warcry+1","Doubt","Pummel"],"relics":["Burning Blood","Strawberry","Bag of Preparation","Ancient Tea Set","War Paint"],"potions_floor_usage":[13,13],"damage_taken":[{"damage":18,"enemies":"Cultist","floor":1,"turns":6},{"damage":13,"enemies":"Jaw Worm","floor":4,"turns":6},{"damage":0,"enemies":"2 Louse","floor":7,"turns":3},{"damage":2,"enemies":"3 Sentries","floor":13,"turns":14},{"damage":59,"enemies":"Gremlin Gang","floor":14,"turns":7}],"seed_played":"8019463955837348238","potions_obtained":[{"floor":4,"key":"LiquidBronze"},{"floor":7,"key":"Swift Potion"}],"is_trial":false,"path_per_floor":["M","?","?","M","?","R","M","R","T","?","R","T","E","M"],"character_chosen":"IRONCLAD","items_purchased":[],"campfire_rested":0,"item_purchase_floors":[],"current_hp_per_floor":[44,44,48,41,41,41,47,47,47,47,47,47,51,0],"gold":411,"neow_bonus":"REMOVE_TWO","is_prod":false,"is_daily":false,"chose_seed":false,"campfire_upgraded":3,"win_rate":0,"timestamp":1549220844,"path_taken":["M","?","?","M","?","R","?","R","T","?","R","?","E","M"],"build_version":"2019-01-23","purchased_purges":0,"victory":false,"max_hp_per_floor":[80,80,87,87,87,87,87,87,87,87,87,87,87,87],"card_choices":[{"not_picked":["Warcry","Havoc"],"picked":"Fire Breathing","floor":1},{"not_picked":["Wild Strike","Ghostly Armor"],"picked":"Dropkick","floor":4},{"not_picked":["Whirlwind","Reckless Charge"],"picked":"Warcry","floor":7},{"not_picked":["Wild Strike","Thunderclap"],"picked":"Pummel","floor":13}],"player_experience":47428,"relics_obtained":[{"floor":9,"key":"Bag of Preparation"},{"floor":12,"key":"Ancient Tea Set"},{"floor":13,"key":"War Paint"}],"event_choices":[{"damage_healed":0,"gold_gain":0,"cards_transformed":["Strike_R"],"player_choice":"Change","damage_taken":0,"max_hp_gain":0,"max_hp_loss":0,"event_name":"Living Wall","floor":2,"gold_loss":0,"cards_obtained":["Feel No Pain"]},{"damage_healed":0,"gold_gain":0,"player_choice":"Success","damage_taken":3,"relics_obtained":["Strawberry"],"max_hp_gain":0,"max_hp_loss":0,"event_name":"Scrap Ooze","floor":3,"gold_loss":0},{"damage_healed":0,"gold_gain":0,"cards_transformed":["Strike_R"],"player_choice":"Transformed","damage_taken":0,"max_hp_gain":0,"max_hp_loss":0,"event_name":"Transmorgrifier","floor":5,"gold_loss":0,"cards_obtained":["Ghostly Armor"]},{"damage_healed":0,"gold_gain":175,"player_choice":"AGREE","damage_taken":0,"max_hp_gain":0,"max_hp_loss":0,"event_name":"Liars Game","floor":10,"gold_loss":0,"cards_obtained":["Doubt"]}],"is_beta":false,"boss_relics":[],"items_purged_floors":[],"is_endless":false,"potions_floor_spawned":[4,7],"killed_by":"Gremlin Gang","ascension_level":2}