{"gold_per_floor":[114,132,132,57,69,69,29,29,52,78,78,78,93,103,103,206,206,217,229,247,281,89,89,89,89,89,89,102,102,115,144,144,246,246,261,307,307,325,325,352,352,380,380,380,380,602,613,10,10,10],"floor_reached":51,"playtime":2608,"items_purged":["Normality","Strike_R"],"score":1040,"play_id":"c2faf2eb-9736-4dae-b1e3-eb33285ee220","local_time":"20190213233356","is_ascension_mode":true,"campfire_choices":[{"data":"Whirlwind","floor":6.0,"key":"SMITH"},{"data":"Armaments","floor":12.0,"key":"SMITH"},{"data":"True Grit","floor":15.0,"key":"SMITH"},{"data":"Apotheosis","floor":23.0,"key":"SMITH"},{"data":"Demon Form","floor":25.0,"key":"SMITH"},{"floor":27.0,"key":"REST"},{"data":"Evolve","floor":29.0,"key":"SMITH"},{"data":"Metallicize","floor":32.0,"key":"SMITH"},{"data":"Panacea","floor":41.0,"key":"SMITH"},{"data":"Mayhem","floor":44.0,"key":"SMITH"},{"data":"Headbutt","floor":49,"key":"SMITH"}],"neow_cost":"CURSE","seed_source_timestamp":0,"circlet_count":0,"master_deck":["Strike_R","Strike_R","Defend_R","Defend_R","Defend_R","Defend_R","Armaments+1","Whirlwind+1","Evolve+1","Shrug It Off","True Grit+1","Bludgeon","Demon Form+1","Metallicize+1","Shrug It Off","Intimidate+1","Infernal Blade+1","Apotheosis+1","Uppercut+1","Reaper","Limit Break","Panacea+1","Mayhem+1","Shockwave+1","Headbutt+1"],"special_seed":0,"relics":["Burning Blood","Omamori","Happy Flower","Letter Opener","Velvet Choker","Red Mask","Boot","Lantern","Cursed Key","Torii","Art of War","Bag of Marbles","Bottled Flame","Sundial","TheAbacus"],"potions_floor_usage":[],"damage_taken":[{"damage":18.0,"enemies":"Cultist","floor":1.0,"turns":6.0},{"damage":16.0,"enemies":"Jaw Worm","floor":2.0,"turns":4.0},{"damage":9.0,"enemies":"Small Slimes","floor":5.0,"turns":6.0},{"damage":15.0,"enemies":"3 Sentries","floor":10.0,"turns":3.0},{"damage":1.0,"enemies":"Red Slaver","floor":13.0,"turns":4.0},{"damage":6.0,"enemies":"Looter","floor":14.0,"turns":4.0},{"damage":40.0,"enemies":"The Guardian","floor":16.0,"turns":13.0},{"damage":17.0,"enemies":"2 Thieves","floor":18.0,"turns":2.0},{"damage":4.0,"enemies":"Shell Parasite","floor":19.0,"turns":5.0},{"damage":7.0,"enemies":"Cultist and Chosen","floor":20.0,"turns":6.0},{"damage":15.0,"enemies":"Masked Bandits","floor":21.0,"turns":3.0},{"damage":3.0,"enemies":"Chosen and Byrds","floor":28.0,"turns":5.0},{"damage":27.0,"enemies":"Snake Plant","floor":30.0,"turns":4.0},{"damage":3.0,"enemies":"Gremlin Leader","floor":31.0,"turns":7.0},{"damage":44.0,"enemies":"Automaton","floor":33.0,"turns":13.0},{"damage":8.0,"enemies":"3 Darklings","floor":35.0,"turns":8.0},{"damage":51.0,"enemies":"2 Orb Walkers","floor":36.0,"turns":5.0},{"damage":17.0,"enemies":"3 Shapes","floor":38.0,"turns":11.0},{"damage":60.0,"enemies":"Reptomancer","floor":40.0,"turns":6.0},{"damage":26.0,"enemies":"Giant Head","floor":42.0,"turns":6.0},{"damage":11,"enemies":"Writhing Mass","floor":47,"turns":6},{"damage":78,"enemies":"Awakened One","floor":50,"turns":9}],"seed_played":"-7623086171607190983","potions_obtained":[{"floor":2.0,"key":"PowerPotion"},{"floor":7.0,"key":"SmokeBomb"},{"floor":7.0,"key":"Explosive Potion"},{"floor":7.0,"key":"Strength Potion"},{"floor":10.0,"key":"LiquidBronze"},{"floor":16.0,"key":"AttackPotion"},{"floor":18.0,"key":"PowerPotion"},{"floor":20.0,"key":"FairyPotion"},{"floor":21.0,"key":"Swift Potion"},{"floor":28.0,"key":"PowerPotion"},{"floor":33.0,"key":"Poison Potion"},{"floor":35.0,"key":"Fruit Juice"},{"floor":42.0,"key":"LiquidBronze"}],"is_trial":false,"path_per_floor":["M","M","?","$","M","R","?","$","T","E","?","R","M","M","R","B",null,"M","M","M","?","$","R","?","R","T","R","M","R","M","E","R","B",null,"M","?","?","M","?","E","R","E","T","R","?","?","M","$","R","B",null],"character_chosen":"IRONCLAD","items_purchased":["Apotheosis","Headbutt","Sundial","TheAbacus"],"campfire_rested":1,"item_purchase_floors":[22,48,48,48],"current_hp_per_floor":[76,66,66,66,63,63,63,63,63,54,54,54,59,59,59,25,78,67,69,68,59,59,59,59,59,59,87,90,90,69,72,72,34,81,101,73,73,101,91,74,74,101,101,101,101,101,101,101,101,76],"gold":10,"neow_bonus":"TWENTY_PERCENT_HP_BONUS","is_prod":false,"is_daily":false,"chose_seed":false,"campfire_upgraded":10,"win_rate":0,"timestamp":1550097236,"path_taken":["M","M","?","$","?","R","?","?","T","E","?","R","?","M","R","BOSS","M","M","M","?","$","R","?","R","T","R","M","R","M","E","R","BOSS","M","?","?","?","?","E","R","E","T","R","?","?","?","$","R","BOSS"],"build_version":"2019-01-23","purchased_purges":2,"victory":true,"max_hp_per_floor":[96,96,96,96,96,96,96,96,96,96,96,96,96,96,96,96,96,96,96,96,96,96,96,96,96,96,96,96,96,96,96,96,96,96,101,101,101,101,101,101,101,101,101,101,101,101,101,101,101,101],"card_choices":[{"not_picked":["Havoc","Sword Boomerang"],"picked":"Armaments","floor":1.0},{"not_picked":["Thunderclap","Wild Strike"],"picked":"Whirlwind","floor":2.0},{"not_picked":["Headbutt","Clothesline"],"picked":"Evolve","floor":5.0},{"not_picked":["Rage","Havoc"],"picked":"Shrug It Off","floor":10.0},{"not_picked":["Havoc","Clash"],"picked":"True Grit","floor":13.0},{"not_picked":["Perfected Strike","Havoc"],"picked":"Bludgeon","floor":14.0},{"not_picked":["Impervious","Feed"],"picked":"Demon Form","floor":16.0},{"not_picked":["Body Slam","Whirlwind+1"],"picked":"Metallicize","floor":18.0},{"not_picked":["Twin Strike","Pommel Strike"],"picked":"Shrug It Off","floor":19.0},{"not_picked":["Combust","Burning Pact"],"picked":"Intimidate+1","floor":20.0},{"not_picked":["Headbutt","Twin Strike"],"picked":"Infernal Blade","floor":21.0},{"not_picked":["Whirlwind","Rampage+1","Body Slam"],"picked":"SKIP","floor":28.0},{"not_picked":["Clothesline","Sword Boomerang"],"picked":"Uppercut+1","floor":30.0},{"not_picked":["Blood for Blood","Inflame"],"picked":"Reaper","floor":31.0},{"not_picked":["Dark Embrace","Immolate"],"picked":"Limit Break","floor":33.0},{"not_picked":["Sword Boomerang","Rupture","Havoc"],"picked":"SKIP","floor":35.0},{"not_picked":["Clash","Perfected Strike","Combust"],"picked":"SKIP","floor":38.0},{"not_picked":["Purity","Trip"],"picked":"Panacea","floor":39.0},{"not_picked":["Panache","Dramatic Entrance"],"picked":"Mayhem","floor":39.0},{"not_picked":["Wild Strike","True Grit+1"],"picked":"Shockwave+1","floor":40.0},{"not_picked":["Rage","Body Slam+1","Dark Embrace"],"picked":"SKIP","floor":42.0},{"not_picked":["Carnage","Thunderclap+1","Perfected Strike+1"],"picked":"SKIP","floor":47}],"player_experience":91263,"relics_obtained":[{"floor":9.0,"key":"Happy Flower"},{"floor":10.0,"key":"Letter Opener"},{"floor":21.0,"key":"Red Mask"},{"floor":26.0,"key":"Boot"},{"floor":31.0,"key":"Lantern"},{"floor":36.0,"key":"Torii"},{"floor":40.0,"key":"Art of War"},{"floor":42.0,"key":"Bag of Marbles"},{"floor":43.0,"key":"Bottled Flame"}],"event_choices":[{"damage_healed":0.0,"max_hp_gain":0.0,"max_hp_loss":0.0,"gold_gain":0.0,"event_name":"WeMeetAgain","player_choice":"Gave Potion","floor":3.0,"gold_loss":0.0,"damage_taken":0.0,"relics_obtained":["Omamori"]},{"damage_healed":0.0,"max_hp_gain":0.0,"max_hp_loss":0.0,"gold_gain":0.0,"event_name":"The Woman in Blue","player_choice":"Bought 3 Potions","floor":7.0,"gold_loss":0.0,"damage_taken":0.0},{"cards_removed":["Strike_R"],"damage_healed":0.0,"max_hp_gain":0.0,"max_hp_loss":0.0,"gold_gain":0.0,"event_name":"Purifier","player_choice":"Purged","floor":11.0,"gold_loss":0.0,"damage_taken":0.0},{"damage_healed":0.0,"max_hp_gain":0.0,"max_hp_loss":0.0,"gold_gain":0.0,"event_name":"Masked Bandits","player_choice":"Fought Bandits","floor":21.0,"gold_loss":0.0,"damage_taken":0.0},{"cards_removed":["Strike_R"],"damage_healed":0.0,"max_hp_gain":0.0,"max_hp_loss":0.0,"gold_gain":0.0,"event_name":"Back to Basics","player_choice":"Elegance","floor":24.0,"gold_loss":0.0,"damage_taken":0.0},{"damage_healed":0.0,"max_hp_gain":0.0,"max_hp_loss":0.0,"gold_gain":0.0,"event_name":"Mysterious Sphere","player_choice":"Fight","floor":36.0,"gold_loss":0.0,"damage_taken":0.0},{"damage_healed":0.0,"max_hp_gain":0.0,"max_hp_loss":0.0,"gold_gain":0.0,"event_name":"Upgrade Shrine","player_choice":"Upgraded","floor":37.0,"gold_loss":0.0,"damage_taken":0.0,"cards_upgraded":["Infernal Blade"]},{"damage_healed":0.0,"max_hp_gain":0.0,"max_hp_loss":0.0,"gold_gain":0.0,"event_name":"SensoryStone","player_choice":"Memory 3","floor":39.0,"gold_loss":0.0,"damage_taken":10.0},{"cards_removed":["Bash"],"damage_healed":0.0,"max_hp_gain":0.0,"max_hp_loss":0.0,"gold_gain":0.0,"event_name":"Falling","player_choice":"Removed Attack","floor":45.0,"gold_loss":0.0,"damage_taken":0.0},{"damage_healed":0.0,"max_hp_gain":0.0,"max_hp_loss":0.0,"gold_gain":222.0,"event_name":"Tomb of Lord Red Mask","player_choice":"Wore Mask","floor":46.0,"gold_loss":0.0,"damage_taken":0.0}],"is_beta":false,"boss_relics":[{"not_picked":["Lizard Tail","Tiny House"],"picked":"Velvet Choker"},{"not_picked":["Runic Dome","Pandora\u0027s Box"],"picked":"Cursed Key"}],"items_purged_floors":[4,48],"is_endless":false,"potions_floor_spawned":[2,10,16,18,20,21,28,33,35,42],"ascension_level":7}