{"gold_per_floor":[111,121,132,152,152,152,186,186,186,186,196,51,82,96,96,196,196,196],"floor_reached":18,"playtime":2088,"items_purged":["Defend_R"],"score":223,"play_id":"215fd80f-cc33-4fa4-9244-4a5cdaf8ec40","local_time":"20190214175444","is_ascension_mode":true,"campfire_choices":[{"data":"Barricade","floor":6,"key":"SMITH"},{"data":"Bash","floor":8,"key":"SMITH"},{"data":"Shrug It Off","floor":10,"key":"SMITH"},{"data":"Feed","floor":15,"key":"SMITH"}],"neow_cost":"NONE","seed_source_timestamp":22194043436200,"circlet_count":0,"master_deck":["Strike_R","Strike_R","Strike_R","Strike_R","Strike_R","Defend_R","Defend_R","Defend_R","Bash+1","Shrug It Off+1","Shrug It Off","Headbutt","Barricade+1","Heavy Blade","Shrug It Off","Metallicize+1","Feed+1","Reaper"],"relics":["Burning Blood","Orichalcum","WingedGreaves","Frozen Egg 2","Bottled Flame","Runic Dome"],"potions_floor_usage":[13,16],"damage_taken":[{"damage":9,"enemies":"2 Louse","floor":1,"turns":3},{"damage":2,"enemies":"Small Slimes","floor":2,"turns":4},{"damage":3,"enemies":"Cultist","floor":3,"turns":4},{"damage":0,"enemies":"Blue Slaver","floor":4,"turns":5},{"damage":28,"enemies":"Lagavulin","floor":7,"turns":11},{"damage":5,"enemies":"Exordium Thugs","floor":11,"turns":6},{"damage":12,"enemies":"Gremlin Nob","floor":13,"turns":5},{"damage":14,"enemies":"Exordium Wildlife","floor":14,"turns":7},{"damage":26,"enemies":"The Guardian","floor":16,"turns":18},{"damage":29,"enemies":"Spheric Guardian","floor":18,"turns":8}],"seed_played":"-7045080268704252305","potions_obtained":[{"floor":2,"key":"LiquidBronze"},{"floor":11,"key":"Weak Potion"},{"floor":14,"key":"GamblersBrew"},{"floor":16,"key":"Block Potion"}],"is_trial":false,"path_per_floor":["M","M","M","M","?","R","E","R","T","R","M","$","E","M","R","B",null,"M"],"character_chosen":"IRONCLAD","items_purchased":["Metallicize+1"],"campfire_rested":0,"item_purchase_floors":[12],"current_hp_per_floor":[85,88,88,88,76,76,54,54,54,54,55,55,49,44,44,28,95,66],"gold":196,"neow_bonus":"TEN_PERCENT_HP_BONUS","is_prod":false,"is_daily":false,"chose_seed":false,"campfire_upgraded":4,"win_rate":0,"timestamp":1550163284,"path_taken":["M","M","M","M","?","R","E","R","T","R","M","$","E","M","R","BOSS","M"],"build_version":"2019-01-23","purchased_purges":1,"victory":false,"max_hp_per_floor":[88,88,88,88,88,88,88,88,88,88,88,88,88,91,91,95,95,95],"card_choices":[{"not_picked":["Twin Strike","True Grit"],"picked":"Shrug It Off","floor":1},{"not_picked":["Body Slam","Sword Boomerang"],"picked":"Shrug It Off","floor":2},{"not_picked":["Intimidate","Twin Strike"],"picked":"Headbutt","floor":3},{"not_picked":["Perfected Strike","Rage"],"picked":"Barricade","floor":4},{"not_picked":["Corruption","Second Wind"],"picked":"Heavy Blade","floor":7},{"not_picked":["Flex","Body Slam"],"picked":"Shrug It Off","floor":11},{"not_picked":["Infernal Blade","Spot Weakness"],"picked":"Feed","floor":13},{"not_picked":["Intimidate","Twin Strike","Thunderclap"],"picked":"SKIP","floor":14},{"not_picked":["Immolate","Limit Break"],"picked":"Reaper","floor":16}],"player_experience":191622,"relics_obtained":[{"floor":7,"key":"WingedGreaves"},{"floor":9,"key":"Frozen Egg 2"},{"floor":13,"key":"Bottled Flame"}],"event_choices":[{"damage_healed":0,"gold_gain":0,"player_choice":"Success","damage_taken":12,"relics_obtained":["Orichalcum"],"max_hp_gain":0,"max_hp_loss":0,"event_name":"Scrap Ooze","floor":5,"gold_loss":0}],"is_beta":false,"boss_relics":[{"not_picked":["Runic Cube","Runic Pyramid"],"picked":"Runic Dome"}],"items_purged_floors":[12],"is_endless":false,"potions_floor_spawned":[2,11,13,14,16],"killed_by":"Spheric Guardian","ascension_level":3}