{"gold_per_floor":[117,117,292,292,317,317,331,365,365,385,417,437,437,466,466,569,569,589,15,15,25,25,57,57,88,88,88,119,119,145,176,188,302,314,336,0,0,100,100,128,128,128,128,144,170,189,189,222,222,222,222,222,14,40,40],"floor_reached":55,"playtime":2624,"items_purged":["Doubt","Strike_R"],"score":1046,"play_id":"ded942aa-6686-4b65-ab9d-cd458101f665","local_time":"20190209193452","is_ascension_mode":true,"campfire_choices":[{"data":"Bash","floor":6,"key":"SMITH"},{"floor":13,"key":"REST"},{"floor":15,"key":"REST"},{"data":"Armaments","floor":32,"key":"SMITH"},{"floor":41,"key":"RECALL"},{"data":"Chrysalis","floor":47,"key":"SMITH"},{"data":"Limit Break","floor":49,"key":"SMITH"},{"data":"Flame Barrier","floor":52,"key":"SMITH"}],"neow_cost":"NONE","seed_source_timestamp":158744617965762,"circlet_count":0,"master_deck":["Strike_R+1","Strike_R+1","Strike_R","Defend_R","Defend_R","Defend_R+1","Defend_R","Bash+1","Anger","Cleave","Whirlwind","Flame Barrier+1","Shrug It Off","Barricade+1","Limit Break+1","Armaments+1","RitualDagger","Impervious","Bandage Up","Madness","Chrysalis+1","True Grit+1","Madness","Madness","Flex+1"],"relics":["Burning Blood","Lantern","Juzu Bracelet","Mercury Hourglass","Frozen Egg 2","Matryoshka","Oddly Smooth Stone","Busted Crown","Whetstone","Brimstone","Blood Vial","Bag of Preparation","Dodecahedron","Potion Belt","Gremlin Horn","Pen Nib","Dream Catcher","MawBank","Runic Cube","Letter Opener","Dead Branch","Kunai","Self Forming Clay","Red Skull","Happy Flower","Chemical X","Charon\u0027s Ashes"],"potions_floor_usage":[8,8,11,11,11,14,21,50,50,54,54,55,55],"damage_taken":[{"damage":6,"enemies":"Cultist","floor":1,"turns":3},{"damage":0,"enemies":"Jaw Worm","floor":7,"turns":1},{"damage":42,"enemies":"3 Sentries","floor":8,"turns":12},{"damage":13,"enemies":"Small Slimes","floor":10,"turns":3},{"damage":24,"enemies":"Lagavulin","floor":11,"turns":7},{"damage":0,"enemies":"Looter","floor":12,"turns":2},{"damage":28,"enemies":"Gremlin Nob","floor":14,"turns":4},{"damage":14,"enemies":"Hexaghost","floor":16,"turns":7},{"damage":22,"enemies":"2 Thieves","floor":18,"turns":4},{"damage":24,"enemies":"3 Byrds","floor":21,"turns":3},{"damage":32,"enemies":"Gremlin Leader","floor":23,"turns":5},{"damage":18,"enemies":"Book of Stabbing","floor":25,"turns":4},{"damage":32,"enemies":"Slavers","floor":28,"turns":3},{"damage":21,"enemies":"Snake Plant","floor":31,"turns":4},{"damage":0,"enemies":"Collector","floor":33,"turns":6},{"damage":0,"enemies":"Orb Walker","floor":35,"turns":3},{"damage":0,"enemies":"Mind Bloom Boss Battle","floor":38,"turns":5},{"damage":6,"enemies":"Reptomancer","floor":40,"turns":4},{"damage":8,"enemies":"3 Shapes","floor":44,"turns":3},{"damage":0,"enemies":"Giant Head","floor":45,"turns":7},{"damage":0,"enemies":"Writhing Mass","floor":46,"turns":3},{"damage":6,"enemies":"Reptomancer","floor":48,"turns":4},{"damage":61,"enemies":"Time Eater","floor":50,"turns":8},{"damage":34,"enemies":"Shield and Spear","floor":54,"turns":4},{"damage":74,"enemies":"The Heart","floor":55,"turns":3}],"seed_played":"-3741658334978683865","potions_obtained":[{"floor":1,"key":"Swift Potion"},{"floor":7,"key":"EntropicBrew"},{"floor":11,"key":"Energy Potion"},{"floor":16,"key":"Energy Potion"},{"floor":18,"key":"SpeedPotion"},{"floor":21,"key":"Strength Potion"},{"floor":28,"key":"LiquidBronze"},{"floor":38,"key":"Explosive Potion"},{"floor":40,"key":"Block Potion"},{"floor":45,"key":"Weak Potion"},{"floor":48,"key":"Dexterity Potion"},{"floor":54,"key":"Strength Potion"}],"is_trial":false,"path_per_floor":["M","?","?","?","T","R","M","E","T","M","E","M","R","E","R","B",null,"M","$","?","M","?","E","$","E","T","?","E","?","T","M","R","B",null,"M","$","?","?","?","E","R","?","T","M","E","M","R","E","R","B",null,"R","$","E","B"],"character_chosen":"IRONCLAD","items_purchased":["Whetstone","Brimstone","Blood Vial","Letter Opener","Chemical X"],"campfire_rested":2,"item_purchase_floors":[19,19,19,36,53],"current_hp_per_floor":[80,80,80,64,64,64,70,34,34,27,9,15,39,17,41,33,80,64,64,64,48,80,54,54,44,44,90,64,58,58,45,45,53,90,90,90,80,90,90,90,90,79,79,83,90,90,90,90,90,39,90,90,90,62,0],"gold":40,"neow_bonus":"RANDOM_COMMON_RELIC","is_prod":false,"is_daily":false,"chose_seed":false,"campfire_upgraded":5,"win_rate":0,"timestamp":1549737292,"path_taken":["M","?","?","?","?","R","M","E","T","M","E","M","R","E","R","BOSS","M","$","?","M","?","E","?","E","T","?","E","?","?","M","R","BOSS","M","$","?","?","?","E","R","?","T","M","E","M","R","E","R","BOSS","R","$","E","BOSS"],"build_version":"2019-01-23","purchased_purges":2,"victory":false,"max_hp_per_floor":[80,80,80,80,80,80,80,80,80,80,80,80,80,80,80,80,80,80,80,80,80,80,80,80,80,80,90,90,90,90,90,90,90,90,90,90,90,90,90,90,90,90,90,90,90,90,90,90,90,90,90,90,90,90,90],"card_choices":[{"not_picked":["Shockwave","Clash"],"picked":"Anger","floor":1},{"not_picked":["Headbutt","Wild Strike"],"picked":"Cleave","floor":7},{"not_picked":["Power Through","Uppercut"],"picked":"Whirlwind","floor":8},{"not_picked":["Wild Strike","Burning Pact"],"picked":"Demon Form+1","floor":10},{"not_picked":["Searing Blow","Sever Soul"],"picked":"Flame Barrier","floor":11},{"not_picked":["Wild Strike","Sentinel"],"picked":"Shrug It Off","floor":12},{"not_picked":["Armaments","Havoc"],"picked":"Barricade+1","floor":14},{"not_picked":["Juggernaut+1","Immolate"],"picked":"Limit Break","floor":16},{"not_picked":["Clothesline"],"picked":"SKIP","floor":18},{"not_picked":["Clothesline"],"picked":"SKIP","floor":18},{"not_picked":[],"picked":"Armaments","floor":21},{"not_picked":["Pommel Strike"],"picked":"SKIP","floor":23},{"not_picked":["Uppercut"],"picked":"SKIP","floor":25},{"not_picked":["Anger"],"picked":"SKIP","floor":28},{"not_picked":["Reckless Charge"],"picked":"SKIP","floor":31},{"not_picked":[],"picked":"Impervious","floor":33},{"not_picked":["Anger"],"picked":"SKIP","floor":35},{"not_picked":[],"picked":"Bandage Up","floor":37},{"not_picked":[],"picked":"Madness","floor":37},{"not_picked":[],"picked":"Chrysalis","floor":37},{"not_picked":[],"picked":"True Grit+1","floor":40},{"not_picked":["Headbutt+1"],"picked":"SKIP","floor":44},{"not_picked":["Feed"],"picked":"SKIP","floor":45},{"not_picked":["True Grit"],"picked":"SKIP","floor":46},{"not_picked":[],"picked":"Flex+1","floor":48},{"not_picked":["Headbutt+1"],"picked":"SKIP","floor":54}],"player_experience":111690,"relics_obtained":[{"floor":8,"key":"Mercury Hourglass"},{"floor":9,"key":"Frozen Egg 2"},{"floor":11,"key":"Matryoshka"},{"floor":14,"key":"Oddly Smooth Stone"},{"floor":23,"key":"Bag of Preparation"},{"floor":25,"key":"Dodecahedron"},{"floor":26,"key":"Potion Belt"},{"floor":26,"key":"Gremlin Horn"},{"floor":28,"key":"Pen Nib"},{"floor":30,"key":"Dream Catcher"},{"floor":30,"key":"MawBank"},{"floor":38,"key":"Dead Branch"},{"floor":40,"key":"Kunai"},{"floor":43,"key":"Self Forming Clay"},{"floor":45,"key":"Red Skull"},{"floor":48,"key":"Happy Flower"},{"floor":54,"key":"Charon\u0027s Ashes"}],"event_choices":[{"damage_healed":0,"gold_gain":0,"player_choice":"Box","damage_taken":0,"relics_obtained":["Juzu Bracelet"],"max_hp_gain":0,"max_hp_loss":0,"event_name":"Big Fish","floor":2,"gold_loss":0,"cards_obtained":["Regret"]},{"damage_healed":0,"gold_gain":175,"player_choice":"AGREE","damage_taken":0,"max_hp_gain":0,"max_hp_loss":0,"event_name":"Liars Game","floor":3,"gold_loss":0,"cards_obtained":["Doubt"]},{"damage_healed":0,"gold_gain":0,"player_choice":"Entered Light","damage_taken":16,"max_hp_gain":0,"max_hp_loss":0,"event_name":"Shining Light","floor":4,"gold_loss":0,"cards_upgraded":["Strike_R","Defend_R"]},{"cards_removed":["Regret"],"damage_healed":0,"gold_gain":0,"player_choice":"Purged","damage_taken":0,"max_hp_gain":0,"max_hp_loss":0,"event_name":"Purifier","floor":20,"gold_loss":0},{"damage_healed":32,"gold_gain":0,"player_choice":"Full Heal","damage_taken":0,"max_hp_gain":0,"max_hp_loss":0,"event_name":"Wheel of Change","floor":22,"gold_loss":0},{"cards_removed":["Demon Form"],"damage_healed":36,"gold_gain":0,"player_choice":"Offered Rare","damage_taken":0,"max_hp_gain":10,"max_hp_loss":0,"event_name":"Bonfire Elementals","floor":27,"gold_loss":0},{"damage_healed":0,"gold_gain":0,"player_choice":"Joined the Cult","damage_taken":6,"max_hp_gain":0,"max_hp_loss":0,"event_name":"Nest","floor":29,"gold_loss":0,"cards_obtained":["RitualDagger"]},{"damage_healed":0,"gold_gain":0,"player_choice":"Memory 3","damage_taken":10,"max_hp_gain":0,"max_hp_loss":0,"event_name":"SensoryStone","floor":37,"gold_loss":0},{"damage_healed":0,"gold_gain":0,"player_choice":"Fight","damage_taken":0,"max_hp_gain":0,"max_hp_loss":0,"event_name":"MindBloom","floor":38,"gold_loss":0},{"cards_removed":["Strike_R"],"damage_healed":0,"gold_gain":0,"player_choice":"Removed Attack","damage_taken":0,"max_hp_gain":0,"max_hp_loss":0,"event_name":"Falling","floor":39,"gold_loss":0},{"damage_healed":0,"gold_gain":0,"player_choice":"Embrace Madness","damage_taken":11,"max_hp_gain":0,"max_hp_loss":0,"event_name":"Winding Halls","floor":42,"gold_loss":0,"cards_obtained":["Madness","Madness"]}],"is_beta":false,"boss_relics":[{"not_picked":["Black Blood","Snecko Eye"],"picked":"Busted Crown"},{"not_picked":["Empty Cage","Eternal Feather"],"picked":"Runic Cube"}],"items_purged_floors":[19,36],"is_endless":false,"potions_floor_spawned":[1,7,11,16,18,21,28,38,40,45,48,54],"killed_by":"The Heart","ascension_level":1}