{"gold_per_floor":[112,5,105,124,136,162,177,232,232,232,247,259,259,334,334,458,458,475,34,133,133,133,133,151,8,87,116,116,136,156,170,170,274,274,294,304,404,404,415,415,415,426,426,426,426],"floor_reached":45,"playtime":3111,"items_purged":[],"score":672,"play_id":"3bbb2bec-ec86-46b2-a8b3-fe11f3f56b5a","local_time":"20190204015343","is_ascension_mode":true,"campfire_choices":[{"data":"Barricade","floor":13,"key":"SMITH"},{"floor":15,"key":"REST"},{"data":"Body Slam","floor":23,"key":"SMITH"},{"data":"Ghostly","floor":32,"key":"SMITH"},{"data":"Normality","floor":40,"key":"PURGE"},{"data":"Flame Barrier","floor":44,"key":"SMITH"}],"neow_cost":"TEN_PERCENT_HP_LOSS","seed_source_timestamp":39556925988582,"circlet_count":0,"master_deck":["Strike_R","Strike_R","Strike_R","Strike_R","Strike_R","Defend_R","Defend_R","Defend_R","Bash","Transmutation","Magnetism","Pommel Strike","Flame Barrier","Uppercut","Intimidate","Fire Breathing","Metallicize","Barricade+1","Feel No Pain","Iron Wave","Infernal Blade","Bludgeon","Body Slam+1","Evolve+1","Panacea","Power Through","Flame Barrier+1","Double Tap","Ghostly+1","Ghostly","Ghostly","Ghostly","Ghostly","Shrug It Off","Anger","Carnage","Dark Embrace+1","Parasite","Parasite","Dropkick+1","Juggernaut+1","Parasite"],"relics":["Burning Blood","Torii","Ancient Tea Set","Letter Opener","Frozen Egg 2","Philosopher\u0027s Stone","Meat on the Bone","MutagenicStrength","Bronze Scales","Kunai","Matryoshka","Calling Bell","Vajra","Sundial","Pocketwatch","Peace Pipe","Lantern","Dead Branch"],"potions_floor_usage":[8,8,27,29,35,39,45,45],"damage_taken":[{"damage":8,"enemies":"Cultist","floor":1,"turns":5},{"damage":0,"enemies":"2 Louse","floor":4,"turns":2},{"damage":11,"enemies":"Jaw Worm","floor":5,"turns":6},{"damage":24,"enemies":"Lagavulin","floor":6,"turns":6},{"damage":13,"enemies":"Large Slime","floor":7,"turns":3},{"damage":25,"enemies":"3 Sentries","floor":8,"turns":8},{"damage":17,"enemies":"Red Slaver","floor":11,"turns":6},{"damage":1,"enemies":"2 Fungi Beasts","floor":12,"turns":8},{"damage":7,"enemies":"Hexaghost","floor":16,"turns":13},{"damage":8,"enemies":"Spheric Guardian","floor":18,"turns":4},{"damage":2,"enemies":"Chosen","floor":24,"turns":3},{"damage":34,"enemies":"Gremlin Leader","floor":27,"turns":8},{"damage":2,"enemies":"Centurion and Healer","floor":29,"turns":10},{"damage":2,"enemies":"Chosen and Byrds","floor":30,"turns":6},{"damage":10,"enemies":"Snake Plant","floor":31,"turns":5},{"damage":0,"enemies":"Champ","floor":33,"turns":13},{"damage":12,"enemies":"Orb Walker","floor":35,"turns":4},{"damage":2,"enemies":"3 Darklings","floor":36,"turns":6},{"damage":0,"enemies":"Mind Bloom Boss Battle","floor":37,"turns":8},{"damage":33,"enemies":"Jaw Worm Horde","floor":39,"turns":4},{"damage":7,"enemies":"Writhing Mass","floor":42,"turns":6},{"damage":34,"enemies":"Sphere and 2 Shapes","floor":45,"turns":4}],"seed_played":"-6915417811539066701","potions_obtained":[{"floor":1,"key":"BloodPotion"},{"floor":4,"key":"AttackPotion"},{"floor":16,"key":"BloodPotion"},{"floor":24,"key":"SkillPotion"},{"floor":27,"key":"Poison Potion"},{"floor":29,"key":"GamblersBrew"},{"floor":31,"key":"SkillPotion"},{"floor":39,"key":"Ancient Potion"}],"is_trial":false,"path_per_floor":["M","$","?","M","M","E","M","E","T","T","M","M","R","?","R","B",null,"M","$","?","?","?","R","M","$","T","E","?","M","M","M","R","B",null,"M","M","?","?","M","R","?","M","T","R","M"],"character_chosen":"IRONCLAD","items_purchased":["Flame Barrier","Uppercut","Meat on the Bone","Evolve+1","Panacea","Power Through","Bronze Scales"],"campfire_rested":1,"item_purchase_floors":[2,2,19,19,19,19,25],"current_hp_per_floor":[70,70,70,72,67,49,42,30,30,30,19,24,24,13,34,33,72,70,70,70,57,57,57,61,61,61,45,38,38,38,34,34,38,38,35,38,38,35,20,20,20,31,31,31,0],"gold":426,"neow_bonus":"RANDOM_COLORLESS_2","is_prod":false,"is_daily":false,"chose_seed":false,"campfire_upgraded":4,"win_rate":0,"timestamp":1549241623,"path_taken":["M","?","?","M","?","E","M","E","T","?","M","?","R","?","R","BOSS","M","$","?","?","?","R","M","?","T","E","?","M","M","M","R","BOSS","M","M","?","?","?","R","?","M","T","R","M"],"build_version":"2019-01-23","purchased_purges":0,"victory":false,"max_hp_per_floor":[72,72,72,72,72,72,72,72,72,72,72,72,72,72,72,72,72,72,72,72,77,77,77,77,77,77,77,38,38,38,38,38,38,38,38,38,38,38,38,38,38,38,38,38,38],"card_choices":[{"not_picked":["Inflame","Hemokinesis"],"picked":"Pommel Strike","floor":1},{"not_picked":["True Grit","Clothesline"],"picked":"Intimidate","floor":4},{"not_picked":["Rampage","True Grit"],"picked":"Fire Breathing","floor":5},{"not_picked":["Heavy Blade","Rage"],"picked":"Metallicize","floor":6},{"not_picked":["Cleave","Havoc"],"picked":"Barricade","floor":7},{"not_picked":["Sword Boomerang","Combust"],"picked":"Feel No Pain","floor":8},{"not_picked":["Heavy Blade","Perfected Strike"],"picked":"Iron Wave","floor":11},{"not_picked":["Clothesline","Inflame+1"],"picked":"Infernal Blade","floor":12},{"not_picked":["Reaper","Brutality+1"],"picked":"Bludgeon","floor":16},{"not_picked":["Flex","Ghostly Armor+1"],"picked":"Body Slam","floor":18},{"not_picked":["Wild Strike","Pummel+1"],"picked":"Flame Barrier","floor":24},{"not_picked":["Havoc","Thunderclap"],"picked":"Double Tap","floor":27},{"not_picked":["Fire Breathing+1","Pommel Strike"],"picked":"Shrug It Off","floor":29},{"not_picked":["Dual Wield","Ghostly Armor"],"picked":"Anger","floor":30},{"not_picked":["Heavy Blade","Spot Weakness+1"],"picked":"Carnage","floor":31},{"not_picked":["Brutality+1","Reaper"],"picked":"Dark Embrace+1","floor":33},{"not_picked":["Iron Wave+1","Pommel Strike+1"],"picked":"Dropkick+1","floor":35},{"not_picked":["Thunderclap+1","Wild Strike+1"],"picked":"Juggernaut+1","floor":36},{"not_picked":["Perfected Strike","Shrug It Off+1","Flex"],"picked":"SKIP","floor":39},{"not_picked":["Metallicize+1","Clothesline+1","Flame Barrier"],"picked":"SKIP","floor":42}],"player_experience":59008,"relics_obtained":[{"floor":6,"key":"Torii"},{"floor":8,"key":"Ancient Tea Set"},{"floor":9,"key":"Letter Opener"},{"floor":10,"key":"Frozen Egg 2"},{"floor":26,"key":"Kunai"},{"floor":27,"key":"Matryoshka"},{"floor":34,"key":"Vajra"},{"floor":34,"key":"Sundial"},{"floor":34,"key":"Pocketwatch"},{"floor":37,"key":"Peace Pipe"},{"floor":43,"key":"Lantern"},{"floor":43,"key":"Dead Branch"}],"event_choices":[{"damage_healed":0,"gold_gain":100,"player_choice":"Pray","damage_taken":0,"max_hp_gain":0,"max_hp_loss":0,"event_name":"Golden Shrine","floor":3,"gold_loss":0},{"damage_healed":0,"gold_gain":75,"player_choice":"Gather Gold","damage_taken":11,"max_hp_gain":0,"max_hp_loss":0,"event_name":"World of Goop","floor":14,"gold_loss":0},{"damage_healed":0,"gold_gain":99,"player_choice":"Stole From Cult","damage_taken":0,"max_hp_gain":0,"max_hp_loss":0,"event_name":"Nest","floor":20,"gold_loss":0},{"damage_healed":0,"gold_gain":0,"player_choice":"Shed Blood","damage_taken":18,"max_hp_gain":5,"max_hp_loss":0,"event_name":"Forgotten Altar","floor":21,"gold_loss":0},{"damage_healed":0,"gold_gain":0,"player_choice":"Inject Mutagens","damage_taken":0,"relics_obtained":["MutagenicStrength"],"max_hp_gain":0,"max_hp_loss":0,"event_name":"Drug Dealer","floor":22,"gold_loss":0},{"damage_healed":0,"gold_gain":0,"player_choice":"Became a Ghost","damage_taken":0,"max_hp_gain":0,"max_hp_loss":39,"event_name":"Ghosts","floor":28,"gold_loss":0,"cards_obtained":["Ghostly","Ghostly","Ghostly","Ghostly","Ghostly"]},{"damage_healed":0,"gold_gain":0,"player_choice":"Fight","damage_taken":0,"max_hp_gain":0,"max_hp_loss":0,"event_name":"MindBloom","floor":37,"gold_loss":0},{"damage_healed":0,"gold_gain":0,"player_choice":"Damaged","damage_taken":3,"max_hp_gain":0,"max_hp_loss":0,"event_name":"Wheel of Change","floor":38,"gold_loss":0},{"cards_removed":["Defend_R"],"damage_healed":0,"gold_gain":0,"player_choice":"Removed Skill","damage_taken":0,"max_hp_gain":0,"max_hp_loss":0,"event_name":"Falling","floor":41,"gold_loss":0}],"is_beta":false,"boss_relics":[{"not_picked":["Empty Cage","Black Blood"],"picked":"Philosopher\u0027s Stone"},{"not_picked":["Runic Pyramid","Coffee Dripper"],"picked":"Calling Bell"}],"items_purged_floors":[],"is_endless":false,"potions_floor_spawned":[1,4,16,24,27,29,31,39],"killed_by":"Sphere and 2 Shapes","ascension_level":2}