{"gold_per_floor":[118,68,68,68,83,83,110,110,189,189,35,49,63,94,94,191,191,207,207],"floor_reached":19,"playtime":873,"items_purged":["Slimebound:Defend_Slimebound"],"score":173,"play_id":"5f4147c8-b59f-44df-888e-4f1a3f9929ea","local_time":"20190107002925","is_ascension_mode":true,"campfire_choices":[{"data":"Slimebound:Overexert","floor":6.0,"key":"PURGE"},{"data":"Slimebound:LeechEnergy","floor":8.0,"key":"SMITH"},{"data":"Slimebound:Split","floor":10.0,"key":"SMITH"},{"data":"Slimebound:SplitLeeching","floor":15.0,"key":"SMITH"}],"neow_cost":"PERCENT_DAMAGE","seed_source_timestamp":360529207799674,"circlet_count":0,"master_deck":["Slimebound:Strike_Slimebound","Slimebound:Strike_Slimebound","Slimebound:Defend_Slimebound","Slimebound:Defend_Slimebound","Slimebound:Defend_Slimebound","Slimebound:Split+1","Slimebound:CorrosiveSpit","Slimebound:LeechEnergy+1","Slimebound:FirmFortitude","Slimebound:SamplingLick","Slimebound:Lick","Slimebound:SplitLeeching+1","Slimebound:SpikyOuterGoop","Slimebound:SelfFormingGoo","Slimebound:PrepareCrush"],"special_seed":0,"relics":["Slimebound:AbsorbEndCombatUpgraded","Slimebound:ScrapOozeRelic","Odd Mushroom","Bottled Lightning","Anchor"],"potions_floor_usage":[],"damage_taken":[{"damage":6.0,"enemies":"Jaw Worm","floor":1.0,"turns":4.0},{"damage":5.0,"enemies":"Small Slimes","floor":5.0,"turns":4.0},{"damage":11.0,"enemies":"The Mushroom Lair","floor":7.0,"turns":4.0},{"damage":3.0,"enemies":"2 Louse","floor":12.0,"turns":2.0},{"damage":4.0,"enemies":"Looter","floor":13.0,"turns":3.0},{"damage":17.0,"enemies":"3 Sentries","floor":14.0,"turns":5.0},{"damage":45.0,"enemies":"Hexaghost","floor":16.0,"turns":9.0},{"damage":11.0,"enemies":"Spheric Guardian","floor":18.0,"turns":3.0}],"seed_played":"2062994490857772664","potions_obtained":[{"floor":1.0,"key":"Fire Potion"},{"floor":7.0,"key":"Weak Potion"},{"floor":16.0,"key":"EssenceOfSteel"}],"is_trial":false,"path_per_floor":["M","?","?","?","M","R","?","R","T","R","$","M","M","E","R","B",null,"M","$"],"character_chosen":"SLIMEBOUND","items_purchased":["Slimebound:SamplingLick","Slimebound:Lick"],"campfire_rested":0,"item_purchase_floors":[11,11],"current_hp_per_floor":[61,61,54,54,59,59,61,61,61,61,61,71,72,72,72,55,72,70,70],"gold":207,"neow_bonus":"TWENTY_PERCENT_HP_BONUS","is_prod":false,"is_daily":false,"chose_seed":false,"campfire_upgraded":3,"win_rate":1,"timestamp":1546817365,"path_taken":["M","?","?","?","M","R","?","R","T","R","$","M","M","E","R","BOSS","M","$"],"build_version":"2019-01-03v4","purchased_purges":1,"victory":false,"max_hp_per_floor":[72,72,72,72,72,72,72,72,72,72,72,72,72,72,72,72,72,72,72],"card_choices":[{"not_picked":["Slimebound:ItLooksTasty","Slimebound:SlimeBarrage"],"picked":"Slimebound:LeechEnergy","floor":1.0},{"not_picked":["Slimebound:DivideAndConquer","Slimebound:SamplingLick"],"picked":"Slimebound:Overexert","floor":5.0},{"not_picked":["Slimebound:TendrilStrike","Slimebound:ComboTackle"],"picked":"Slimebound:FirmFortitude","floor":7.0},{"not_picked":["Slimebound:SamplingLick","Slimebound:ComboTackle"],"picked":"Slimebound:SplitLeeching","floor":12.0},{"not_picked":["Slimebound:Chomp","Slimebound:PoisonLick"],"picked":"Slimebound:SpikyOuterGoop","floor":13.0},{"not_picked":["Slimebound:PoisonLick","Slimebound:SamplingLick"],"picked":"Slimebound:SelfFormingGoo","floor":14.0},{"not_picked":["Slimebound:Teamwork","Slimebound:Overexert"],"picked":"Slimebound:PrepareCrush","floor":16.0},{"not_picked":["Slimebound:DisruptingSlam","Slimebound:ComboTackle","Slimebound:ItLooksTasty"],"picked":"SKIP","floor":18.0}],"player_experience":21175,"relics_obtained":[{"floor":7.0,"key":"Odd Mushroom"},{"floor":9.0,"key":"Bottled Lightning"},{"floor":14.0,"key":"Anchor"}],"event_choices":[{"cards_removed":["Slimebound:Strike_Slimebound"],"damage_healed":0.0,"max_hp_gain":0.0,"max_hp_loss":0.0,"gold_gain":0.0,"event_name":"The Cleric","player_choice":"Card Removal","floor":2.0,"gold_loss":50.0,"damage_taken":0.0},{"cards_removed":["Slimebound:Strike_Slimebound"],"damage_healed":0.0,"max_hp_gain":0.0,"max_hp_loss":0.0,"gold_gain":0.0,"event_name":"Golden Wing","player_choice":"Card Removal","floor":3.0,"gold_loss":0.0,"damage_taken":7.0},{"damage_healed":0.0,"max_hp_gain":0.0,"max_hp_loss":0.0,"gold_gain":0.0,"event_name":"Mushrooms","player_choice":"Fought Mushrooms","floor":7.0,"gold_loss":0.0,"damage_taken":0.0}],"is_beta":false,"boss_relics":[{"not_picked":["Runic Pyramid","Calling Bell"],"picked":"Slimebound:AbsorbEndCombatUpgraded"}],"items_purged_floors":[11],"is_endless":false,"potions_floor_spawned":[1,7,16],"ascension_level":1}