{"path_per_floor":["M","M","M","$","M","R","?","E","T","E","M","M","R","M","R","B",null,"M","M","M","M","M","E","R","$","T","M","M","$","?","T","R"],"character_chosen":"IRONCLAD","items_purchased":["Metallicize","Thread and Needle","Flex"],"gold_per_floor":[109,129,145,1,16,16,0,33,33,59,79,90,90,108,108,211,211,221,236,253,272,291,321,321,321,345,362,376,25,25,25,25],"floor_reached":33,"campfire_rested":1,"playtime":1636,"current_hp_per_floor":[72,72,72,72,67,67,67,66,66,69,67,69,69,72,72,58,72,63,53,49,50,54,43,67,67,74,64,62,62,62,62,62],"items_purged":["Strike_R"],"gold":25,"score":283,"play_id":"755e8189-4acf-4d42-82e8-432b9c615666","local_time":"20180302214034","is_prod":false,"is_daily":false,"is_ascension_mode":false,"campfire_upgraded":4,"timestamp":1520023234,"path_taken":["M","M","M","$","M","R","?","E","T","E","M","M","R","M","R","BOSS","M","M","?","M","M","E","R","?","T","M","M","$","?","?","R","BOSS"],"build_version":"2018-03-01-PROD1","purchased_purges":1,"victory":false,"master_deck":["Strike_R","Strike_R","Strike_R","Strike_R","Defend_R","Defend_R","Defend_R","Defend_R","Bash","Clash","Uppercut","Thunderclap","Metallicize+1","Metallicize+1","Whirlwind+1","Thunderclap","Disarm","Feed","Clash","Seeing Red+1","Metallicize+1","Iron Wave+1","Flex"],"max_hp_per_floor":[72,72,72,72,72,72,72,72,72,72,72,72,72,72,72,72,72,75,75,75,75,78,81,81,81,88,88,91,91,91,91,91],"relics":["Burning Blood","Ginger","Letter Opener","Red Skull","Bag of Preparation","White Beast Statue","Lantern","Strawberry","Thread and Needle","Anchor"],"card_choices":[{"not_picked":["Berserk","Corruption"],"picked":"Clash"},{"not_picked":["Pommel Strike","True Grit"],"picked":"Uppercut"},{"not_picked":["Sword Boomerang","Havoc"],"picked":"Thunderclap"},{"not_picked":["Clash","Headbutt"],"picked":"Metallicize"},{"not_picked":["Wild Strike","Flex"],"picked":"Whirlwind"},{"not_picked":["Perfected Strike","True Grit"],"picked":"Thunderclap"},{"not_picked":["Warcry","Havoc"],"picked":"Disarm"},{"not_picked":["Fiend Fire","Brutality"],"picked":"Feed"},{"not_picked":["Armaments","Shockwave"],"picked":"Clash"},{"not_picked":["Iron Wave","Rampage"],"picked":"Seeing Red"},{"not_picked":["Warcry","Flex"],"picked":"Metallicize"},{"not_picked":["Pommel Strike","True Grit"],"picked":"Iron Wave"}],"player_experience":175651,"potions_floor_usage":[10,16,16,20,33,33],"damage_taken":[{"damage":1,"enemies":"Cultist","floor":1,"turns":3},{"damage":6,"enemies":"Jaw Worm","floor":2,"turns":2},{"damage":0,"enemies":"2 Louse","floor":3,"turns":2},{"damage":11,"enemies":"Gremlin Gang","floor":5,"turns":4},{"damage":7,"enemies":"Lagavulin","floor":8,"turns":7},{"damage":3,"enemies":"Gremlin Nob","floor":10,"turns":4},{"damage":8,"enemies":"Red Slaver","floor":11,"turns":6},{"damage":4,"enemies":"Large Slime","floor":12,"turns":7},{"damage":3,"enemies":"Looter","floor":14,"turns":3},{"damage":20,"enemies":"Slime Boss","floor":16,"turns":9},{"damage":18,"enemies":"Spheric Guardian","floor":18,"turns":6},{"damage":16,"enemies":"Chosen","floor":19,"turns":7},{"damage":16,"enemies":"Snake Plant","floor":20,"turns":3},{"damage":5,"enemies":"Chosen and Byrds","floor":21,"turns":9},{"damage":5,"enemies":"Snecko","floor":22,"turns":5},{"damage":20,"enemies":"Book of Stabbing","floor":23,"turns":8},{"damage":16,"enemies":"Sentry and Sphere","floor":27,"turns":9},{"damage":11,"enemies":"Centurion and Healer","floor":28,"turns":5},{"damage":76,"enemies":"Champ","floor":33,"turns":10}],"event_choices":[{"event_name":"World of Goop","player_choice":"Left","floor":7,"damage_taken":0},{"event_name":"Addict","player_choice":"Ignored","floor":30,"damage_taken":0}],"boss_relics":[{"not_picked":["Runic Pyramid","Snecko Eye"],"picked":"White Beast Statue"}],"potions_floor_spawned":[1,3,5,12,18,19,20,21,22,23,27,28],"seed_played":"-6014472962932849276","killed_by":"Champ","ascension_level":0,"is_trial":false}