{"gold_per_floor":[117,136,148,167,185,211,211,21,48,73,134,145,145,161,161,266,266,276,295,41,41],"floor_reached":21,"playtime":2651,"items_purged":[],"score":203,"play_id":"991f7bc2-9797-487d-bf04-0f523631cec5","local_time":"20190213172645","is_ascension_mode":true,"campfire_choices":[{"floor":7,"key":"REST"},{"floor":13,"key":"REST"},{"data":"Go for the Eyes","floor":15,"key":"SMITH"}],"neow_cost":"NONE","seed_source_timestamp":1362674196121600,"circlet_count":0,"master_deck":["Strike_B","Defend_B","Defend_B","Defend_B","Defend_B","Zap","Dualcast","Go for the Eyes+1","Hologram","FTL","Loop","Loop","Echo Form","Hologram","FTL","Gash","Hologram","Seek","Storm"],"relics":["Cracked Core","Boot","Bag of Preparation","Lantern","Art of War","Orichalcum","Empty Cage","Matryoshka"],"potions_floor_usage":[6,10,12,16,19],"damage_taken":[{"damage":10,"enemies":"Jaw Worm","floor":1,"turns":4},{"damage":3,"enemies":"2 Louse","floor":2,"turns":3},{"damage":1,"enemies":"Cultist","floor":3,"turns":3},{"damage":7,"enemies":"3 Louse","floor":4,"turns":5},{"damage":13,"enemies":"Exordium Wildlife","floor":5,"turns":5},{"damage":24,"enemies":"Gremlin Nob","floor":6,"turns":5},{"damage":18,"enemies":"3 Sentries","floor":10,"turns":6},{"damage":14,"enemies":"3 Sentries","floor":11,"turns":6},{"damage":8,"enemies":"Exordium Thugs","floor":12,"turns":5},{"damage":2,"enemies":"Looter","floor":14,"turns":3},{"damage":23,"enemies":"Slime Boss","floor":16,"turns":7},{"damage":9,"enemies":"3 Byrds","floor":18,"turns":4},{"damage":0,"enemies":"Spheric Guardian","floor":19,"turns":4},{"damage":67,"enemies":"3 Cultists","floor":21,"turns":5}],"seed_played":"2722182468309498731","potions_obtained":[{"floor":1,"key":"SpeedPotion"},{"floor":4,"key":"GamblersBrew"},{"floor":6,"key":"SkillPotion"},{"floor":11,"key":"Regen Potion"},{"floor":12,"key":"SkillPotion"},{"floor":18,"key":"SpeedPotion"}],"is_trial":false,"path_per_floor":["M","M","M","M","M","E","R","$","T","E","?","M","R","M","R","B",null,"M","M","$","M"],"character_chosen":"DEFECT","items_purchased":["Bag of Preparation","Hologram","Matryoshka"],"campfire_rested":2,"item_purchase_floors":[8,8,20],"current_hp_per_floor":[65,62,61,54,41,17,39,39,39,21,7,11,33,31,31,8,75,66,66,66,0],"gold":41,"neow_bonus":"REMOVE_CARD","is_prod":false,"is_daily":false,"chose_seed":false,"campfire_upgraded":1,"win_rate":0,"timestamp":1550075205,"path_taken":["M","M","M","M","M","E","R","$","T","E","?","M","R","M","R","BOSS","M","M","$","M"],"build_version":"2019-01-23","purchased_purges":0,"victory":false,"max_hp_per_floor":[75,75,75,75,75,75,75,75,75,75,75,75,75,75,75,75,75,75,75,75,75],"card_choices":[{"not_picked":["Melter","Redo"],"picked":"Go for the Eyes","floor":1},{"not_picked":["Compile Driver","Rebound"],"picked":"Hologram","floor":2},{"not_picked":["Steam","Streamline"],"picked":"FTL","floor":3},{"not_picked":["Stack","Conserve Battery"],"picked":"Loop","floor":4},{"not_picked":["White Noise","Gash"],"picked":"Loop","floor":5},{"not_picked":["Rebound","Compile Driver"],"picked":"Echo Form","floor":6},{"not_picked":["Beam Cell","Conserve Battery"],"picked":"FTL","floor":10},{"not_picked":["Scrape","Beam Cell"],"picked":"Gash","floor":11},{"not_picked":["Undo","Ball Lightning"],"picked":"Hologram","floor":12},{"not_picked":["Sweeping Beam","Compile Driver","Rebound"],"picked":"SKIP","floor":14},{"not_picked":["Fission","Creative AI"],"picked":"Seek","floor":16},{"not_picked":["Redo+1","Go for the Eyes","Rip and Tear+1"],"picked":"SKIP","floor":18},{"not_picked":["Go for the Eyes","Conserve Battery"],"picked":"Storm","floor":19}],"player_experience":146694,"relics_obtained":[{"floor":6,"key":"Boot"},{"floor":9,"key":"Lantern"},{"floor":10,"key":"Art of War"}],"event_choices":[{"damage_healed":0,"gold_gain":30,"player_choice":"Searched \u00273\u0027 times","damage_taken":0,"relics_obtained":["Orichalcum"],"max_hp_gain":0,"max_hp_loss":0,"event_name":"Dead Adventurer","floor":11,"gold_loss":0}],"is_beta":false,"boss_relics":[{"not_picked":["Cursed Key","Astrolabe"],"picked":"Empty Cage"}],"items_purged_floors":[],"is_endless":false,"potions_floor_spawned":[1,4,6,11,12,18],"killed_by":"3 Cultists","ascension_level":1}