{"gold_per_floor":[144,144,71,116,95,95,23,23,23,113,113,158,158,59,59,359,359,404,449,548,21,21,21,66,156,186,186,186,186,186,231,231,531,531,531],"floor_reached":35,"playtime":2635,"items_purged":["Parasite"],"score":444,"play_id":"d006f776-8eb1-4e53-91f7-b0b5f64b0d66","local_time":"20190211213711","daily_mods":["Shiny","Flight","Midas"],"is_ascension_mode":false,"campfire_choices":[{"floor":6,"key":"REST"},{"floor":8,"key":"REST"},{"floor":13,"key":"REST"},{"floor":15,"key":"REST"},{"floor":23,"key":"REST"},{"floor":27,"key":"REST"},{"data":"1","floor":28,"key":"LIFT"},{"floor":30,"key":"REST"},{"floor":32,"key":"REST"}],"neow_cost":"","seed_source_timestamp":18098377569500,"circlet_count":0,"master_deck":["Venomology","Malaise","Phantasmal Killer","Die Die Die","Adrenaline","Envenom","Doppelganger","Burst","Wraith Form v2","Tools of the Trade","Night Terror+1","Unload","After Image","Storm of Steel","Glass Knife","A Thousand Cuts","Grand Finale+1","Backflip","Noxious Fumes","Poisoned Stab","Noxious Fumes","Poisoned Stab","Endless Agony","Outmaneuver","Die Die Die","Crippling Poison","Deflect","Catalyst","Blur+1","Prepared+1","Poisoned Stab","Adrenaline","Normality","Doubt","Normality"],"special_seed":17939,"relics":["Ring of the Snake","Singing Bowl","The Specimen","Empty Cage","Letter Opener","Lee\u0027s Waffle","Girya","Tiny Chest","Thread and Needle","Calling Bell","Pen Nib","Question Card","Calipers"],"potions_floor_usage":[10,10,10,18,19,24,33,33],"damage_taken":[{"damage":6,"enemies":"Cultist","floor":1,"turns":3},{"damage":9,"enemies":"Small Slimes","floor":4,"turns":4},{"damage":23,"enemies":"3 Sentries","floor":10,"turns":4},{"damage":14,"enemies":"Jaw Worm","floor":12,"turns":4},{"damage":14,"enemies":"Slime Boss","floor":16,"turns":5},{"damage":8,"enemies":"Chosen","floor":18,"turns":6},{"damage":18,"enemies":"3 Byrds","floor":19,"turns":5},{"damage":14,"enemies":"Snake Plant","floor":24,"turns":5},{"damage":32,"enemies":"Gremlin Leader","floor":25,"turns":5},{"damage":15,"enemies":"Centurion and Healer","floor":31,"turns":4},{"damage":63,"enemies":"Automaton","floor":33,"turns":7},{"damage":75,"enemies":"Orb Walker","floor":35,"turns":6}],"seed_played":"1988086906776939641","potions_obtained":[{"floor":1,"key":"EssenceOfSteel"},{"floor":4,"key":"Explosive Potion"},{"floor":12,"key":"Ancient Potion"},{"floor":18,"key":"SteroidPotion"},{"floor":24,"key":"FearPotion"},{"floor":31,"key":"FearPotion"}],"is_trial":false,"path_per_floor":["M","?","$","M","?","R","$","R","T","E","?","M","R","$","R","B",null,"M","M","?","$","$","R","M","E","T","R","R","T","R","M","R","B",null,"M"],"character_chosen":"THE_SILENT","items_purchased":["Noxious Fumes","Noxious Fumes","Outmaneuver","Letter Opener","Lee\u0027s Waffle","Catalyst"],"campfire_rested":8,"item_purchase_floors":[3,7,14,21,21,21],"current_hp_per_floor":[64,50,50,41,41,62,62,70,70,47,64,50,70,67,67,53,67,59,41,41,74,74,74,60,28,28,50,50,50,72,57,74,11,74,0],"gold":531,"neow_bonus":"","is_prod":false,"is_daily":true,"chose_seed":false,"campfire_upgraded":0,"win_rate":0,"timestamp":1549939031,"path_taken":["M","?","$","M","?","R","$","R","T","E","?","M","R","$","R","BOSS","M","M","?","$","$","R","M","E","T","R","R","?","R","M","R","BOSS","M"],"build_version":"2019-01-23","purchased_purges":1,"victory":false,"max_hp_per_floor":[70,70,70,70,70,70,70,70,70,70,70,70,70,67,67,67,67,67,67,67,74,74,74,74,74,74,74,74,74,74,74,74,74,74,74],"card_choices":[{"not_picked":["Finisher","Footwork"],"picked":"Backflip","floor":1},{"not_picked":["Bane","Blade Dance"],"picked":"Poisoned Stab","floor":4},{"not_picked":["Dagger Throw","Cloak And Dagger"],"picked":"Poisoned Stab","floor":10},{"not_picked":["Outmaneuver","Choke"],"picked":"Endless Agony","floor":12},{"not_picked":["Corpse Explosion","Storm of Steel"],"picked":"Die Die Die","floor":16},{"not_picked":["Poisoned Stab","Expertise"],"picked":"Crippling Poison","floor":18},{"not_picked":["Infinite Blades","Concentrate+1"],"picked":"Deflect","floor":19},{"not_picked":["Dodge and Roll+1","Quick Slash"],"picked":"Blur+1","floor":24},{"not_picked":["Poisoned Stab","Glass Knife"],"picked":"Prepared+1","floor":25},{"not_picked":["Flying Knee+1","Slice+1"],"picked":"Poisoned Stab","floor":31},{"not_picked":["Storm of Steel","Wraith Form v2"],"picked":"Adrenaline","floor":33}],"player_experience":34955,"relics_obtained":[{"floor":9,"key":"Singing Bowl"},{"floor":10,"key":"The Specimen"},{"floor":25,"key":"Girya"},{"floor":26,"key":"Tiny Chest"},{"floor":29,"key":"Thread and Needle"},{"floor":34,"key":"Pen Nib"},{"floor":34,"key":"Question Card"},{"floor":34,"key":"Calipers"}],"event_choices":[{"damage_healed":0,"gold_gain":0,"player_choice":"Entered Light","damage_taken":14,"max_hp_gain":0,"max_hp_loss":0,"event_name":"Shining Light","floor":2,"gold_loss":0,"cards_upgraded":["Night Terror","Grand Finale"]},{"damage_healed":0,"gold_gain":0,"player_choice":"Left Gold","damage_taken":0,"max_hp_gain":0,"max_hp_loss":0,"event_name":"World of Goop","floor":5,"gold_loss":21},{"damage_healed":17,"gold_gain":0,"player_choice":"Healed and dodged fight","damage_taken":0,"max_hp_gain":0,"max_hp_loss":0,"event_name":"Mushrooms","floor":11,"gold_loss":0,"cards_obtained":["Parasite"]},{"damage_healed":0,"gold_gain":99,"player_choice":"Stole From Cult","damage_taken":0,"max_hp_gain":0,"max_hp_loss":0,"event_name":"Nest","floor":20,"gold_loss":0}],"is_beta":false,"boss_relics":[{"not_picked":["Ectoplasm","Black Star"],"picked":"Empty Cage"},{"not_picked":["Runic Dome","White Beast Statue"],"picked":"Calling Bell"}],"items_purged_floors":[14],"is_endless":false,"potions_floor_spawned":[1,4,12,18,24,31],"killed_by":"Orb Walker","ascension_level":0}