{"gold_per_floor":[117,117,129,129,146,146,178,190,190,190,222,242,30,78,78,78],"floor_reached":16,"playtime":464,"items_purged":[],"score":220,"play_id":"2d810ff2-7835-4ac5-b175-db1e8b75f104","local_time":"20190124135539","is_ascension_mode":true,"campfire_choices":[{"data":"Noxious Fumes","floor":6.0,"key":"SMITH"},{"data":"Riddle With Holes","floor":10.0,"key":"SMITH"},{"floor":15.0,"key":"REST"}],"neow_cost":"PERCENT_DAMAGE","seed_source_timestamp":0,"circlet_count":0,"master_deck":["AscendersBane","Defend_G","Defend_G","Defend_G","Defend_G","Defend_G","Strike_G","Strike_G","Strike_G","Strike_G","Survivor","Neutralize","Noxious Fumes+1","Riddle With Holes+1","Catalyst","Footwork","Cloak And Dagger","Calculated Gamble"],"special_seed":0,"relics":["Ring of the Snake","Torii","The Courier","Kunai","Mummified Hand","Letter Opener","PreservedInsect"],"potions_floor_usage":[],"damage_taken":[{"damage":1.0,"enemies":"Small Slimes","floor":1.0,"turns":3.0},{"damage":0.0,"enemies":"Cultist","floor":3.0,"turns":4.0},{"damage":0.0,"enemies":"2 Louse","floor":5.0,"turns":3.0},{"damage":9.0,"enemies":"Lagavulin","floor":7.0,"turns":8.0},{"damage":7.0,"enemies":"Red Slaver","floor":8.0,"turns":5.0},{"damage":30.0,"enemies":"Gremlin Nob","floor":11.0,"turns":4.0},{"damage":1.0,"enemies":"Looter","floor":12.0,"turns":4.0},{"damage":38,"enemies":"Slime Boss","floor":16,"turns":6}],"seed_played":"3448913805868410071","potions_obtained":[{"floor":3.0,"key":"Swift Potion"},{"floor":5.0,"key":"PowerPotion"}],"is_trial":false,"path_per_floor":["M","?","M","?","M","R","E","M","T","R","E","M","$","T","R","B"],"character_chosen":"THE_SILENT","items_purchased":["Letter Opener"],"campfire_rested":1,"item_purchase_floors":[13],"current_hp_per_floor":[43,66,66,66,66,66,57,50,50,50,20,19,19,19,38,0],"gold":78,"neow_bonus":"ONE_RARE_RELIC","is_prod":false,"is_daily":false,"chose_seed":false,"campfire_upgraded":2,"win_rate":0,"timestamp":1548334539,"path_taken":["M","?","?","?","?","R","E","M","T","R","E","M","?","?","R","BOSS"],"build_version":"2019-01-23","purchased_purges":0,"victory":false,"max_hp_per_floor":[66,66,66,66,66,66,66,66,66,66,66,66,66,66,66,66],"card_choices":[{"not_picked":["Backflip","Underhanded Strike"],"picked":"Caltrops","floor":1.0},{"not_picked":["Bane","Tactician"],"picked":"Noxious Fumes","floor":3.0},{"not_picked":["Finisher","Deflect"],"picked":"Catalyst","floor":5.0},{"not_picked":["Expertise","Poisoned Stab"],"picked":"Footwork","floor":7.0},{"not_picked":["Concentrate","Flying Knee","Outmaneuver"],"picked":"SKIP","floor":8.0},{"not_picked":["Backflip","Deflect"],"picked":"Cloak And Dagger","floor":11.0},{"not_picked":["Tools of the Trade","Bane"],"picked":"Calculated Gamble","floor":12.0}],"player_experience":1921388,"relics_obtained":[{"floor":7.0,"key":"The Courier"},{"floor":9.0,"key":"Kunai"},{"floor":11.0,"key":"Mummified Hand"},{"floor":14.0,"key":"PreservedInsect"}],"event_choices":[{"cards_removed":["Caltrops"],"damage_healed":23.0,"max_hp_gain":0.0,"max_hp_loss":0.0,"gold_gain":0.0,"event_name":"Bonfire Elementals","player_choice":"Offered Uncommon","floor":2.0,"gold_loss":0.0,"damage_taken":0.0},{"damage_healed":0.0,"max_hp_gain":0.0,"max_hp_loss":0.0,"gold_gain":0.0,"cards_transformed":["Strike_G"],"event_name":"Transmorgrifier","player_choice":"Transformed","floor":4.0,"gold_loss":0.0,"damage_taken":0.0,"cards_obtained":["Riddle With Holes"]}],"is_beta":false,"boss_relics":[],"items_purged_floors":[],"is_endless":false,"potions_floor_spawned":[3,5,7],"killed_by":"Slime Boss","ascension_level":20}