{"gold_per_floor":[114,124,50,68,82,114,114,134,134,34,12,46,64,64,64,168,168,179,279,279,279,190,190,203,203,203,213,228,253,267,285,285,382,382,399,417,417,179,195,195,208,222,248,248,248],"floor_reached":45,"playtime":2841,"items_purged":[],"score":601,"play_id":"5f9336b0-0d13-4ce5-b948-154f1e7139c1","local_time":"20180624133924","daily_mods":["Hoarder"],"is_ascension_mode":false,"campfire_choices":[{"data":"Feel No Pain","floor":15.0,"key":"SMITH"},{"data":"Feel No Pain","floor":23.0,"key":"SMITH"},{"data":"Feed","floor":25.0,"key":"SMITH"},{"data":"Demon Form","floor":32.0,"key":"SMITH"},{"floor":40.0,"key":"REST"},{"floor":44,"key":"REST"}],"neow_cost":"","seed_source_timestamp":0,"circlet_count":0,"master_deck":["Strike_R+1","Strike_R+1","Strike_R+1","Strike_R+1","Strike_R+1","Defend_R+1","Defend_R+1","Defend_R+1","Defend_R+1","Bash+1","Inflame+1","Inflame+1","Inflame+1","Flex+1","Flex+1","Flex+1","Flame Barrier+1","Flame Barrier+1","Flame Barrier+1","Feel No Pain+1","Feel No Pain+1","Feel No Pain+1","Shrug It Off+1","Shrug It Off+1","Shrug It Off+1","Warcry+1","Warcry+1","Warcry+1","Battle Trance+1","Battle Trance+1","Battle Trance+1","Bandage Up+1","Bandage Up+1","Bandage Up+1","Sword Boomerang+1","Sword Boomerang+1","Sword Boomerang+1","Clothesline+1","Clothesline+1","Clothesline+1","Feed+1","Feed+1","Feed+1","Uppercut+1","Uppercut+1","Uppercut+1","Injury","Injury","Injury","Flash of Steel+1","Flash of Steel+1","Flash of Steel+1","Feel No Pain+1","Feel No Pain+1","Feel No Pain+1","True Grit+1","True Grit+1","True Grit+1","Battle Trance+1","Battle Trance+1","Battle Trance+1","Iron Wave+1","Iron Wave+1","Iron Wave+1","Demon Form+1","Demon Form+1","Demon Form+1","Offering+1","Offering+1","Offering+1","Dual Wield+1","Dual Wield+1","Dual Wield+1","Shockwave+1","Shockwave+1","Shockwave+1","Heavy Blade+1","Heavy Blade+1","Heavy Blade+1","Headbutt+1","Headbutt+1","Headbutt+1"],"special_seed":49589807274832,"relics":["Burning Blood","Regal Pillow","Anchor","Strawberry","Velvet Choker","The Courier","Bottled Flame","Snecko Eye","Mark of the Bloom","Dead Branch","Lantern"],"potions_floor_usage":[],"damage_taken":[{"damage":6.0,"enemies":"Cultist","floor":1.0,"turns":3.0},{"damage":15.0,"enemies":"Jaw Worm","floor":2.0,"turns":4.0},{"damage":3.0,"enemies":"2 Louse","floor":4.0,"turns":3.0},{"damage":15.0,"enemies":"Lots of Slimes","floor":5.0,"turns":6.0},{"damage":19.0,"enemies":"3 Sentries","floor":6.0,"turns":13.0},{"damage":26.0,"enemies":"Gremlin Gang","floor":8.0,"turns":7.0},{"damage":4.0,"enemies":"Exordium Thugs","floor":11.0,"turns":6.0},{"damage":4.0,"enemies":"Lagavulin","floor":12.0,"turns":8.0},{"damage":3.0,"enemies":"Exordium Wildlife","floor":13.0,"turns":6.0},{"damage":24.0,"enemies":"The Guardian","floor":16.0,"turns":13.0},{"damage":1.0,"enemies":"3 Byrds","floor":18.0,"turns":6.0},{"damage":6.0,"enemies":"Chosen","floor":24.0,"turns":6.0},{"damage":5.0,"enemies":"Snecko","floor":27.0,"turns":7.0},{"damage":6.0,"enemies":"Cultist and Chosen","floor":28.0,"turns":8.0},{"damage":18.0,"enemies":"Book of Stabbing","floor":29.0,"turns":8.0},{"damage":1.0,"enemies":"Centurion and Healer","floor":30.0,"turns":9.0},{"damage":21.0,"enemies":"Snecko","floor":31.0,"turns":7.0},{"damage":49.0,"enemies":"Champ","floor":33.0,"turns":8.0},{"damage":4.0,"enemies":"3 Shapes","floor":35.0,"turns":5.0},{"damage":8.0,"enemies":"Orb Walker","floor":36.0,"turns":4.0},{"damage":4.0,"enemies":"3 Darklings","floor":39.0,"turns":5.0},{"damage":18.0,"enemies":"Maw","floor":41.0,"turns":5.0},{"damage":4,"enemies":"4 Shapes","floor":42,"turns":6},{"damage":0,"enemies":"Sphere and 2 Shapes","floor":45,"turns":2}],"seed_played":"7785412964292425626","potions_obtained":[{"floor":1.0,"key":"FearPotion"},{"floor":2.0,"key":"Strength Potion"},{"floor":11.0,"key":"AttackPotion"},{"floor":16.0,"key":"GamblersBrew"},{"floor":21.0,"key":"LiquidBronze"},{"floor":33.0,"key":"Block Potion"}],"is_trial":true,"path_per_floor":["M","M","$","M","M","E","?","M","T","$","M","E","M","$","R","B",null,"M","?","?","?","$","R","M","R","T","M","M","E","M","M","R","B",null,"M","M","?","$","M","R","M","M","T","R"],"character_chosen":"IRONCLAD","items_purchased":["Flame Barrier","Bandage Up","Flash of Steel","Dead Branch"],"campfire_rested":2,"item_purchase_floors":[],"current_hp_per_floor":[80,71,71,74,65,52,52,32,32,32,46,63,78,78,78,72,87,90,90,90,90,90,90,93,93,93,93,100,103,103,95,95,55,106,110,111,111,111,107,107,89,85,85,85,85],"gold":248,"neow_bonus":"","is_prod":false,"is_daily":false,"chose_seed":false,"campfire_upgraded":4,"win_rate":0,"timestamp":1529840364,"path_taken":["M","?","$","M","M","E","?","M","T","$","M","E","?","$","R","BOSS","M","?","?","?","$","R","M","R","T","M","?","E","M","M","R","BOSS","M","M","?","$","M","R","M","M","T","R","M"],"build_version":"2018-06-21v2","purchased_purges":0,"victory":false,"max_hp_per_floor":[80,80,80,80,80,80,80,80,80,80,80,87,87,87,87,87,87,90,90,90,90,90,90,93,93,93,93,100,103,103,103,103,106,106,110,113,113,113,117,117,117,117,117,117,121],"card_choices":[{"not_picked":["Seeing Red","Hemokinesis"],"picked":"Inflame","floor":1.0},{"not_picked":["Body Slam","Ghostly Armor"],"picked":"Flex","floor":2.0},{"not_picked":["Sever Soul","Heavy Blade"],"picked":"Feel No Pain","floor":4.0},{"not_picked":["Headbutt","Thunderclap"],"picked":"Shrug It Off","floor":5.0},{"not_picked":["Cleave","Brutality"],"picked":"Warcry","floor":6.0},{"not_picked":["Carnage","Whirlwind"],"picked":"Battle Trance","floor":8.0},{"not_picked":["Wild Strike","Clash"],"picked":"Sword Boomerang","floor":11.0},{"not_picked":["Flex","Twin Strike"],"picked":"Clothesline","floor":12.0},{"not_picked":["Rage","Twin Strike","Ghostly Armor"],"picked":"SKIP","floor":13.0},{"not_picked":["Immolate","Reaper"],"picked":"Feed","floor":16.0},{"not_picked":["Anger","Rage"],"picked":"Uppercut","floor":18.0},{"not_picked":["True Grit+1","Battle Trance"],"picked":"Feel No Pain+1","floor":24.0},{"not_picked":["Second Wind","Pommel Strike"],"picked":"True Grit","floor":27.0},{"not_picked":["Clothesline","Bloodletting+1"],"picked":"Battle Trance","floor":28.0},{"not_picked":["Twin Strike","Iron Wave","Armaments"],"picked":"SKIP","floor":29.0},{"not_picked":["Seeing Red","Flex"],"picked":"Iron Wave","floor":30.0},{"not_picked":["Infernal Blade","Pommel Strike"],"picked":"Demon Form","floor":31.0},{"not_picked":["Reaper","Bludgeon"],"picked":"Offering","floor":33.0},{"not_picked":["True Grit","Clothesline"],"picked":"Dual Wield+1","floor":35.0},{"not_picked":["Dual Wield+1","Anger+1"],"picked":"Shockwave","floor":36.0},{"not_picked":["Sword Boomerang+1","Power Through"],"picked":"Heavy Blade+1","floor":39.0},{"not_picked":["Infernal Blade","Cleave"],"picked":"Headbutt+1","floor":41},{"not_picked":["Evolve+1","Armaments+1","Pommel Strike"],"picked":"SKIP","floor":42}],"player_experience":905099,"relics_obtained":[{"floor":6.0,"key":"Regal Pillow"},{"floor":9.0,"key":"Anchor"},{"floor":12.0,"key":"Strawberry"},{"floor":26.0,"key":"The Courier"},{"floor":29.0,"key":"Bottled Flame"},{"floor":43,"key":"Lantern"}],"event_choices":[{"event_name":"Golden Wing","player_choice":"Ignored","floor":7.0,"damage_taken":0.0},{"event_name":"Golden Shrine","player_choice":"Pray","floor":19.0,"damage_taken":0.0},{"event_name":"Accursed Blacksmith","player_choice":"Forge","floor":20.0,"damage_taken":0.0},{"event_name":"The Lab","player_choice":"Got Potions","floor":21.0,"damage_taken":0.0},{"event_name":"MindBloom","player_choice":"Upgrade","floor":37.0,"damage_taken":0.0}],"boss_relics":[{"not_picked":["Calling Bell","Orrery"],"picked":"Velvet Choker"},{"not_picked":["Cursed Key","Sozu"],"picked":"Snecko Eye"}],"items_purged_floors":[],"is_endless":false,"potions_floor_spawned":[1,2,11,13,16,24,27,33,35,42],"killed_by":"Sphere and 2 Shapes","ascension_level":0}