{"path_per_floor":["M","?","M","?","M","R","E","R","T","R","$","R","$","M","R","B",null,"M","?","M","M","M","E","M","E","T","?","R","$","R","M","R","B",null,"M","$","M","M","?","E","?","R","T","R","M","E","M","M","R"],"character_chosen":"IRONCLAD","items_purchased":["Whirlwind","Perfected Strike","Uppercut","Question Card","Flex","Wild Strike","Bottled Lightning"],"gold_per_floor":[119,119,143,143,164,164,202,202,274,274,143,143,72,95,95,215,215,234,234,249,264,289,329,353,394,448,448,448,207,207,232,232,352,352,367,18,42,60,129,163,163,163,163,163,178,209,232,253,253,253],"floor_reached":50,"campfire_rested":2,"playtime":1539,"item_purchase_floors":[11,11,13,29,36,36,36],"current_hp_per_floor":[80,60,60,60,59,59,59,59,59,59,59,59,59,59,59,42,80,70,70,70,70,70,59,59,45,45,45,51,51,57,57,65,47,80,80,80,80,53,37,35,13,47,47,57,55,27,27,27,63,0],"items_purged":[],"gold":253,"score":767,"play_id":"bf1668e1-7186-4250-9b16-69851d721403","local_time":"20180615155804","is_prod":false,"is_daily":false,"chose_seed":true,"is_ascension_mode":false,"campfire_upgraded":9,"win_rate":0,"timestamp":1529071084,"campfire_choices":[{"data":"Bash","floor":6,"key":"SMITH"},{"data":"Uppercut","floor":8,"key":"SMITH"},{"data":"Heavy Blade","floor":10,"key":"SMITH"},{"data":"Perfected Strike","floor":12,"key":"SMITH"},{"data":"Uppercut","floor":15,"key":"SMITH"},{"data":"Whirlwind","floor":28,"key":"SMITH"},{"data":"Bludgeon","floor":30,"key":"SMITH"},{"data":"Perfected Strike","floor":32,"key":"SMITH"},{"floor":42,"key":"REST"},{"data":"Bludgeon","floor":44,"key":"SMITH"},{"floor":49,"key":"REST"}],"path_taken":["M","?","M","?","M","R","E","R","T","R","$","R","$","?","R","BOSS","M","?","M","M","M","E","?","E","T","?","R","$","R","M","R","BOSS","M","$","M","M","?","E","?","R","T","R","M","E","M","M","R","BOSS"],"build_version":"2018-06-14v2","seed_source_timestamp":3250668097550068,"purchased_purges":0,"victory":false,"master_deck":["Strike_R+1","Strike_R+1","Strike_R+1","Strike_R+1","Strike_R+1","Defend_R+1","Defend_R+1","Defend_R+1","Defend_R+1","Bash+1","Heavy Blade+1","Uppercut+1","Whirlwind+1","Perfected Strike+1","Uppercut+1","Corruption","Bludgeon+1","Heavy Blade","Perfected Strike+1","Perfected Strike+1","Bludgeon+1","Wild Strike","Flex","Wild Strike","Perfected Strike+1","Clothesline+1","Perfected Strike+1","Inflame+1","Wild Strike","Wild Strike+1","Wild Strike","Dual Wield+1"],"max_hp_per_floor":[80,80,80,80,80,80,80,80,80,80,80,80,80,80,80,80,80,80,80,80,80,80,80,80,80,80,80,80,80,80,80,80,80,80,80,80,80,80,80,80,80,80,80,80,80,82,82,82,82,82],"special_seed":2389732462638236275,"relics":["Snecko Eye","Golden Idol","War Paint","Mercury Hourglass","Eternal Feather","Red Skull","Peace Pipe","Dream Catcher","Bag of Preparation","Question Card","White Beast Statue","Bottled Lightning","Champion Belt","Ice Cream","Turnip","Juzu Bracelet","Singing Bowl"],"card_choices":[{"not_picked":["Clash","Sword Boomerang","Armaments"],"picked":"SKIP","floor":1},{"not_picked":["Headbutt","Seeing Red"],"picked":"Heavy Blade","floor":3},{"not_picked":["Body Slam","Cleave","Infernal Blade"],"picked":"SKIP","floor":5},{"not_picked":["Pommel Strike","Clothesline"],"picked":"Uppercut","floor":7},{"not_picked":["Warcry","Anger"],"picked":"Corruption","floor":14},{"not_picked":["Offering","Immolate"],"picked":"Bludgeon","floor":16},{"not_picked":["Anger+1","Armaments","Thunderclap+1"],"picked":"SKIP","floor":18},{"not_picked":["Wild Strike","Anger"],"picked":"Heavy Blade","floor":20},{"not_picked":["Anger","Feel No Pain","Sever Soul"],"picked":"SKIP","floor":21},{"not_picked":["Headbutt","Rupture","Flex"],"picked":"SKIP","floor":22},{"not_picked":["Ghostly Armor","Reckless Charge","Burning Pact"],"picked":"SKIP","floor":23},{"not_picked":["Carnage","True Grit"],"picked":"Perfected Strike+1","floor":24},{"not_picked":["Reaper","Combust","Iron Wave"],"picked":"SKIP","floor":25},{"not_picked":["Reckless Charge","Iron Wave","Shrug It Off"],"picked":"Perfected Strike","floor":31},{"not_picked":["Exhume","Double Tap","Immolate"],"picked":"Bludgeon","floor":33},{"not_picked":["Havoc","Iron Wave+1","Entrench"],"picked":"Wild Strike","floor":35},{"not_picked":["Dropkick+1","Flex","Thunderclap+1"],"picked":"Perfected Strike+1","floor":37},{"not_picked":["True Grit","Searing Blow","Battle Trance"],"picked":"Clothesline+1","floor":38},{"not_picked":["Body Slam+1","Warcry+1","Clash","Anger+1"],"picked":"SKIP","floor":40},{"not_picked":["Battle Trance","Wild Strike+1","Warcry"],"picked":"Perfected Strike+1","floor":41},{"not_picked":["Shrug It Off+1","Flex","Cleave"],"picked":"Inflame+1","floor":42},{"not_picked":["Flex+1","Dark Embrace","Headbutt"],"picked":"Wild Strike","floor":45},{"not_picked":["Dark Embrace","Infernal Blade+1","Pummel","Bloodletting+1"],"picked":"Singing Bowl","floor":46},{"not_picked":["Shockwave+1","Ghostly Armor+1","Clothesline"],"picked":"Wild Strike+1","floor":47},{"not_picked":["Flame Barrier+1","Blood for Blood","True Grit"],"picked":"Wild Strike","floor":48},{"not_picked":["Pummel","Whirlwind","Flex"],"picked":"Dual Wield+1","floor":49}],"player_experience":863228,"potions_floor_usage":[7,7,25,41,50,50,50],"damage_taken":[{"damage":0,"enemies":"Small Slimes","floor":1,"turns":3},{"damage":0,"enemies":"2 Louse","floor":3,"turns":2},{"damage":1,"enemies":"Jaw Worm","floor":5,"turns":2},{"damage":0,"enemies":"3 Sentries","floor":7,"turns":6},{"damage":0,"enemies":"Looter","floor":14,"turns":2},{"damage":17,"enemies":"Hexaghost","floor":16,"turns":5},{"damage":10,"enemies":"Chosen","floor":18,"turns":3},{"damage":0,"enemies":"3 Byrds","floor":20,"turns":3},{"damage":0,"enemies":"Sentry and Sphere","floor":21,"turns":3},{"damage":0,"enemies":"Snecko","floor":22,"turns":3},{"damage":11,"enemies":"Slavers","floor":23,"turns":4},{"damage":0,"enemies":"Centurion and Healer","floor":24,"turns":2},{"damage":14,"enemies":"Book of Stabbing","floor":25,"turns":3},{"damage":0,"enemies":"Snake Plant","floor":31,"turns":1},{"damage":18,"enemies":"Automaton","floor":33,"turns":3},{"damage":0,"enemies":"Orb Walker","floor":35,"turns":1},{"damage":0,"enemies":"3 Darklings","floor":37,"turns":3},{"damage":27,"enemies":"Maw","floor":38,"turns":5},{"damage":16,"floor":39,"turns":3},{"damage":2,"enemies":"Giant Head","floor":40,"turns":5},{"damage":22,"floor":41,"turns":4},{"damage":2,"enemies":"4 Shapes","floor":45,"turns":3},{"damage":30,"enemies":"Nemesis","floor":46,"turns":3},{"damage":0,"enemies":"Sphere and 2 Shapes","floor":47,"turns":2},{"damage":0,"enemies":"3 Darklings","floor":48,"turns":2},{"damage":83,"enemies":"Awakened One","floor":50,"turns":5}],"relics_obtained":[{"floor":7,"key":"War Paint"},{"floor":9,"key":"Mercury Hourglass"},{"floor":23,"key":"Red Skull"},{"floor":25,"key":"Peace Pipe"},{"floor":26,"key":"Dream Catcher"},{"floor":39,"key":"Champion Belt"},{"floor":40,"key":"Ice Cream"},{"floor":41,"key":"Turnip"},{"floor":43,"key":"Juzu Bracelet"},{"floor":46,"key":"Singing Bowl"}],"event_choices":[{"event_name":"Golden Idol","player_choice":"Take Damage","floor":2,"damage_taken":0},{"event_name":"The Cleric","player_choice":"Leave","floor":4,"damage_taken":0},{"event_name":"Back to Basics","player_choice":"Simplicity","floor":19,"damage_taken":0},{"event_name":"The Mausoleum","player_choice":"Yes","floor":27,"damage_taken":0},{"event_name":"Mysterious Sphere","player_choice":"Fight","floor":39,"damage_taken":0},{"event_name":"MindBloom","player_choice":"Fight","floor":41,"damage_taken":0}],"boss_relics":[{"not_picked":["Fusion Hammer","Coffee Dripper"],"picked":"Eternal Feather"},{"not_picked":["Runic Pyramid","Pandora\u0027s Box"],"picked":"White Beast Statue"}],"items_purged_floors":[],"is_endless":false,"potions_floor_spawned":[3,5,7,21,22,31,33,35,37,38,39,40,41,45,46,47,48],"seed_played":"-1280847902755511938","killed_by":"Awakened One","ascension_level":0,"potions_obtained":[{"floor":3,"key":"EssenceOfSteel"},{"floor":5,"key":"SteroidPotion"},{"floor":7,"key":"Ancient Potion"},{"floor":21,"key":"SpeedPotion"},{"floor":22,"key":"AttackPotion"},{"floor":31,"key":"SkillPotion"},{"floor":38,"key":"Strength Potion"},{"floor":41,"key":"BloodPotion"}],"is_trial":true}