{"gold_per_floor":[114,94,94,94,113,148,165,165,215,231,231,231,259,7,7,83,83,98,13,13,31,47,47,65,99,99,99,114,143,143,162,162,237,237,253,98,148,36,36,36,36],"floor_reached":41,"playtime":1754,"items_purged":[],"score":765,"play_id":"4c11dc88-59ed-485d-8326-63ce43889f91","local_time":"20180725151353","is_ascension_mode":true,"campfire_choices":[{"data":"Bash","floor":8,"key":"SMITH"},{"data":"Spot Weakness","floor":11,"key":"SMITH"},{"data":"Sword Boomerang","floor":15,"key":"SMITH"},{"floor":23,"key":"REST"},{"floor":27,"key":"REST"},{"floor":30,"key":"REST"},{"floor":32,"key":"REST"},{"floor":40,"key":"REST"}],"neow_cost":"NONE","seed_source_timestamp":92066212135254,"circlet_count":0,"master_deck":["Strike_R","Strike_R","Defend_R","Defend_R","Defend_R","Defend_R","Bash+1","AscendersBane","Clothesline+1","Spot Weakness+1","Shrug It Off","Battle Trance","Parasite","Sword Boomerang+1","Shrug It Off","Headbutt","Offering","Reckless Charge+1","Flex+1","Barricade+1","Ghostly Armor","Warcry","Twin Strike","Offering","Sword Boomerang","Uppercut","Headbutt","True Grit","Armaments","Iron Wave","Double Tap","Iron Wave","Madness","Madness"],"relics":["Burning Blood","Happy Flower","Ancient Tea Set","Bottled Flame","Bag of Preparation","Astrolabe","Oddly Smooth Stone","Paper Frog","Letter Opener","Potion Belt","Orrery","Blood Vial"],"potions_floor_usage":[6,22,25,33,35,35,41],"damage_taken":[{"damage":3,"enemies":"2 Louse","floor":1,"turns":3},{"damage":7,"enemies":"Cultist","floor":5,"turns":4},{"damage":24,"enemies":"Gremlin Nob","floor":6,"turns":5},{"damage":0,"enemies":"Small Slimes","floor":7,"turns":4},{"damage":19,"enemies":"3 Louse","floor":10,"turns":3},{"damage":10,"enemies":"3 Sentries","floor":13,"turns":7},{"damage":28,"enemies":"Slime Boss","floor":16,"turns":7},{"damage":24,"enemies":"2 Thieves","floor":18,"turns":2},{"damage":8,"enemies":"3 Byrds","floor":21,"turns":4},{"damage":22,"enemies":"Sentry and Sphere","floor":22,"turns":5},{"damage":5,"enemies":"Snake Plant","floor":24,"turns":5},{"damage":36,"enemies":"Gremlin Leader","floor":25,"turns":7},{"damage":16,"enemies":"Centurion and Healer","floor":28,"turns":7},{"damage":15,"enemies":"Book of Stabbing","floor":29,"turns":4},{"damage":9,"enemies":"Snecko","floor":31,"turns":4},{"damage":57,"enemies":"Champ","floor":33,"turns":16},{"damage":24,"enemies":"Flame Bruiser 1 Orb","floor":35,"turns":6},{"damage":70,"enemies":"2 Orb Walkers","floor":41,"turns":5}],"seed_played":"5691218970493170947","potions_obtained":[{"floor":2,"key":"Block Potion"},{"floor":10,"key":"PowerPotion"},{"floor":28,"key":"Energy Potion"},{"floor":29,"key":"Dexterity Potion"},{"floor":31,"key":"AttackPotion"},{"floor":33,"key":"BloodPotion"}],"is_trial":false,"path_per_floor":["M","?","?","?","M","E","M","R","T","M","R","?","E","$","R","B",null,"M","?","$","M","M","R","M","E","T","R","M","E","R","M","R","B",null,"M","$","?","$","?","R"],"character_chosen":"IRONCLAD","items_purchased":["Bag of Preparation","Shrug It Off","Headbutt","Blood Vial","Double Tap","Iron Wave"],"campfire_rested":5,"item_purchase_floors":[14,14,14,36,38,38],"current_hp_per_floor":[71,71,76,76,75,57,63,63,63,50,50,70,66,66,66,44,71,53,53,53,51,35,59,60,30,30,54,44,35,59,56,80,29,67,57,57,57,57,43,67,0],"gold":36,"neow_bonus":"THREE_SMALL_POTIONS","is_prod":false,"is_daily":false,"chose_seed":false,"campfire_upgraded":3,"win_rate":0,"timestamp":1532524433,"path_taken":["M","?","?","?","M","E","M","R","T","M","R","?","E","$","R","BOSS","M","?","$","M","?","R","M","E","T","R","M","E","R","M","R","BOSS","M","?","?","$","?","R","E"],"build_version":"2018-07-19v2","purchased_purges":0,"victory":false,"max_hp_per_floor":[75,75,80,80,80,80,80,80,80,80,80,80,80,80,80,80,80,80,80,80,80,80,80,80,80,80,80,80,80,80,80,80,80,80,80,80,80,80,80,80,80],"card_choices":[{"not_picked":["Body Slam","Perfected Strike"],"picked":"Clothesline","floor":1},{"not_picked":["Clash","Offering"],"picked":"Spot Weakness","floor":5},{"not_picked":["Heavy Blade","Perfected Strike"],"picked":"Shrug It Off","floor":6},{"not_picked":["Clash","Flex","Infernal Blade"],"picked":"SKIP","floor":7},{"not_picked":["Headbutt","Warcry"],"picked":"Battle Trance","floor":10},{"not_picked":["Inflame","Havoc"],"picked":"Sword Boomerang","floor":13},{"not_picked":["Dark Embrace","Feed"],"picked":"Offering","floor":16},{"not_picked":["Wild Strike","Perfected Strike"],"picked":"Ghostly Armor","floor":18},{"not_picked":["Pommel Strike+1","Heavy Blade"],"picked":"Warcry","floor":21},{"not_picked":["Wild Strike","Hemokinesis"],"picked":"Twin Strike","floor":22},{"not_picked":["Havoc","Warcry","Wild Strike"],"picked":"SKIP","floor":24},{"not_picked":["Shrug It Off","Twin Strike"],"picked":"Offering","floor":25},{"not_picked":["Clash","Anger"],"picked":"Sword Boomerang","floor":28},{"not_picked":["Headbutt","Hemokinesis"],"picked":"Uppercut","floor":29},{"not_picked":["Bloodletting","Cleave"],"picked":"Headbutt","floor":31},{"not_picked":["Twin Strike","Pommel Strike"],"picked":"True Grit","floor":34},{"not_picked":["Metallicize","Thunderclap"],"picked":"Armaments","floor":34},{"not_picked":["Wild Strike","Ghostly Armor"],"picked":"Iron Wave","floor":34},{"not_picked":["Body Slam","Corruption","Carnage+1"],"picked":"SKIP","floor":35}],"player_experience":1160106,"relics_obtained":[{"floor":6,"key":"Happy Flower"},{"floor":9,"key":"Ancient Tea Set"},{"floor":13,"key":"Bottled Flame"},{"floor":25,"key":"Paper Frog"},{"floor":26,"key":"Letter Opener"},{"floor":29,"key":"Potion Belt"}],"event_choices":[{"event_name":"The Woman in Blue","player_choice":"Bought 1 Potion","floor":2,"damage_taken":0},{"event_name":"Big Fish","player_choice":"Donut","floor":3,"damage_taken":0},{"event_name":"Living Wall","player_choice":"Grow","floor":4,"damage_taken":0},{"event_name":"Mushrooms","player_choice":"Healed and dodged fight","floor":12,"damage_taken":0},{"event_name":"Addict","player_choice":"Obtained Relic","floor":19,"damage_taken":0},{"event_name":"Golden Shrine","player_choice":"Pray","floor":37,"damage_taken":0},{"event_name":"Winding Halls","player_choice":"Embrace Madness","floor":39,"damage_taken":0}],"is_beta":false,"boss_relics":[{"not_picked":["Black Blood","Coffee Dripper"],"picked":"Astrolabe"},{"not_picked":["Tiny House","Runic Pyramid"],"picked":"Orrery"}],"items_purged_floors":[],"is_endless":false,"potions_floor_spawned":[10,13,21,28,29,31,33],"killed_by":"2 Orb Walkers","ascension_level":15}