{"path_per_floor":["M","?","?","T","$","R","M","R","T","M","M","E","M","$","R","B",null,"M","?","$","M","$","E","M","M","T","M","?","R","M","?","R","B",null,"M","M","M","?","?","R"],"character_chosen":"IRONCLAD","items_purchased":["Metallicize","Anchor","Impervious"],"gold_per_floor":[109,109,109,184,109,109,120,120,120,138,158,193,204,131,131,228,228,217,217,68,80,7,36,46,65,147,166,166,166,177,77,77,181,181,197,209,223,223,223,223],"floor_reached":41,"campfire_rested":1,"playtime":3145,"current_hp_per_floor":[80,80,80,80,80,80,80,80,80,80,80,80,80,80,80,67,80,80,80,80,80,80,52,57,62,62,64,64,80,80,80,80,72,94,94,74,60,48,48,48],"items_purged":["Normality"],"gold":223,"score":432,"play_id":"677a758e-f50b-4deb-ba22-f6b0d7488631","is_prod":false,"is_daily":false,"is_ascension_mode":true,"campfire_upgraded":4,"path_taken":["M","?","?","?","$","R","M","R","T","M","?","E","?","?","R","BOSS","M","?","$","M","$","E","M","M","T","M","?","R","M","?","R","BOSS","M","?","M","?","?","R","E"],"build_version":"2018-02-22-PROD2","purchased_purges":2,"victory":false,"master_deck":["Strike_R","Strike_R","Defend_R","Defend_R","Defend_R","Defend_R","Bash","Pommel Strike+1","Flame Barrier","Mind Blast+1","Heavy Blade","Iron Wave","Shrug It Off","Body Slam","Shrug It Off","Metallicize+1","Juggernaut","Demon Form+1","Warcry+1","Double Tap+1","Armaments","Armaments","Impervious","Barricade+1","Seeing Red","Body Slam+1","Writhe","Armaments+1","J.A.X.+1","Limit Break+1","Regret","Pain","Injury","Warcry+1","Seeing Red+1","Shrug It Off+1","Madness+1","Madness+1"],"max_hp_per_floor":[80,80,80,80,80,80,80,80,80,80,80,80,80,80,80,80,80,80,80,80,80,80,80,80,80,80,80,80,80,80,80,80,80,94,94,94,94,94,94,94],"relics":["Burning Blood","Lantern","Regal Pillow","Kunai","Thread and Needle","Gremlin Horn","Astrolabe","Anchor","Bronze Scales","Dodecahedron","Toxic Egg 2","Calling Bell","Toolbox","Mango","Shovel","Paper Frog"],"card_choices":[{"not_picked":["Flex","Headbutt"],"picked":"Pommel Strike"},{"not_picked":["Combust","Anger"],"picked":"Heavy Blade"},{"not_picked":["Heavy Blade","Perfected Strike"],"picked":"Iron Wave"},{"not_picked":["Twin Strike","Seeing Red"],"picked":"Shrug It Off"},{"not_picked":["Berserk","Fiend Fire"],"picked":"Body Slam"},{"not_picked":["Reckless Charge","Thunderclap"],"picked":"Shrug It Off"},{"not_picked":["Brutality","Limit Break"],"picked":"Juggernaut"},{"not_picked":["Second Wind","Warcry"],"picked":"Armaments"},{"not_picked":["True Grit","Thunderclap"],"picked":"Armaments"},{"not_picked":["Flex","Perfected Strike"],"picked":"Barricade"},{"not_picked":["Ghostly Armor","Perfected Strike"],"picked":"Seeing Red"},{"not_picked":["Fire Breathing","Iron Wave"],"picked":"Body Slam"},{"not_picked":["Shockwave","Rupture"],"picked":"Armaments"},{"not_picked":["Dark Embrace","Barricade"],"picked":"Limit Break"},{"not_picked":["Cleave","Iron Wave"],"picked":"Warcry"},{"not_picked":["Twin Strike","Shrug It Off"],"picked":"Seeing Red"},{"not_picked":["Ghostly Armor","Reckless Charge"],"picked":"Shrug It Off"}],"player_experience":123955,"potions_floor_usage":[16,23,23,30,41,41],"damage_taken":[{"damage":6,"enemies":"Cultist","floor":1,"turns":3},{"damage":0,"enemies":"2 Louse","floor":7,"turns":2},{"damage":0,"enemies":"Jaw Worm","floor":10,"turns":2},{"damage":3,"enemies":"Red Slaver","floor":11,"turns":2},{"damage":3,"enemies":"3 Sentries","floor":12,"turns":8},{"damage":6,"enemies":"Exordium Thugs","floor":13,"turns":4},{"damage":19,"enemies":"The Guardian","floor":16,"turns":13},{"damage":3,"enemies":"2 Thieves","floor":18,"turns":4},{"damage":0,"enemies":"3 Byrds","floor":21,"turns":6},{"damage":34,"enemies":"Gremlin Leader","floor":23,"turns":10},{"damage":1,"enemies":"Sentry and Sphere","floor":24,"turns":8},{"damage":1,"enemies":"Snake Plant","floor":25,"turns":3},{"damage":4,"enemies":"Snecko","floor":27,"turns":5},{"damage":0,"enemies":"Slaver and Parasite","floor":30,"turns":5},{"damage":14,"enemies":"Champ","floor":33,"turns":12},{"damage":0,"enemies":"Orb Walker","floor":35,"turns":2},{"damage":26,"enemies":"3 Darklings","floor":36,"turns":8},{"damage":20,"enemies":"4 Shapes","floor":37,"turns":7},{"damage":62,"enemies":"Giant Head","floor":41,"turns":10}],"event_choices":[{"event_name":"Match and Keep!","player_choice":"2 cards matched","floor":2,"damage_taken":0},{"event_name":"Accursed Blacksmith","player_choice":"Rummage","floor":3,"damage_taken":0},{"event_name":"Beggar","player_choice":"Ignored","floor":19,"damage_taken":0},{"event_name":"The Mausoleum","player_choice":"Yes","floor":28,"damage_taken":0},{"event_name":"Drug Dealer","player_choice":"Got JAXXED","floor":31,"damage_taken":0},{"event_name":"Winding Halls","player_choice":"Embrace Madness","floor":38,"damage_taken":0},{"event_name":"Tomb of Lord Red Mask","player_choice":"Ignored","floor":39,"damage_taken":0}],"boss_relics":[{"not_picked":["Runic Dome","Question Card"],"picked":"Astrolabe"},{"not_picked":["Lizard Tail","Tiny House"],"picked":"Calling Bell"}],"potions_floor_spawned":[10,11,16,21,25,33],"seed_played":"-8403820391186791601","killed_by":"Giant Head","ascension_level":1,"is_trial":false}