{"path_per_floor":["M","?","M","$","?","R","E","M","T","M","R","?","M","M","R","B",null,"M","$","?","$","M","R","?","R","T","E","M","R","$","E","R"],"character_chosen":"IRONCLAD","items_purchased":["Flex","Frozen Egg 2","Metallicize"],"gold_per_floor":[113,188,200,177,251,251,278,289,316,329,329,329,345,355,355,459,459,476,137,137,62,77,77,77,77,104,130,144,144,144,169,169],"floor_reached":33,"campfire_rested":2,"playtime":1448,"current_hp_per_floor":[70,59,65,65,65,65,35,40,40,31,52,52,46,47,47,30,72,67,67,73,73,76,76,76,76,76,45,46,46,46,18,41],"items_purged":["Writhe"],"gold":169,"score":283,"play_id":"27a7bcc0-7d63-4ff8-a534-60d48160aa0c","local_time":"20180305201102","is_prod":false,"is_daily":false,"is_ascension_mode":false,"campfire_upgraded":5,"timestamp":1520277062,"path_taken":["M","?","M","$","?","R","E","M","T","M","R","?","M","M","R","BOSS","M","$","?","$","?","R","?","R","T","E","M","R","$","E","R","BOSS"],"build_version":"2018-03-01-PROD1","purchased_purges":2,"victory":false,"master_deck":["Strike_R","Strike_R","Strike_R","Strike_R","Strike_R","Defend_R","Defend_R","Defend_R","Defend_R","Bash+1","Double Tap","Heavy Blade+1","Armaments+1","Flex+1","Double Tap+1","Metallicize+1","Metallicize+1","Cleave+1","Flex+1"],"max_hp_per_floor":[72,72,72,72,72,72,72,72,72,72,72,72,72,72,72,72,72,72,72,78,78,78,78,78,78,78,78,78,78,78,78,78],"relics":["Burning Blood","Darkstone Periapt","Bag of Preparation","Mark of Pain","Frozen Egg 2","Toolbox","Orichalcum","Art of War","Oddly Smooth Stone"],"card_choices":[{"not_picked":["Dark Embrace","Demon Form"],"picked":"Double Tap"},{"not_picked":["Wild Strike","Armaments"],"picked":"Heavy Blade"},{"not_picked":["Clash","Sever Soul"],"picked":"Armaments"},{"not_picked":["Sever Soul","Wild Strike"],"picked":"Double Tap"},{"not_picked":["Armaments","Twin Strike"],"picked":"Metallicize"},{"not_picked":["Pommel Strike","Shockwave"],"picked":"Cleave"},{"not_picked":["Wild Strike","Disarm"],"picked":"Flex"}],"player_experience":220893,"potions_floor_usage":[16,16,16,33,33],"damage_taken":[{"damage":8,"enemies":"Jaw Worm","floor":1,"turns":3},{"damage":0,"enemies":"Small Slimes","floor":3,"turns":3},{"damage":36,"enemies":"Lagavulin","floor":7,"turns":5},{"damage":1,"enemies":"Cultist","floor":8,"turns":3},{"damage":15,"enemies":"3 Louse","floor":10,"turns":3},{"damage":12,"enemies":"Lots of Slimes","floor":13,"turns":6},{"damage":5,"enemies":"Looter","floor":14,"turns":2},{"damage":23,"enemies":"The Guardian","floor":16,"turns":10},{"damage":11,"enemies":"3 Byrds","floor":18,"turns":9},{"damage":3,"enemies":"Shell Parasite","floor":22,"turns":5},{"damage":37,"enemies":"Slavers","floor":27,"turns":8},{"damage":5,"enemies":"Centurion and Healer","floor":28,"turns":6},{"damage":34,"enemies":"Book of Stabbing","floor":31,"turns":6},{"damage":49,"enemies":"Automaton","floor":33,"turns":8}],"event_choices":[{"event_name":"World of Goop","player_choice":"Gather Gold","floor":2,"damage_taken":0},{"event_name":"Golden Wing","player_choice":"Gained Gold","floor":5,"damage_taken":0},{"event_name":"Living Wall","player_choice":"Grow","floor":12,"damage_taken":0},{"event_name":"The Mausoleum","player_choice":"Yes","floor":20,"damage_taken":0},{"event_name":"Vampires","player_choice":"Ignored","floor":24,"damage_taken":0}],"boss_relics":[{"not_picked":["Runic Pyramid","Runic Dome"],"picked":"Mark of Pain"}],"potions_floor_spawned":[3,8,13,18,31],"seed_played":"8881160742919406446","killed_by":"Automaton","ascension_level":0,"is_trial":false}