{"path_per_floor":["M","$","?","M","$","R","E","M","T","E","R","?","E","M","R","B",null,"M","?","?","$","?","R","$","E","T","M","M","?","R","M","R","B",null,"M","?","T","M","M","R","$","E","T","R","?","E","R","M","R","B"],"character_chosen":"IRONCLAD","items_purchased":["Evolve","Metallicize","Shockwave","Inflame","Headbutt","Twin Strike","Inflame"],"gold_per_floor":[112,38,110,123,6,6,39,58,83,118,118,118,151,161,161,265,265,281,281,281,156,156,156,130,165,190,203,218,218,218,236,236,339,339,353,353,379,392,404,404,325,350,374,374,420,449,449,460,460,460],"floor_reached":51,"campfire_rested":0,"playtime":2505,"item_purchase_floors":[],"current_hp_per_floor":[80,80,80,73,73,73,59,65,65,63,63,56,50,55,55,33,80,80,80,80,80,80,80,80,61,61,61,65,65,65,60,60,47,80,75,75,75,74,69,69,69,63,63,63,62,54,54,54,54,42],"items_purged":[],"gold":460,"score":789,"play_id":"f8509ff2-6282-41dd-b326-68c0ead4c2d1","local_time":"20180528165849","is_prod":false,"is_daily":false,"chose_seed":false,"is_ascension_mode":false,"campfire_upgraded":9,"win_rate":0,"timestamp":1527519529,"campfire_choices":[{"data":"Shockwave","floor":6.0,"key":"SMITH"},{"data":"Perfected Strike","floor":11.0,"key":"SMITH"},{"data":"Metallicize","floor":15.0,"key":"SMITH"},{"data":"Inflame","floor":23.0,"key":"SMITH"},{"data":"Heavy Blade","floor":30.0,"key":"SMITH"},{"data":"Spot Weakness","floor":32.0,"key":"SMITH"},{"data":"Whirlwind","floor":40,"key":"SMITH"},{"data":"Inflame","floor":44,"key":"SMITH"},{"data":"Pummel","floor":47,"key":"SMITH"},{"floor":49,"key":"DIG"}],"path_taken":["M","?","?","M","$","R","E","M","T","E","R","?","E","M","R","BOSS","M","?","?","$","?","R","$","E","T","M","?","?","R","M","R","BOSS","M","?","?","M","M","R","$","E","T","R","?","E","R","M","R","BOSS"],"build_version":"2018-05-27","seed_source_timestamp":0,"purchased_purges":0,"victory":true,"master_deck":["Strike_R","Strike_R","Strike_R","Strike_R","Strike_R+1","Defend_R","Defend_R","Defend_R","Defend_R+1","Bash","Wild Strike+1","Evolve","Seeing Red","Metallicize+1","Shockwave+1","Perfected Strike+1","Spot Weakness+1","Impervious","Immolate","Feel No Pain","Shrug It Off+1","Metallicize+1","Inflame+1","Headbutt","Twin Strike","Wild Strike","Heavy Blade+1","True Grit+1","Offering","Whirlwind+1","Trip","Disarm","Pummel+1","Inflame+1","Parasite","Warcry+1","Heavy Blade+1"],"max_hp_per_floor":[80,80,80,80,80,80,80,80,80,80,80,80,80,80,80,80,80,80,80,80,80,80,80,80,80,80,80,80,80,80,80,80,80,80,80,80,80,80,80,80,80,80,80,80,80,80,80,80,80,80],"relics":["Burning Blood","Omamori","Orichalcum","Potion Belt","Shovel","Anchor","Peace Pipe","White Beast Statue","Turnip","Toolbox","Bag of Preparation","Cursed Key","Bronze Scales","Whetstone","Bag of Marbles","Prayer Wheel","War Paint","Ancient Tea Set"],"card_choices":[{"not_picked":["Heavy Blade","Intimidate"],"picked":"Wild Strike","floor":1.0},{"not_picked":["Twin Strike","Heavy Blade"],"picked":"Seeing Red","floor":4.0},{"not_picked":["Sword Boomerang","Clash"],"picked":"Perfected Strike","floor":7.0},{"not_picked":["Cleave","Armaments"],"picked":"Spot Weakness","floor":8.0},{"not_picked":["Heavy Blade","Blood for Blood"],"picked":"Impervious","floor":10.0},{"not_picked":["Rampage","Iron Wave"],"picked":"Immolate","floor":13.0},{"not_picked":["Hemokinesis","Clash"],"picked":"Feel No Pain","floor":14.0},{"not_picked":["Corruption","Evolve"],"picked":"Shrug It Off+1","floor":18.0},{"not_picked":["Clash","Intimidate","Rupture"],"picked":"SKIP","floor":25.0},{"not_picked":["Warcry","Pummel"],"picked":"Wild Strike","floor":27.0},{"not_picked":["Thunderclap","Warcry"],"picked":"Heavy Blade","floor":28.0},{"not_picked":["Heavy Blade","Disarm"],"picked":"True Grit+1","floor":31.0},{"not_picked":["Fiend Fire","Feed"],"picked":"Offering","floor":33.0},{"not_picked":["Pommel Strike","Metallicize"],"picked":"Whirlwind","floor":35.0},{"not_picked":["Transmutation","Sadistic Nature"],"picked":"Trip","floor":36.0},{"not_picked":["Thunderclap","Searing Blow"],"picked":"Disarm","floor":38},{"not_picked":["Reckless Charge","Wild Strike"],"picked":"Pummel","floor":39},{"not_picked":["Wild Strike+1","Searing Blow","Clothesline+1"],"picked":"SKIP","floor":42},{"not_picked":["Flex","Thunderclap"],"picked":"Warcry","floor":46},{"not_picked":["Bloodletting+1","Power Through"],"picked":"Heavy Blade+1","floor":48},{"not_picked":["True Grit","Shrug It Off+1","Heavy Blade"],"picked":"SKIP","floor":48}],"player_experience":791890,"potions_floor_usage":[46,50,50,50],"damage_taken":[{"damage":6.0,"enemies":"Cultist","floor":1.0,"turns":3.0},{"damage":13.0,"enemies":"Jaw Worm","floor":4.0,"turns":3.0},{"damage":20.0,"enemies":"Gremlin Nob","floor":7.0,"turns":5.0},{"damage":0.0,"enemies":"Small Slimes","floor":8.0,"turns":3.0},{"damage":8.0,"enemies":"Lagavulin","floor":10.0,"turns":7.0},{"damage":12.0,"enemies":"3 Sentries","floor":13.0,"turns":6.0},{"damage":1.0,"enemies":"Looter","floor":14.0,"turns":3.0},{"damage":28.0,"enemies":"The Guardian","floor":16.0,"turns":9.0},{"damage":0.0,"enemies":"Shell Parasite","floor":18.0,"turns":4.0},{"damage":25.0,"enemies":"Gremlin Leader","floor":25.0,"turns":8.0},{"damage":6.0,"enemies":"Spheric Guardian","floor":27.0,"turns":4.0},{"damage":2.0,"enemies":"Snake Plant","floor":28.0,"turns":5.0},{"damage":11.0,"enemies":"Slaver and Parasite","floor":31.0,"turns":6.0},{"damage":19.0,"enemies":"Champ","floor":33.0,"turns":15.0},{"damage":11.0,"enemies":"3 Darklings","floor":35.0,"turns":5.0},{"damage":7,"enemies":"3 Shapes","floor":38,"turns":6},{"damage":11,"enemies":"3 Darklings","floor":39,"turns":4},{"damage":12,"enemies":"Nemesis","floor":42,"turns":5},{"damage":7,"enemies":"Mysterious Sphere","floor":45,"turns":5},{"damage":14,"enemies":"Giant Head","floor":46,"turns":7},{"damage":6,"enemies":"Spire Growth","floor":48,"turns":4},{"damage":18,"enemies":"Time Eater","floor":50,"turns":8}],"relics_obtained":[{"floor":7.0,"key":"Orichalcum"},{"floor":9.0,"key":"Potion Belt"},{"floor":10.0,"key":"Shovel"},{"floor":13.0,"key":"Peace Pipe"},{"floor":25.0,"key":"Toolbox"},{"floor":26.0,"key":"Bag of Preparation"},{"floor":37.0,"key":"Bronze Scales"},{"floor":42,"key":"Whetstone"},{"floor":43,"key":"Bag of Marbles"},{"floor":45,"key":"Prayer Wheel"},{"floor":46,"key":"War Paint"},{"floor":49,"key":"Ancient Tea Set"}],"event_choices":[{"event_name":"Golden Wing","player_choice":"Gained Gold","floor":3.0,"damage_taken":0.0},{"event_name":"Scrap Ooze","player_choice":"success","floor":12.0,"damage_taken":7.0},{"event_name":"The Woman in Blue","player_choice":"Bought 0 Potions","floor":19.0,"damage_taken":0.0},{"event_name":"Duplicator","player_choice":"One dupe","floor":20.0,"damage_taken":0.0},{"event_name":"The Mausoleum","player_choice":"Yes","floor":22.0,"damage_taken":0.0},{"event_name":"The Lab","player_choice":"Got Potions","floor":29.0,"damage_taken":0.0},{"event_name":"SensoryStone","player_choice":"Memory 1","floor":36.0,"damage_taken":0.0},{"event_name":"Mysterious Sphere","player_choice":"Fight","floor":45,"damage_taken":0}],"boss_relics":[],"items_purged_floors":[],"potions_floor_spawned":[4,7,8,14,18,25,27,28,31,33,35,38,39,42,45,46,48],"seed_played":"-8015269574359553060","ascension_level":0,"potions_obtained":[{"floor":4.0,"key":"Weak Potion"},{"floor":7.0,"key":"Strength Potion"},{"floor":8.0,"key":"SkillPotion"},{"floor":14.0,"key":"SteroidPotion"},{"floor":18.0,"key":"EssenceOfSteel"},{"floor":25.0,"key":"FairyPotion"},{"floor":28.0,"key":"Ancient Potion"},{"floor":29.0,"key":"FearPotion"},{"floor":33.0,"key":"AttackPotion"},{"floor":35.0,"key":"Swift Potion"},{"floor":38,"key":"SteroidPotion"},{"floor":46,"key":"FairyPotion"}],"is_trial":false}