{"path_per_floor":["M","M","?","M","M","R","M","M","T","$","?","M","E","?","R","B",null,"M","?","M","M","$","E","R","?","T","?","M","M","M","M","R","B",null,"M","$","M","?","M","R","E","R","T","?","?","T","?","E","R","B"],"character_chosen":"IRONCLAD","items_purchased":["Strange Spoon","Flex","Juzu Bracelet","Corruption"],"gold_per_floor":[111,122,122,142,162,162,180,195,195,0,0,12,75,75,75,173,173,184,184,196,215,33,64,64,64,90,90,101,114,132,144,144,248,248,258,107,120,120,134,134,162,162,162,162,162,187,187,222,222,222],"floor_reached":51,"campfire_rested":4,"playtime":1479,"item_purchase_floors":[10,22,22,36],"current_hp_per_floor":[80,80,80,80,78,78,80,80,80,80,80,78,66,66,66,16,80,80,80,76,62,62,60,60,60,60,60,51,53,50,52,86,13,86,70,70,39,39,35,75,37,77,77,77,77,77,77,52,89,21],"items_purged":["Normality"],"gold":222,"score":779,"play_id":"5972652a-3975-4c77-9056-dee99891d2f9","local_time":"20180520150308","is_prod":false,"is_daily":false,"chose_seed":false,"is_ascension_mode":false,"campfire_upgraded":3,"timestamp":1526821388,"campfire_choices":[{"data":"Bash","floor":6,"key":"SMITH"},{"data":"Flex","floor":15,"key":"SMITH"},{"data":"Whirlwind","floor":24,"key":"SMITH"},{"floor":32,"key":"REST"},{"floor":40,"key":"REST"},{"floor":42,"key":"REST"},{"floor":49,"key":"REST"}],"path_taken":["M","M","?","?","M","R","?","M","T","$","?","M","E","?","R","BOSS","M","?","M","M","$","E","R","?","T","?","M","M","M","M","R","BOSS","M","$","M","?","M","R","E","R","T","?","?","?","?","E","R","BOSS"],"build_version":"2018-05-18","seed_source_timestamp":1001051314535799,"purchased_purges":1,"victory":true,"master_deck":["Strike_R","Strike_R+1","Strike_R","Strike_R+1","Bash+1","Perfected Strike+1","Cleave","Headbutt","Offering","Whirlwind+1","Flex+1","Impervious+1","Flex+1","Feed","Limit Break","Headbutt","Power Through+1","Rampage+1","Spot Weakness+1","Corruption","Heavy Blade","Jack Of All Trades","Injury","Decay"],"max_hp_per_floor":[80,80,80,80,80,80,80,80,80,80,80,80,80,80,80,80,80,80,80,80,80,80,80,80,80,80,80,83,83,86,86,86,86,86,86,86,86,86,86,86,86,86,86,86,86,86,86,89,89,89],"relics":["Burning Blood","Pen Nib","Strange Spoon","Tiny Chest","Cursed Key","Juzu Bracelet","Nloth\u0027s Gift","Regal Pillow","Astrolabe","Dodecahedron","Smiling Mask","Whetstone","Bronze Scales"],"card_choices":[{"not_picked":["Pommel Strike","Rupture"],"picked":"Perfected Strike","floor":1},{"not_picked":["Battle Trance","Clash"],"picked":"Cleave","floor":2},{"not_picked":["Clash","Burning Pact"],"picked":"Headbutt","floor":4},{"not_picked":["Sword Boomerang","Wild Strike"],"picked":"Offering","floor":5},{"not_picked":["Pommel Strike","Heavy Blade","Sword Boomerang"],"picked":"SKIP","floor":7},{"not_picked":["Thunderclap","Shrug It Off"],"picked":"Whirlwind","floor":8},{"not_picked":["Shockwave","Whirlwind"],"picked":"Flex","floor":12},{"not_picked":["Wild Strike","Perfected Strike","Immolate"],"picked":"SKIP","floor":13},{"not_picked":["Barricade","Immolate"],"picked":"Impervious","floor":16},{"not_picked":["Wild Strike","Thunderclap","Reckless Charge+1"],"picked":"SKIP","floor":18},{"not_picked":["Armaments","Blood for Blood","Anger"],"picked":"SKIP","floor":20},{"not_picked":["Ghostly Armor","Warcry","Thunderclap"],"picked":"SKIP","floor":21},{"not_picked":["Body Slam","Bloodletting+1"],"picked":"Feed","floor":23},{"not_picked":["Blood for Blood","Metallicize","Carnage"],"picked":"SKIP","floor":28},{"not_picked":["Fiend Fire","Sword Boomerang","Thunderclap"],"picked":"SKIP","floor":29},{"not_picked":["Cleave","Bludgeon"],"picked":"Headbutt","floor":30},{"not_picked":["Clash","Heavy Blade+1","Havoc"],"picked":"SKIP","floor":31},{"not_picked":["Wild Strike+1","Headbutt"],"picked":"Spot Weakness+1","floor":35},{"not_picked":["Hemokinesis+1","Twin Strike"],"picked":"Heavy Blade","floor":37},{"not_picked":["Flash of Steel","Blind"],"picked":"Jack Of All Trades","floor":38},{"not_picked":["Power Through","Perfected Strike+1","Immolate"],"picked":"SKIP","floor":39},{"not_picked":["Rage","Cleave","Iron Wave"],"picked":"SKIP","floor":41},{"not_picked":["Wild Strike+1","Fiend Fire","Anger"],"picked":"SKIP","floor":48}],"player_experience":750169,"potions_floor_usage":[13,16,16,33,35,35,39],"damage_taken":[{"damage":6,"enemies":"Jaw Worm","floor":1,"turns":3},{"damage":6,"enemies":"Cultist","floor":2,"turns":3},{"damage":0,"enemies":"Small Slimes","floor":4,"turns":2},{"damage":8,"enemies":"Red Slaver","floor":5,"turns":4},{"damage":4,"enemies":"Lots of Slimes","floor":7,"turns":1},{"damage":0,"enemies":"2 Fungi Beasts","floor":8,"turns":2},{"damage":8,"enemies":"Red Slaver","floor":12,"turns":2},{"damage":18,"enemies":"Lagavulin","floor":13,"turns":4},{"damage":56,"enemies":"Hexaghost","floor":16,"turns":5},{"damage":4,"enemies":"Spheric Guardian","floor":18,"turns":3},{"damage":10,"enemies":"2 Thieves","floor":20,"turns":2},{"damage":20,"enemies":"Slaver and Parasite","floor":21,"turns":3},{"damage":8,"enemies":"Gremlin Leader","floor":23,"turns":5},{"damage":18,"enemies":"Snecko","floor":28,"turns":4},{"damage":4,"enemies":"Snake Plant","floor":29,"turns":1},{"damage":12,"enemies":"Centurion and Healer","floor":30,"turns":4},{"damage":4,"enemies":"3 Cultists","floor":31,"turns":1},{"damage":79,"enemies":"Automaton","floor":33,"turns":7},{"damage":22,"enemies":"3 Darklings","floor":35,"turns":3},{"damage":37,"enemies":"Flame Bruiser 1 Orb","floor":37,"turns":4},{"damage":18,"enemies":"4 Shapes","floor":39,"turns":4},{"damage":44,"enemies":"Nemesis","floor":41,"turns":5},{"damage":34,"enemies":"Giant Head","floor":48,"turns":6},{"damage":74,"enemies":"Time Eater","floor":50,"turns":8}],"relics_obtained":[{"floor":9,"key":"Pen Nib"},{"floor":13,"key":"Tiny Chest"},{"floor":23,"key":"War Paint"},{"floor":26,"key":"Regal Pillow"},{"floor":41,"key":"Dodecahedron"},{"floor":43,"key":"Smiling Mask"},{"floor":46,"key":"Whetstone"},{"floor":48,"key":"Bronze Scales"}],"event_choices":[{"event_name":"Upgrade Shrine","player_choice":"Upgraded","floor":3,"damage_taken":0},{"event_name":"Match and Keep!","player_choice":"0 cards matched","floor":11,"damage_taken":0},{"event_name":"Bonfire Elementals","player_choice":"BASIC","floor":14,"damage_taken":0},{"event_name":"Vampires","player_choice":"Ignored","floor":19,"damage_taken":0},{"event_name":"N\u0027loth","player_choice":"Traded a War Paint","floor":25,"damage_taken":0},{"event_name":"The Library","player_choice":"Read","floor":27,"damage_taken":0},{"event_name":"SensoryStone","player_choice":"Memory 1","floor":38,"damage_taken":0},{"event_name":"Mysterious Sphere","player_choice":"Ignore","floor":44,"damage_taken":0},{"event_name":"Tomb of Lord Red Mask","player_choice":"Ignored","floor":45,"damage_taken":0}],"boss_relics":[{"not_picked":["Runic Cube","Runic Pyramid"],"picked":"Cursed Key"},{"not_picked":["Eternal Feather","White Beast Statue"],"picked":"Astrolabe"}],"items_purged_floors":[36],"potions_floor_spawned":[2,5,7,12,20,29,30,33,41],"seed_played":"-3741248744320027637","ascension_level":0,"potions_obtained":[{"floor":2,"key":"Poison Potion"},{"floor":5,"key":"Poison Potion"},{"floor":7,"key":"Block Potion"},{"floor":20,"key":"Explosive Potion"},{"floor":29,"key":"BloodPotion"},{"floor":30,"key":"Ancient Potion"},{"floor":33,"key":"FearPotion"},{"floor":41,"key":"BloodPotion"}],"is_trial":false}