{"gold_per_floor":[211,222,222,222,54,89,101,154,166,178,215,241,253,278,290,400,412,444,506,539,551,563,609,69,69,94,94,10,43,59,6,6,100,100,125,75,0,16,16,16,52,52,79,98,98,131,131,152,152,152,152],"floor_reached":51,"playtime":2005,"items_purged":["Injury"],"score":1473,"play_id":"48d3a823-e794-4134-b847-396f10708207","local_time":"20181115151217","is_ascension_mode":true,"campfire_choices":[{"data":"Uppercut","floor":7.0,"key":"SMITH"},{"floor":10.0,"key":"REST"},{"data":"Spot Weakness","floor":13.0,"key":"SMITH"},{"data":"Pummel","floor":15.0,"key":"SMITH"},{"floor":25.0,"key":"REST"},{"floor":27.0,"key":"REST"},{"floor":32.0,"key":"REST"},{"floor":40.0,"key":"REST"},{"floor":42.0,"key":"REST"},{"floor":47.0,"key":"REST"},{"floor":49.0,"key":"REST"}],"neow_cost":"NONE","seed_source_timestamp":0,"circlet_count":0,"master_deck":["AscendersBane","Strike_R","Strike_R","Strike_R","Strike_R","Strike_R","Defend_R","Defend_R","Defend_R+1","Defend_R","Bash","Feel No Pain","Spot Weakness+1","Pommel Strike","Pummel+1","Uppercut+1","Battle Trance+1","Infernal Blade+1","Dark Embrace+1","Headbutt","Corruption","Seeing Red+1","Metallicize","Fiend Fire","Shockwave","Exhume","Impervious","Body Slam","Entrench","True Grit+1","Second Wind+1","Corruption"],"special_seed":0,"relics":["Burning Blood","Unceasing Top","Golden Idol","MawBank","Self Forming Clay","Singing Bowl","Fusion Hammer","Orichalcum","Mummified Hand","Potion Belt","War Paint","Runic Cube","Dodecahedron","Red Skull","Toxic Egg 2"],"potions_floor_usage":[],"damage_taken":[{"damage":12.0,"enemies":"Cultist","floor":1.0,"turns":4.0},{"damage":8.0,"enemies":"2 Louse","floor":2.0,"turns":3.0},{"damage":33.0,"enemies":"Gremlin Nob","floor":6.0,"turns":4.0},{"damage":23.0,"enemies":"3 Sentries","floor":8.0,"turns":7.0},{"damage":9.0,"enemies":"Jaw Worm","floor":11.0,"turns":3.0},{"damage":6.0,"enemies":"3 Louse","floor":12.0,"turns":4.0},{"damage":4.0,"enemies":"Large Slime","floor":14.0,"turns":5.0},{"damage":27.0,"enemies":"Hexaghost","floor":16.0,"turns":7.0},{"damage":18.0,"enemies":"Chosen","floor":18.0,"turns":7.0},{"damage":6.0,"enemies":"3 Byrds","floor":20.0,"turns":4.0},{"damage":32.0,"enemies":"Gremlin Leader","floor":23.0,"turns":5.0},{"damage":6.0,"enemies":"Slavers","floor":29.0,"turns":4.0},{"damage":4.0,"enemies":"Centurion and Healer","floor":30.0,"turns":4.0},{"damage":13.0,"enemies":"Champ","floor":33.0,"turns":8.0},{"damage":32.0,"enemies":"3 Darklings","floor":35.0,"turns":3.0},{"damage":8.0,"enemies":"Orb Walker","floor":38.0,"turns":2.0},{"damage":26.0,"enemies":"Reptomancer","floor":41.0,"turns":7.0},{"damage":4.0,"enemies":"Spire Growth","floor":44.0,"turns":3.0},{"damage":17.0,"enemies":"Giant Head","floor":46.0,"turns":6.0},{"damage":27.0,"enemies":"Transient","floor":48.0,"turns":6.0},{"damage":29.0,"enemies":"Donu and Deca","floor":50.0,"turns":6.0},{"damage":66,"enemies":"Awakened One","floor":51,"turns":3}],"seed_played":"6953101179688434966","potions_obtained":[{"floor":8.0,"key":"Fire Potion"},{"floor":11.0,"key":"Swift Potion"},{"floor":14.0,"key":"Fire Potion"},{"floor":23.0,"key":"Weak Potion"},{"floor":29.0,"key":"FearPotion"},{"floor":30.0,"key":"Weak Potion"},{"floor":35.0,"key":"AttackPotion"},{"floor":46.0,"key":"Poison Potion"}],"is_trial":false,"path_per_floor":["M","M","T","?","$","E","R","E","T","R","M","M","R","M","R","B",null,"M","?","M","?","?","E","$","R","T","R","$","E","M","$","R","B",null,"M","?","$","M","$","R","E","R","T","M","?","E","R","M","R","B","B"],"character_chosen":"IRONCLAD","items_purchased":["Pommel Strike","Pummel","Mummified Hand","Feed","Metallicize","PowerPotion","Fiend Fire","PowerPotion","Entrench"],"campfire_rested":8,"item_purchase_floors":[5,5,24,24,24,24,28,31,37],"current_hp_per_floor":[62,60,60,60,60,33,33,16,16,38,35,37,37,39,39,18,62,50,50,52,52,52,26,26,49,49,72,72,75,80,80,85,78,83,57,57,57,55,55,80,62,87,87,89,89,78,89,68,89,66,0],"gold":152,"neow_bonus":"HUNDRED_GOLD","is_prod":false,"is_daily":false,"chose_seed":false,"campfire_upgraded":3,"win_rate":0,"timestamp":1542291137,"path_taken":["M","M","?","?","$","E","R","E","T","R","M","?","R","M","R","BOSS","M","?","M","?","?","E","$","R","T","R","$","E","?","?","R","BOSS","M","?","$","M","$","R","E","R","T","?","?","E","R","M","R","BOSS","BOSS"],"build_version":"2018-11-08","purchased_purges":1,"victory":false,"max_hp_per_floor":[75,75,75,75,75,75,75,75,75,75,75,77,77,77,77,77,77,77,77,79,79,79,79,79,79,79,79,79,82,85,85,85,85,85,85,85,85,85,85,85,87,87,87,89,89,89,89,89,89,89,89],"card_choices":[{"not_picked":["Sword Boomerang","Havoc"],"picked":"Feel No Pain","floor":1.0},{"not_picked":["Clash","Shrug It Off"],"picked":"Spot Weakness","floor":2.0},{"not_picked":["Shockwave","Body Slam"],"picked":"Uppercut","floor":6.0},{"not_picked":["Rupture","Searing Blow","Anger"],"picked":"SKIP","floor":8.0},{"not_picked":["Clothesline","Shockwave"],"picked":"Battle Trance","floor":11.0},{"not_picked":["Flex","Body Slam","Iron Wave"],"picked":"Singing Bowl","floor":12.0},{"not_picked":["Bloodletting","Fire Breathing"],"picked":"Infernal Blade","floor":14.0},{"not_picked":["Bludgeon","Brutality"],"picked":"Dark Embrace","floor":16.0},{"not_picked":["Blood for Blood","Flex"],"picked":"Headbutt","floor":18.0},{"not_picked":["Body Slam","Clash","Thunderclap"],"picked":"Singing Bowl","floor":20.0},{"not_picked":["Clothesline","Inflame"],"picked":"Seeing Red+1","floor":23.0},{"not_picked":["Clothesline+1","Metallicize"],"picked":"Shockwave","floor":29.0},{"not_picked":["Clash","Dropkick"],"picked":"Exhume","floor":30.0},{"not_picked":["Brutality","Double Tap"],"picked":"Impervious","floor":33.0},{"not_picked":["Uppercut","Pummel"],"picked":"Body Slam","floor":35.0},{"not_picked":["Wild Strike+1","Rampage"],"picked":"True Grit+1","floor":38.0},{"not_picked":["Wild Strike","Rampage","Iron Wave+1"],"picked":"Singing Bowl","floor":41.0},{"not_picked":["Rampage","Pommel Strike+1","Cleave+1"],"picked":"Singing Bowl","floor":44.0},{"not_picked":["Flex+1","Rage+1"],"picked":"Second Wind","floor":46.0},{"not_picked":["Rupture","Intimidate+1"],"picked":"Corruption","floor":48.0}],"player_experience":1708476,"relics_obtained":[{"floor":3.0,"key":"Unceasing Top"},{"floor":6.0,"key":"MawBank"},{"floor":8.0,"key":"Self Forming Clay"},{"floor":9.0,"key":"Singing Bowl"},{"floor":23.0,"key":"Orichalcum"},{"floor":26.0,"key":"Potion Belt"},{"floor":29.0,"key":"War Paint"},{"floor":41.0,"key":"Dodecahedron"},{"floor":43.0,"key":"Red Skull"},{"floor":46.0,"key":"Toxic Egg 2"}],"event_choices":[{"damage_healed":0.0,"max_hp_gain":0.0,"max_hp_loss":0.0,"gold_gain":0.0,"event_name":"Golden Idol","player_choice":"Take Wound","floor":4.0,"gold_loss":0.0,"damage_taken":0.0,"relics_obtained":["Golden Idol"],"cards_obtained":["Injury"]},{"damage_healed":0.0,"max_hp_gain":0.0,"max_hp_loss":0.0,"gold_gain":50.0,"event_name":"Nest","player_choice":"Stole From Cult","floor":19.0,"gold_loss":0.0,"damage_taken":0.0},{"damage_healed":0.0,"max_hp_gain":0.0,"max_hp_loss":0.0,"gold_gain":0.0,"event_name":"The Mausoleum","player_choice":"Ignored","floor":21.0,"gold_loss":0.0,"damage_taken":0.0},{"damage_healed":0.0,"max_hp_gain":0.0,"max_hp_loss":0.0,"gold_gain":0.0,"event_name":"The Library","player_choice":"Read","floor":22.0,"gold_loss":0.0,"damage_taken":0.0,"cards_obtained":["Corruption"]},{"damage_healed":0.0,"max_hp_gain":0.0,"max_hp_loss":0.0,"gold_gain":0.0,"event_name":"Designer","player_choice":"Upgraded Two","floor":36.0,"gold_loss":50.0,"damage_taken":0.0,"cards_upgraded":["Defend_R","Dark Embrace"]},{"cards_removed":["Feed"],"damage_healed":0.0,"max_hp_gain":0.0,"max_hp_loss":0.0,"gold_gain":0.0,"event_name":"Falling","player_choice":"Removed Attack","floor":45.0,"gold_loss":0.0,"damage_taken":0.0}],"is_beta":false,"boss_relics":[{"not_picked":["Coffee Dripper","Philosopher\u0027s Stone"],"picked":"Fusion Hammer"},{"not_picked":["Eternal Feather","Black Star"],"picked":"Runic Cube"}],"items_purged_floors":[5],"is_endless":false,"potions_floor_spawned":[8,11,12,14,16,23,29,30,35,46],"killed_by":"Awakened One","ascension_level":20}