{"path_per_floor":["M","?","?","M","?","R","M","E","T","R","M","?","R","M","R","B",null,"M","?","$","?","M"],"character_chosen":"IRONCLAD","items_purchased":["Toxic Egg 2","Shrug It Off"],"gold_per_floor":[119,119,119,129,129,129,145,170,170,170,181,181,181,202,202,295,333,348,348,63,63,79,79],"floor_reached":23,"campfire_rested":1,"playtime":634,"item_purchase_floors":[20,20],"current_hp_per_floor":[68,48,30,36,36,56,62,46,46,46,45,45,45,45,45,26,64,59,59,59,59,49,0],"items_purged":[],"gold":79,"score":331,"play_id":"2cd1339e-db25-4498-9414-8af7db4316d1","local_time":"20180530145455","is_prod":false,"is_daily":false,"chose_seed":false,"is_ascension_mode":true,"campfire_upgraded":3,"win_rate":0,"timestamp":1527684895,"campfire_choices":[{"floor":6,"key":"REST"},{"data":"Spot Weakness","floor":10,"key":"SMITH"},{"data":"Whirlwind","floor":13,"key":"SMITH"},{"data":"Heavy Blade","floor":15,"key":"SMITH"}],"path_taken":["M","?","?","M","?","R","M","E","T","R","M","?","R","M","R","BOSS","M","?","?","?","M","E"],"build_version":"2018-05-29","seed_source_timestamp":1865403879531252,"purchased_purges":0,"victory":false,"master_deck":["Strike_R","Strike_R","Strike_R+1","Strike_R+1","Defend_R+1","Defend_R","Defend_R","Defend_R","Bash","AscendersBane","Headbutt","Spot Weakness+1","Clash","Cleave","Disarm","Whirlwind+1","Injury","Heavy Blade+1","Flame Barrier","Shrug It Off","Shrug It Off+1","Armaments+1"],"max_hp_per_floor":[68,68,68,68,68,68,68,68,68,68,68,68,68,68,68,70,75,75,75,75,75,75,75],"relics":["Burning Blood","Du-Vu Doll","Singing Bowl","Turnip","Ornamental Fan","Golden Idol","Tiny House","Toxic Egg 2"],"card_choices":[{"not_picked":["Dropkick","Rage"],"picked":"Headbutt","floor":1},{"not_picked":["Iron Wave","Pummel"],"picked":"Spot Weakness","floor":4},{"not_picked":["Perfected Strike","Carnage"],"picked":"Cleave","floor":7},{"not_picked":["Twin Strike","Flex"],"picked":"Disarm","floor":8},{"not_picked":["Brutality","Heavy Blade"],"picked":"Whirlwind","floor":11},{"not_picked":["Twin Strike","Cleave"],"picked":"Heavy Blade","floor":14},{"not_picked":["Immolate","Barricade","Juggernaut"],"picked":"Singing Bowl","floor":16},{"not_picked":["Bloodletting","Pommel Strike"],"picked":"Flame Barrier","floor":17},{"not_picked":["Warcry","Spot Weakness"],"picked":"Shrug It Off","floor":18},{"not_picked":["Seeing Red+1","Dropkick"],"picked":"Armaments+1","floor":22}],"player_experience":807459,"potions_floor_usage":[16,16,16,23,23],"damage_taken":[{"damage":5,"enemies":"Cultist","floor":1,"turns":4},{"damage":0,"enemies":"Small Slimes","floor":4,"turns":2},{"damage":0,"enemies":"2 Louse","floor":7,"turns":2},{"damage":22,"enemies":"3 Sentries","floor":8,"turns":8},{"damage":7,"enemies":"Blue Slaver","floor":11,"turns":4},{"damage":6,"enemies":"Exordium Thugs","floor":14,"turns":3},{"damage":27,"enemies":"Slime Boss","floor":16,"turns":5},{"damage":11,"enemies":"Spheric Guardian","floor":18,"turns":3},{"damage":16,"enemies":"Shell Parasite","floor":22,"turns":6},{"damage":51,"enemies":"Book of Stabbing","floor":23,"turns":8}],"relics_obtained":[{"floor":8,"key":"Turnip"},{"floor":9,"key":"Ornamental Fan"}],"event_choices":[{"event_name":"Shining Light","player_choice":"Entered Light","floor":2,"damage_taken":0},{"event_name":"Scrap Ooze","player_choice":"success","floor":3,"damage_taken":18},{"event_name":"Transmorgrifier","player_choice":"Transform","floor":5,"damage_taken":0},{"event_name":"Golden Idol","player_choice":"Take Wound","floor":12,"damage_taken":0},{"event_name":"Beggar","player_choice":"Ignored","floor":19,"damage_taken":0},{"event_name":"Vampires","player_choice":"Ignored","floor":21,"damage_taken":0}],"boss_relics":[{"not_picked":["Black Star","White Beast Statue"],"picked":"Tiny House"}],"items_purged_floors":[],"potions_floor_spawned":[1,11,14,22],"seed_played":"7794727372124425970","killed_by":"Book of Stabbing","ascension_level":15,"potions_obtained":[{"floor":1,"key":"SteroidPotion"},{"floor":11,"key":"SpeedPotion"},{"floor":14,"key":"SteroidPotion"},{"floor":17,"key":"Weak Potion"},{"floor":22,"key":"PowerPotion"}],"is_trial":false}