{"gold_per_floor":[116,116,116,116,139,139,180,194,194,225,246,277,300,33,33,159,159,174,187,20,20],"floor_reached":21,"playtime":3674,"items_purged":[],"score":219,"play_id":"a6276846-3912-444c-a44f-a4207865d9fc","local_time":"20190129001311","is_ascension_mode":true,"campfire_choices":[{"data":"Bash","floor":6,"key":"SMITH"},{"floor":15,"key":"REST"}],"neow_cost":"CURSE","seed_source_timestamp":24021449793660,"circlet_count":0,"master_deck":["Strike_R","Strike_R","Strike_R","Strike_R","Strike_R","Defend_R","Defend_R","Defend_R","Defend_R","Bash+1","Injury","Anger","Reckless Charge","Dropkick","Pummel","Headbutt","Twin Strike","Flame Barrier","Metamorphosis","Swift Strike","Dark Embrace","Perfected Strike","Clash","Iron Wave","Shrug It Off","Dark Shackles"],"relics":["Burning Blood","Thread and Needle","Sundial","Golden Idol","Boot","Bottled Lightning","Bag of Marbles","Happy Flower","Philosopher\u0027s Stone"],"potions_floor_usage":[13,13],"damage_taken":[{"damage":4,"enemies":"2 Louse","floor":1,"turns":4},{"damage":6,"enemies":"Cultist","floor":5,"turns":4},{"damage":25,"enemies":"Lagavulin","floor":7,"turns":6},{"damage":0,"enemies":"Jaw Worm","floor":8,"turns":3},{"damage":13,"enemies":"Gremlin Nob","floor":10,"turns":4},{"damage":2,"enemies":"3 Louse","floor":11,"turns":3},{"damage":24,"enemies":"Lagavulin","floor":12,"turns":4},{"damage":2,"enemies":"Exordium Thugs","floor":13,"turns":3},{"damage":31,"enemies":"Hexaghost","floor":16,"turns":7},{"damage":20,"enemies":"Spheric Guardian","floor":18,"turns":4},{"damage":16,"enemies":"Shell Parasite","floor":19,"turns":4},{"damage":66,"enemies":"Masked Bandits","floor":21,"turns":3}],"seed_played":"-2614268898303530543","potions_obtained":[{"floor":1,"key":"BloodPotion"},{"floor":7,"key":"Swift Potion"},{"floor":12,"key":"Strength Potion"},{"floor":16,"key":"Fire Potion"}],"is_trial":false,"path_per_floor":["M","?","?","?","M","R","E","M","T","E","M","E","M","$","R","B",null,"M","M","$","?"],"character_chosen":"IRONCLAD","items_purchased":["Metamorphosis","Swift Strike","Iron Wave","Shrug It Off","Dark Shackles"],"campfire_rested":1,"item_purchase_floors":[14,14,20,20,20],"current_hp_per_floor":[80,73,53,53,53,53,34,40,40,33,37,19,23,23,47,22,80,66,56,56,0],"gold":20,"neow_bonus":"ONE_RARE_RELIC","is_prod":false,"is_daily":false,"chose_seed":false,"campfire_upgraded":1,"win_rate":0,"timestamp":1548717191,"path_taken":["M","?","?","?","M","R","E","M","T","E","M","E","M","$","R","BOSS","M","M","?","?"],"build_version":"2019-01-23","purchased_purges":0,"victory":false,"max_hp_per_floor":[80,80,80,80,80,80,80,80,80,80,80,80,80,80,80,80,80,80,80,80,80],"card_choices":[{"not_picked":["Thunderclap","Wild Strike"],"picked":"Anger","floor":1},{"not_picked":["True Grit","Perfected Strike"],"picked":"Reckless Charge","floor":5},{"not_picked":["Limit Break","Thunderclap"],"picked":"Dropkick","floor":7},{"not_picked":["Clothesline","Infernal Blade"],"picked":"Pummel","floor":8},{"not_picked":["Body Slam","Offering"],"picked":"Headbutt","floor":10},{"not_picked":["Searing Blow","Ghostly Armor"],"picked":"Twin Strike","floor":11},{"not_picked":["Carnage","Heavy Blade"],"picked":"Flame Barrier","floor":12},{"not_picked":["Second Wind","Heavy Blade","Armaments"],"picked":"SKIP","floor":13},{"not_picked":["Brutality","Limit Break"],"picked":"Dark Embrace","floor":16},{"not_picked":["Clothesline","Rupture"],"picked":"Perfected Strike","floor":18},{"not_picked":["Iron Wave","Rupture"],"picked":"Clash","floor":19}],"player_experience":28242,"relics_obtained":[{"floor":7,"key":"Boot"},{"floor":9,"key":"Bottled Lightning"},{"floor":10,"key":"Bag of Marbles"},{"floor":12,"key":"Happy Flower"}],"event_choices":[{"damage_healed":0,"gold_gain":0,"player_choice":"Success","damage_taken":7,"relics_obtained":["Sundial"],"max_hp_gain":0,"max_hp_loss":0,"event_name":"Scrap Ooze","floor":2,"gold_loss":0},{"damage_healed":0,"gold_gain":0,"player_choice":"Take Damage","damage_taken":20,"relics_obtained":["Golden Idol"],"max_hp_gain":0,"max_hp_loss":0,"event_name":"Golden Idol","floor":3,"gold_loss":0},{"damage_healed":0,"gold_gain":0,"player_choice":"Bought 0 Potions","damage_taken":0,"max_hp_gain":0,"max_hp_loss":0,"event_name":"The Woman in Blue","floor":4,"gold_loss":0},{"damage_healed":0,"gold_gain":0,"player_choice":"Fought Bandits","damage_taken":0,"max_hp_gain":0,"max_hp_loss":0,"event_name":"Masked Bandits","floor":21,"gold_loss":0}],"is_beta":false,"boss_relics":[{"not_picked":["Runic Dome","Ectoplasm"],"picked":"Philosopher\u0027s Stone"}],"items_purged_floors":[],"is_endless":false,"potions_floor_spawned":[1,7,12,16],"killed_by":"Masked Bandits","ascension_level":2}