{"gold_per_floor":[114,114,114,114,130,162,162,190,263,278,293,182,182,213,213,291,291,304,321,321,336,351,351,370,370,394,394,61,387,387,399,399,473,473,485,165,181,192,208,208,235,235,235,255,266,266,266,283,283,283],"floor_reached":51,"playtime":2520,"items_purged":[],"score":1384,"play_id":"6c0b3556-a199-42df-bdb9-2f448da9b805","local_time":"20181001140403","is_ascension_mode":true,"campfire_choices":[{"data":"Body Slam","floor":7,"key":"SMITH"},{"floor":13,"key":"REST"},{"data":"True Grit","floor":15,"key":"SMITH"},{"data":"Demon Form","floor":23,"key":"SMITH"},{"data":"Armaments","floor":25,"key":"SMITH"},{"data":"Inflame","floor":30,"key":"SMITH"},{"data":"Clothesline","floor":32,"key":"SMITH"},{"data":"Limit Break","floor":40,"key":"SMITH"},{"data":"Heavy Blade","floor":42,"key":"SMITH"},{"data":"Feel No Pain","floor":46,"key":"SMITH"},{"data":"Pummel","floor":49,"key":"SMITH"}],"neow_cost":"NONE","seed_source_timestamp":618868491966814,"circlet_count":0,"master_deck":["Strike_R+1","Strike_R+1","Strike_R+1","Strike_R+1","Strike_R+1","Defend_R+1","Defend_R+1","Defend_R+1","Defend_R+1","Bash+1","AscendersBane","Clothesline+1","Anger","Body Slam+1","Twin Strike+1","Inflame+1","True Grit+1","Iron Wave+1","Offering","Demon Form+1","Armaments+1","Disarm+1","Evolve+1","Shrug It Off","Reaper","Feel No Pain+1","Limit Break+1","Flame Barrier","Iron Wave","Flame Barrier","Heavy Blade+1","Writhe","Flame Barrier+1","Battle Trance+1","Madness","Madness","Pummel+1"],"relics":["Burning Blood","Vajra","Incense Burner","Dodecahedron","Blood Vial","Snecko Eye","Bag of Preparation","Whetstone","Old Coin","Cursed Key","Bottled Tornado","The Courier","Paper Frog"],"potions_floor_usage":[6,8,14,22,29,29,38,39,50,50],"damage_taken":[{"damage":14,"enemies":"Jaw Worm","floor":1,"turns":4},{"damage":7,"enemies":"Small Slimes","floor":5,"turns":3},{"damage":20,"enemies":"Lagavulin","floor":6,"turns":6},{"damage":20,"enemies":"3 Sentries","floor":8,"turns":7},{"damage":1,"enemies":"2 Louse","floor":10,"turns":3},{"damage":16,"enemies":"Blue Slaver","floor":11,"turns":3},{"damage":11,"enemies":"Gremlin Nob","floor":14,"turns":3},{"damage":46,"enemies":"The Guardian","floor":16,"turns":14},{"damage":26,"enemies":"2 Thieves","floor":18,"turns":4},{"damage":9,"enemies":"Chosen","floor":19,"turns":3},{"damage":7,"enemies":"Centurion and Healer","floor":21,"turns":3},{"damage":6,"enemies":"3 Cultists","floor":22,"turns":5},{"damage":3,"enemies":"Snecko","floor":24,"turns":6},{"damage":14,"enemies":"Slavers","floor":29,"turns":6},{"damage":23,"enemies":"Snake Plant","floor":31,"turns":9},{"damage":62,"enemies":"Automaton","floor":33,"turns":8},{"damage":30,"enemies":"3 Shapes","floor":35,"turns":5},{"damage":36,"enemies":"3 Darklings","floor":37,"turns":6},{"damage":13,"enemies":"Transient","floor":38,"turns":6},{"damage":16,"enemies":"Sphere and 2 Shapes","floor":39,"turns":7},{"damage":12,"enemies":"Giant Head","floor":41,"turns":7},{"damage":29,"enemies":"4 Shapes","floor":44,"turns":5},{"damage":20,"enemies":"3 Darklings","floor":45,"turns":4},{"damage":9,"enemies":"Maw","floor":48,"turns":7},{"damage":50,"enemies":"Donu and Deca","floor":50,"turns":7}],"seed_played":"6726433305335432037","potions_obtained":[{"floor":5,"key":"SteroidPotion"},{"floor":6,"key":"Fire Potion"},{"floor":8,"key":"Poison Potion"},{"floor":16,"key":"Swift Potion"},{"floor":18,"key":"PowerPotion"},{"floor":24,"key":"GamblersBrew"},{"floor":33,"key":"Regen Potion"},{"floor":35,"key":"AttackPotion"},{"floor":45,"key":"GamblersBrew"},{"floor":48,"key":"LiquidBronze"}],"is_trial":false,"path_per_floor":["M","?","?","$","M","E","R","E","T","M","M","$","R","E","R","B",null,"M","M","?","M","M","R","M","R","T","?","$","E","R","M","R","B",null,"M","$","M","M","M","R","E","R","T","M","M","R","?","M","R","B"],"character_chosen":"IRONCLAD","items_purchased":["True Grit","Iron Wave","Reaper","Whetstone","Bottled Tornado","Iron Wave"],"campfire_rested":1,"item_purchase_floors":[12,12,28,28,36,36],"current_hp_per_floor":[60,60,65,65,64,50,50,36,36,41,31,31,55,50,50,12,63,45,44,44,45,47,47,52,52,52,52,52,72,72,74,74,39,70,48,48,56,80,80,80,74,74,74,80,80,80,66,80,80,80],"gold":283,"neow_bonus":"UPGRADE_CARD","is_prod":false,"is_daily":false,"chose_seed":false,"campfire_upgraded":10,"win_rate":0,"timestamp":1538395443,"path_taken":["M","?","?","$","M","E","R","E","T","M","M","$","R","E","R","BOSS","M","M","?","?","M","R","M","R","T","?","?","E","R","M","R","BOSS","M","$","M","M","M","R","E","R","T","M","M","R","?","M","R","BOSS"],"build_version":"2018-09-27","purchased_purges":0,"victory":true,"max_hp_per_floor":[75,75,80,80,80,80,80,80,80,80,80,80,80,80,80,80,80,80,80,80,80,80,80,80,80,80,80,80,80,80,80,80,80,80,80,80,80,80,80,80,80,80,80,80,80,80,80,80,80,80],"card_choices":[{"not_picked":["Headbutt","Dropkick"],"picked":"Clothesline","floor":1},{"not_picked":["Pommel Strike","Heavy Blade"],"picked":"Anger","floor":5},{"not_picked":["Battle Trance","Feel No Pain"],"picked":"Body Slam","floor":6},{"not_picked":["Rampage","Carnage"],"picked":"Twin Strike","floor":8},{"not_picked":["Pommel Strike","Perfected Strike","Intimidate"],"picked":"SKIP","floor":10},{"not_picked":["Double Tap","Rupture"],"picked":"Inflame","floor":11},{"not_picked":["True Grit","Anger"],"picked":"Offering","floor":14},{"not_picked":["Juggernaut","Bludgeon"],"picked":"Demon Form","floor":16},{"not_picked":["Body Slam","Warcry"],"picked":"Armaments","floor":18},{"not_picked":["Thunderclap","Headbutt"],"picked":"Disarm+1","floor":19},{"not_picked":["Anger+1","Headbutt"],"picked":"Evolve+1","floor":21},{"not_picked":["Searing Blow+1","Havoc","Armaments"],"picked":"SKIP","floor":22},{"not_picked":["Rupture","Twin Strike"],"picked":"Shrug It Off","floor":24},{"not_picked":["Corruption","Cleave","Flex+1"],"picked":"SKIP","floor":29},{"not_picked":["Rampage","Reaper"],"picked":"Feel No Pain","floor":31},{"not_picked":["Feed","Barricade"],"picked":"Limit Break","floor":33},{"not_picked":["Heavy Blade+1","True Grit"],"picked":"Flame Barrier","floor":35},{"not_picked":["Carnage","Rampage"],"picked":"Flame Barrier","floor":37},{"not_picked":["Combust","Thunderclap","Anger"],"picked":"SKIP","floor":38},{"not_picked":["Havoc","Perfected Strike+1","Thunderclap"],"picked":"SKIP","floor":39},{"not_picked":["Ghostly Armor","Flex"],"picked":"Heavy Blade","floor":41},{"not_picked":["Uppercut","Rampage"],"picked":"Flame Barrier+1","floor":44},{"not_picked":["Reaper","Clothesline"],"picked":"Battle Trance+1","floor":45},{"not_picked":["Pommel Strike+1","Twin Strike+1"],"picked":"Pummel","floor":48}],"player_experience":1496059,"relics_obtained":[{"floor":6,"key":"Vajra"},{"floor":8,"key":"Incense Burner"},{"floor":9,"key":"Dodecahedron"},{"floor":14,"key":"Blood Vial"},{"floor":26,"key":"Bag of Preparation"},{"floor":29,"key":"Old Coin"},{"floor":41,"key":"The Courier"},{"floor":43,"key":"Paper Frog"}],"event_choices":[{"event_name":"Golden Idol","player_choice":"Ignored","floor":2,"damage_taken":0},{"event_name":"Big Fish","player_choice":"Donut","floor":3,"damage_taken":0},{"event_name":"Back to Basics","player_choice":"Simplicity","floor":20,"damage_taken":0},{"event_name":"The Mausoleum","player_choice":"No","floor":27,"damage_taken":0},{"event_name":"Winding Halls","player_choice":"Embrace Madness","floor":47,"damage_taken":0}],"is_beta":false,"boss_relics":[{"not_picked":["Ectoplasm","Runic Cube"],"picked":"Snecko Eye"},{"not_picked":["White Beast Statue","Runic Pyramid"],"picked":"Cursed Key"}],"items_purged_floors":[],"is_endless":false,"potions_floor_spawned":[5,6,8,16,18,21,24,33,35,37,45,48],"ascension_level":17}