{"path_per_floor":["M","?","M","$","?","R","M","M","T","M","R","?","R","M","R","B",null,"M","M","?","?","T","R","M","R","T","$","M","M"],"character_chosen":"IRONCLAD","items_purchased":["Bag of Preparation","Ornamental Fan","Toxic Egg 2"],"gold_per_floor":[368,368,383,152,327,327,338,349,399,409,409,409,409,426,426,528,528,528,528,528,528,554,554,572,572,627,7,21,35],"floor_reached":30,"campfire_rested":1,"playtime":945,"current_hp_per_floor":[76,69,70,70,70,70,75,66,66,64,64,48,72,70,70,25,80,80,69,69,69,69,69,59,59,59,59,52,43],"items_purged":["Defend_R","Strike_R"],"gold":35,"score":222,"play_id":"c52ed49b-318d-4130-a704-c502fb272938","is_prod":false,"is_daily":false,"is_ascension_mode":false,"campfire_upgraded":5,"path_taken":["M","?","M","$","?","R","M","M","T","M","R","?","R","M","R","BOSS","M","M","?","?","?","R","M","R","T","$","M","M","E"],"build_version":"2018-02-22-PROD2","purchased_purges":2,"victory":false,"master_deck":["Strike_R","Strike_R","Strike_R","Strike_R+1","Defend_R","Defend_R+1","Defend_R","Bash+1","Pommel Strike+1","Cleave+1","Perfected Strike+1","Clothesline+1","Shockwave+1","Headbutt","Thunderclap+1"],"max_hp_per_floor":[80,80,80,80,80,80,80,80,80,80,80,80,80,80,80,80,80,80,80,80,80,80,80,80,80,80,80,80,80],"relics":["Burning Blood","Bag of Preparation","Vajra","Nloth\u0027s Gift","Happy Flower","Bag of Marbles","Ornamental Fan","Toxic Egg 2"],"card_choices":[{"not_picked":["Power Through","Warcry"],"picked":"Pommel Strike"},{"not_picked":["Havoc","Pommel Strike"],"picked":"Cleave"},{"not_picked":["Wild Strike","Uppercut"],"picked":"Perfected Strike"},{"not_picked":["Evolve","Armaments"],"picked":"Clothesline"},{"not_picked":["Ghostly Armor","Armaments"],"picked":"Shockwave"},{"not_picked":["Iron Wave","Power Through"],"picked":"Headbutt"},{"not_picked":["Uppercut","Feel No Pain"],"picked":"Thunderclap"}],"player_experience":155171,"potions_floor_usage":[16,24,29,30,30],"damage_taken":[{"damage":10,"enemies":"Jaw Worm","floor":1,"turns":4},{"damage":5,"enemies":"Small Slimes","floor":3,"turns":4},{"damage":1,"enemies":"Cultist","floor":7,"turns":3},{"damage":15,"enemies":"Looter","floor":8,"turns":3},{"damage":8,"enemies":"2 Fungi Beasts","floor":10,"turns":3},{"damage":8,"enemies":"Lots of Slimes","floor":14,"turns":3},{"damage":51,"enemies":"The Guardian","floor":16,"turns":12},{"damage":2,"enemies":"Spheric Guardian","floor":18,"turns":3},{"damage":17,"enemies":"Shell Parasite","floor":19,"turns":4},{"damage":16,"enemies":"Centurion and Healer","floor":24,"turns":4},{"damage":13,"enemies":"Snecko","floor":28,"turns":4},{"damage":15,"enemies":"Snake Plant","floor":29,"turns":2},{"damage":51,"enemies":"Gremlin Leader","floor":30,"turns":3}],"event_choices":[{"event_name":"Golden Wing","player_choice":"Card Removal","floor":2,"damage_taken":0},{"event_name":"Liars Game","player_choice":"agreed","floor":5,"damage_taken":0},{"event_name":"Shining Light","player_choice":"Entered Light","floor":12,"damage_taken":0},{"event_name":"N\u0027loth","player_choice":"Traded a Ectoplasm","floor":20,"damage_taken":0},{"event_name":"Wheel of Change","player_choice":"Card Removal","floor":21,"damage_taken":0}],"boss_relics":[{"not_picked":["Runic Cube","Sozu"],"picked":"Ectoplasm"}],"potions_floor_spawned":[3,7,14,18,28],"seed_played":"4106000989886592535","killed_by":"Gremlin Leader","ascension_level":0,"is_trial":false}