{"gold_per_floor":[114,129,79,94,94,124,124,31,86,86,86,101,116,131,131,231,231,246,246,261,261,276,276,306,306,331,346,361,376,391,33,33,133,133,148,168,1167,1182,1197,177,177,177,177,207,207],"floor_reached":45,"playtime":2747,"items_purged":["Strike_R","Strike_R+1"],"score":667,"play_id":"02a67849-1bae-40e3-a7aa-94dde7eb64cb","local_time":"20190213013418","daily_mods":["Cursed Run","Uncertain Future","Night Terrors"],"is_ascension_mode":false,"campfire_choices":[{"data":"Cleave","floor":7,"key":"SMITH"},{"data":"Shrug It Off","floor":10,"key":"SMITH"},{"floor":15,"key":"REST"},{"data":"Whirlwind","floor":23,"key":"SMITH"},{"floor":25,"key":"REST"},{"floor":32,"key":"REST"},{"floor":42,"key":"REST"}],"neow_cost":"","seed_source_timestamp":120994842822300,"circlet_count":0,"master_deck":["Strike_R+1","Defend_R","Defend_R","Defend_R","Defend_R","Bash","Pummel","Heavy Blade","Flex","Cleave+1","Shrug It Off+1","Inflame+1","Doubt","Barricade","Flame Barrier","Whirlwind+1","Shame","Limit Break","Body Slam+1","Cleave+1","J.A.X.","Thunderclap+1","Pommel Strike","Writhe","Shrug It Off+1","Searing Blow+1","Juggernaut","Headbutt","True Grit","Body Slam","Normality","Limit Break","Whirlwind","Normality","Normality","Iron Wave+1","Disarm+1","True Grit+1","Battle Trance+1","Pommel Strike"],"special_seed":17940,"relics":["Cursed Key","Darkstone Periapt","Du-Vu Doll","Matryoshka","Vajra","Velvet Choker","Nloth\u0027s Gift","The Courier","Whetstone","Dream Catcher","Chemical X","Pen Nib","Black Star","Calipers","Art of War","Gremlin Horn","MealTicket","Omamori","Toxic Egg 2","Blood Vial","Bag of Marbles","Ancient Tea Set","Boot"],"potions_floor_usage":[16,29,39,39,39,44],"damage_taken":[{"damage":1,"enemies":"Jaw Worm","floor":1,"turns":4},{"damage":0,"enemies":"Small Slimes","floor":2,"turns":3},{"damage":0,"enemies":"2 Louse","floor":4,"turns":2},{"damage":5,"enemies":"Gremlin Nob","floor":6,"turns":3},{"damage":0,"enemies":"Lots of Slimes","floor":12,"turns":3},{"damage":3,"enemies":"2 Fungi Beasts","floor":13,"turns":3},{"damage":7,"enemies":"Blue Slaver","floor":14,"turns":2},{"damage":19,"enemies":"Slime Boss","floor":16,"turns":8},{"damage":5,"enemies":"2 Thieves","floor":18,"turns":3},{"damage":0,"enemies":"Spheric Guardian","floor":20,"turns":3},{"damage":3,"enemies":"Centurion and Healer","floor":22,"turns":4},{"damage":29,"enemies":"Book of Stabbing","floor":24,"turns":4},{"damage":19,"enemies":"Shelled Parasite and Fungi","floor":27,"turns":4},{"damage":0,"enemies":"Snake Plant","floor":28,"turns":2},{"damage":10,"enemies":"Snecko","floor":29,"turns":4},{"damage":3,"enemies":"3 Cultists","floor":30,"turns":3},{"damage":23,"enemies":"Automaton","floor":33,"turns":6},{"damage":32,"enemies":"3 Darklings","floor":35,"turns":3},{"damage":37,"enemies":"2 Orb Walkers","floor":36,"turns":3},{"damage":15,"enemies":"3 Shapes","floor":38,"turns":2},{"damage":0,"enemies":"Sphere and 2 Shapes","floor":39,"turns":2},{"damage":82,"enemies":"Nemesis","floor":44,"turns":7},{"damage":21,"enemies":"3 Darklings","floor":45,"turns":2}],"seed_played":"420993889476971038","potions_obtained":[{"floor":1,"key":"Explosive Potion"},{"floor":2,"key":"Dexterity Potion"},{"floor":14,"key":"PowerPotion"},{"floor":16,"key":"Block Potion"},{"floor":30,"key":"SpeedPotion"},{"floor":36,"key":"AttackPotion"},{"floor":38,"key":"EssenceOfSteel"}],"is_trial":false,"path_per_floor":["M","M","?","M","?","E","R","$","T","R","?","M","M","M","R","B",null,"M","?","M","?","M","R","E","R","T","M","M","M","M","$","R","B",null,"M","?","?","M","M","$","T","R","T","E","M"],"character_chosen":"IRONCLAD","items_purchased":["Shrug It Off","Inflame","True Grit","Chemical X","Pen Nib","Dexterity Potion","Art of War","Gremlin Horn","MealTicket","Omamori","Toxic Egg 2","True Grit+1","Battle Trance+1"],"campfire_rested":4,"item_purchase_floors":[8,8,31,31,31,40,40,40,40,40,40,40,40],"current_hp_per_floor":[79,79,79,79,72,67,67,67,73,73,56,56,53,46,81,68,87,82,82,82,82,79,79,50,82,88,69,69,59,56,56,83,66,89,57,20,32,17,17,17,17,96,96,14,0],"gold":207,"neow_bonus":"","is_prod":false,"is_daily":true,"chose_seed":false,"campfire_upgraded":3,"win_rate":0,"timestamp":1550039658,"path_taken":["M","M","?","M","?","E","R","$","T","R","?","M","M","M","R","BOSS","M","?","?","?","M","R","E","R","T","M","M","M","M","$","R","BOSS","M","?","?","M","M","$","?","R","T","E","M"],"build_version":"2019-01-23","purchased_purges":2,"victory":false,"max_hp_per_floor":[80,80,80,80,80,80,80,80,86,86,86,86,86,86,81,87,87,87,87,87,87,87,87,87,82,88,88,88,88,88,88,83,89,89,89,89,101,101,101,101,101,96,96,96,96],"card_choices":[{"not_picked":["Evolve","Warcry"],"picked":"Pummel","floor":1},{"not_picked":["Evolve","Headbutt"],"picked":"Heavy Blade","floor":2},{"not_picked":["Clothesline","Pummel"],"picked":"Flex","floor":4},{"not_picked":["Iron Wave","Flame Barrier"],"picked":"Cleave","floor":6},{"not_picked":["Flex","Anger"],"picked":"Barricade","floor":12},{"not_picked":["Iron Wave","Seeing Red"],"picked":"Flame Barrier","floor":13},{"not_picked":["Sword Boomerang","Warcry"],"picked":"Whirlwind","floor":14},{"not_picked":["Exhume","Berserk"],"picked":"Limit Break","floor":16},{"not_picked":["Clash","Sword Boomerang+1"],"picked":"Body Slam+1","floor":18},{"not_picked":["Reaper","Clothesline"],"picked":"Cleave+1","floor":20},{"not_picked":["Searing Blow","Perfected Strike"],"picked":"Thunderclap","floor":22},{"not_picked":["Inflame","Offering"],"picked":"Pommel Strike","floor":24},{"not_picked":["Reckless Charge","Iron Wave"],"picked":"Shrug It Off+1","floor":27},{"not_picked":["Wild Strike","Anger"],"picked":"Searing Blow+1","floor":28},{"not_picked":["True Grit","Anger"],"picked":"Juggernaut","floor":29},{"not_picked":["Feel No Pain","Warcry"],"picked":"Headbutt","floor":30},{"not_picked":["Corruption","Seeing Red+1"],"picked":"Body Slam","floor":32},{"not_picked":["Bludgeon","Offering"],"picked":"Limit Break","floor":33},{"not_picked":["Clash","Anger+1","Havoc"],"picked":"SKIP","floor":35},{"not_picked":["Dual Wield","Headbutt+1"],"picked":"Whirlwind","floor":36},{"not_picked":["Twin Strike+1","Thunderclap"],"picked":"Iron Wave+1","floor":38},{"not_picked":["Sever Soul+1","Seeing Red+1"],"picked":"Disarm+1","floor":39},{"not_picked":["Flex+1","Warcry+1"],"picked":"Pommel Strike","floor":44}],"player_experience":90423,"relics_obtained":[{"floor":6,"key":"Matryoshka"},{"floor":9,"key":"Tiny Chest"},{"floor":9,"key":"Vajra"},{"floor":24,"key":"The Courier"},{"floor":26,"key":"Whetstone"},{"floor":26,"key":"Dream Catcher"},{"floor":36,"key":"Calipers"},{"floor":41,"key":"Blood Vial"},{"floor":43,"key":"Bag of Marbles"},{"floor":44,"key":"Ancient Tea Set"},{"floor":44,"key":"Boot"}],"event_choices":[{"cards_removed":["Strike_R"],"damage_healed":0,"gold_gain":0,"player_choice":"Card Removal","damage_taken":0,"max_hp_gain":0,"max_hp_loss":0,"event_name":"The Cleric","floor":3,"gold_loss":50},{"cards_removed":["Strike_R"],"damage_healed":0,"gold_gain":0,"player_choice":"Card Removal","damage_taken":7,"max_hp_gain":0,"max_hp_loss":0,"event_name":"Golden Wing","floor":5,"gold_loss":0},{"damage_healed":0,"gold_gain":0,"player_choice":"Entered Light","damage_taken":17,"max_hp_gain":0,"max_hp_loss":0,"event_name":"Shining Light","floor":11,"gold_loss":0,"cards_upgraded":["Strike_R","Inflame"]},{"damage_healed":0,"gold_gain":0,"player_choice":"Traded Relic","damage_taken":0,"relics_obtained":["Nloth\u0027s Gift"],"max_hp_gain":0,"max_hp_loss":0,"event_name":"N\u0027loth","floor":19,"relics_lost":["Tiny Chest"],"gold_loss":0},{"damage_healed":0,"gold_gain":0,"player_choice":"Obtain J.A.X.","damage_taken":0,"max_hp_gain":0,"max_hp_loss":0,"event_name":"Drug Dealer","floor":21,"gold_loss":0,"cards_obtained":["J.A.X."]},{"damage_healed":0,"gold_gain":0,"player_choice":"Fight","damage_taken":0,"max_hp_gain":0,"max_hp_loss":0,"event_name":"Mysterious Sphere","floor":36,"gold_loss":0},{"damage_healed":0,"gold_gain":999,"player_choice":"Gold","damage_taken":0,"max_hp_gain":0,"max_hp_loss":0,"event_name":"MindBloom","floor":37,"gold_loss":0,"cards_obtained":["Normality","Normality"]}],"is_beta":false,"boss_relics":[{"not_picked":["Astrolabe","Eternal Feather"],"picked":"Velvet Choker"},{"not_picked":["Coffee Dripper","Fusion Hammer"],"picked":"Black Star"}],"items_purged_floors":[31,40],"is_endless":false,"potions_floor_spawned":[1,2,14,16,20,22,28,30,36,38],"killed_by":"3 Darklings","ascension_level":0}