{"gold_per_floor":[115,190,190,208,208,242,257,316,316,343,343,343,373,389,389,488,488,500,515,76,89,89,89,122,136,136,136,149,149,149,161,161,257,257,271,1270,1290,1306,1209,1209],"floor_reached":40,"playtime":3042,"items_purged":["Strike_G"],"score":451,"play_id":"5142f49e-ca00-491d-a433-2e353fde159c","local_time":"20190209142516","is_ascension_mode":false,"campfire_choices":[{"floor":11,"key":"REST"},{"data":"Noxious Fumes","floor":15,"key":"SMITH"},{"floor":29,"key":"REST"},{"floor":32,"key":"REST"}],"neow_cost":"NONE","seed_source_timestamp":139748889971169,"circlet_count":0,"master_deck":["Defend_G","Defend_G","Defend_G","Defend_G","Defend_G","Strike_G","Strike_G+1","Strike_G","Strike_G","Survivor","Neutralize+1","Backflip","Poisoned Stab+1","Caltrops","Malaise","Noxious Fumes+1","Distraction","Tools of the Trade","Prepared+1","Quick Slash+1","Mayhem","Masterful Stab+1","RitualDagger","Catalyst","Dagger Throw+1","Dash+1","Footwork","Burst","Prepared+1","Normality","Backflip+1","Outmaneuver+1"],"relics":["Ring of the Snake","Paper Crane","Tiny Chest","Ninja Scroll","Whetstone","NlothsMask","Bronze Scales","Sozu","HandDrill","Omamori","Fusion Hammer","Question Card"],"potions_floor_usage":[8,16,24,28],"damage_taken":[{"damage":1,"enemies":"Cultist","floor":1,"turns":4},{"damage":0,"enemies":"2 Louse","floor":4,"turns":2},{"damage":17,"enemies":"3 Sentries","floor":6,"turns":11},{"damage":1,"enemies":"Jaw Worm","floor":7,"turns":4},{"damage":31,"enemies":"Lagavulin","floor":8,"turns":11},{"damage":6,"enemies":"Gremlin Nob","floor":13,"turns":4},{"damage":8,"enemies":"2 Fungi Beasts","floor":14,"turns":3},{"damage":3,"enemies":"Hexaghost","floor":16,"turns":9},{"damage":4,"enemies":"Spheric Guardian","floor":18,"turns":4},{"damage":2,"enemies":"Shell Parasite","floor":19,"turns":4},{"damage":9,"enemies":"Shelled Parasite and Fungi","floor":21,"turns":5},{"damage":47,"enemies":"Slavers","floor":24,"turns":5},{"damage":1,"enemies":"Centurion and Healer","floor":25,"turns":7},{"damage":6,"enemies":"Cultist and Chosen","floor":28,"turns":6},{"damage":1,"enemies":"Chosen and Byrds","floor":31,"turns":6},{"damage":28,"enemies":"Champ","floor":33,"turns":10},{"damage":21,"enemies":"3 Shapes","floor":35,"turns":4},{"damage":28,"enemies":"3 Darklings","floor":37,"turns":8},{"damage":19,"enemies":"Maw","floor":38,"turns":8},{"damage":28,"enemies":"Nemesis","floor":40,"turns":5}],"seed_played":"-4309286930786074187","potions_obtained":[{"floor":7,"key":"FearPotion"},{"floor":8,"key":"SpeedPotion"},{"floor":13,"key":"Ancient Potion"},{"floor":14,"key":"Swift Potion"}],"is_trial":false,"path_per_floor":["M","?","?","M","?","E","M","E","T","T","R","?","E","M","R","B",null,"M","M","$","M","?","?","E","M","T","?","M","R","?","M","R","B",null,"M","?","M","M","?","E"],"character_chosen":"THE_SILENT","items_purchased":["HandDrill","Mayhem"],"campfire_rested":3,"item_purchase_floors":[20,20],"current_hp_per_floor":[76,65,70,70,70,53,52,21,21,21,45,45,39,31,31,28,82,78,76,76,67,67,61,14,13,13,13,7,31,31,30,54,26,82,61,61,33,14,14,0],"gold":1209,"neow_bonus":"TEN_PERCENT_HP_BONUS","is_prod":false,"is_daily":false,"chose_seed":false,"campfire_upgraded":1,"win_rate":0.0,"timestamp":1549718716,"path_taken":["M","?","?","?","?","E","M","E","T","?","R","?","E","M","R","BOSS","M","?","$","M","?","?","E","M","T","?","M","R","?","M","R","BOSS","M","?","M","M","?","E"],"build_version":"2019-01-23","purchased_purges":1,"victory":false,"max_hp_per_floor":[77,77,82,82,82,82,82,82,82,82,82,82,82,82,82,82,82,82,82,82,82,82,82,82,82,82,82,82,82,82,82,82,82,82,82,82,82,82,82,82],"card_choices":[{"not_picked":["Outmaneuver","Deflect"],"picked":"Backflip","floor":1},{"not_picked":["Flying Knee","Escape Plan"],"picked":"Poisoned Stab","floor":4},{"not_picked":["Underhanded Strike","Backflip"],"picked":"Caltrops","floor":6},{"not_picked":["Quick Slash","Slice"],"picked":"Malaise","floor":7},{"not_picked":["Well Laid Plans","PiercingWail"],"picked":"Noxious Fumes","floor":8},{"not_picked":["Malaise","Heel Hook"],"picked":"Distraction","floor":13},{"not_picked":["Cloak And Dagger","Underhanded Strike","Tactician"],"picked":"SKIP","floor":14},{"not_picked":["Malaise","Doppelganger"],"picked":"Tools of the Trade","floor":16},{"not_picked":["Acrobatics","Dagger Spray"],"picked":"Prepared+1","floor":18},{"not_picked":["Acrobatics","Flying Knee"],"picked":"Quick Slash+1","floor":19},{"not_picked":["Riddle With Holes","PiercingWail"],"picked":"Masterful Stab+1","floor":21},{"not_picked":["Escape Plan","Backflip"],"picked":"Catalyst","floor":24},{"not_picked":["Flying Knee","Die Die Die"],"picked":"Dagger Throw+1","floor":25},{"not_picked":["Eviscerate","Escape Plan"],"picked":"Dash+1","floor":28},{"not_picked":["Caltrops","Sucker Punch"],"picked":"Footwork","floor":31},{"not_picked":["Venomology","Malaise"],"picked":"Burst","floor":33},{"not_picked":["Quick Slash","Caltrops+1"],"picked":"Prepared+1","floor":35},{"not_picked":["Deflect","Bane"],"picked":"Backflip+1","floor":37},{"not_picked":["Underhanded Strike","Poisoned Stab+1"],"picked":"Outmaneuver+1","floor":38}],"player_experience":93003,"relics_obtained":[{"floor":6,"key":"Paper Crane"},{"floor":8,"key":"Tiny Chest"},{"floor":9,"key":"Ninja Scroll"},{"floor":10,"key":"Whetstone"},{"floor":13,"key":"Bronze Scales"},{"floor":24,"key":"Omamori"}],"event_choices":[{"damage_healed":0,"gold_gain":75,"player_choice":"Gather Gold","damage_taken":11,"max_hp_gain":0,"max_hp_loss":0,"event_name":"World of Goop","floor":2,"gold_loss":0},{"damage_healed":0,"gold_gain":0,"player_choice":"Donut","damage_taken":0,"max_hp_gain":5,"max_hp_loss":0,"event_name":"Big Fish","floor":3,"gold_loss":0},{"damage_healed":0,"gold_gain":0,"player_choice":"Grow","damage_taken":0,"max_hp_gain":0,"max_hp_loss":0,"event_name":"Living Wall","floor":5,"gold_loss":0,"cards_upgraded":["Poisoned Stab"]},{"damage_healed":0,"gold_gain":0,"player_choice":"Trade","damage_taken":0,"relics_obtained":["NlothsMask"],"max_hp_gain":0,"max_hp_loss":0,"event_name":"FaceTrader","floor":12,"gold_loss":0},{"damage_healed":0,"gold_gain":0,"player_choice":"Ignored","damage_taken":0,"max_hp_gain":0,"max_hp_loss":0,"event_name":"Vampires","floor":22,"gold_loss":0},{"damage_healed":0,"gold_gain":0,"player_choice":"Joined the Cult","damage_taken":6,"max_hp_gain":0,"max_hp_loss":0,"event_name":"Nest","floor":23,"gold_loss":0,"cards_obtained":["RitualDagger"]},{"damage_healed":0,"gold_gain":0,"player_choice":"Smashed Altar","damage_taken":0,"max_hp_gain":0,"max_hp_loss":0,"event_name":"Forgotten Altar","floor":27,"gold_loss":0,"cards_obtained":["Decay"]},{"damage_healed":0,"gold_gain":0,"player_choice":"Ignored","damage_taken":0,"max_hp_gain":0,"max_hp_loss":0,"event_name":"Ghosts","floor":30,"gold_loss":0},{"damage_healed":0,"gold_gain":999,"player_choice":"Gold","damage_taken":0,"max_hp_gain":0,"max_hp_loss":0,"event_name":"MindBloom","floor":36,"gold_loss":0,"cards_obtained":["Normality","Normality"]},{"damage_healed":0,"gold_gain":0,"player_choice":"Paid Gold","damage_taken":0,"relics_obtained":["Question Card"],"max_hp_gain":0,"max_hp_loss":0,"event_name":"WeMeetAgain","floor":39,"gold_loss":97}],"is_beta":false,"boss_relics":[{"not_picked":["Ectoplasm","Snecko Eye"],"picked":"Sozu"},{"not_picked":["HoveringKite","Astrolabe"],"picked":"Fusion Hammer"}],"items_purged_floors":[20],"is_endless":false,"potions_floor_spawned":[7,8,13,14,18,21,24,33,37],"killed_by":"Nemesis","ascension_level":0}