{"gold_per_floor":[111,111,130,143,163,163,193,203,227,252,252,283,358,370,370,370],"floor_reached":16,"playtime":702,"items_purged":[],"score":128,"play_id":"e26a9835-9ab7-47af-82c2-afb6524206a1","local_time":"20190210034005","is_ascension_mode":true,"campfire_choices":[{"floor":6,"key":"REST"},{"floor":11,"key":"REST"},{"floor":15,"key":"REST"}],"neow_cost":"PERCENT_DAMAGE","seed_source_timestamp":189783415994307,"circlet_count":0,"master_deck":["Defend_G","Defend_G","Defend_G","Defend_G","Defend_G","Strike_G","Strike_G","Strike_G","Strike_G","Strike_G","Survivor","Neutralize","Corpse Explosion","Poisoned Stab","Outmaneuver","Footwork","Footwork","Venomology","Noxious Fumes","Outmaneuver","Quick Slash","Bane"],"relics":["Ring of the Snake","Ornamental Fan","PreservedInsect","Blood Vial","Orichalcum"],"potions_floor_usage":[7,10,12,12,14,14,16,16],"damage_taken":[{"damage":1,"enemies":"2 Louse","floor":1,"turns":2},{"damage":0,"enemies":"Cultist","floor":3,"turns":3},{"damage":3,"enemies":"Small Slimes","floor":4,"turns":3},{"damage":0,"enemies":"Blue Slaver","floor":5,"turns":5},{"damage":17,"enemies":"3 Sentries","floor":7,"turns":4},{"damage":2,"enemies":"3 Louse","floor":8,"turns":3},{"damage":36,"enemies":"Gremlin Nob","floor":10,"turns":6},{"damage":9,"enemies":"3 Sentries","floor":12,"turns":2},{"damage":4,"enemies":"Large Slime","floor":14,"turns":9},{"damage":35,"enemies":"The Guardian","floor":16,"turns":9}],"seed_played":"-7542857338608559279","potions_obtained":[{"floor":1,"key":"SteroidPotion"},{"floor":4,"key":"Fire Potion"},{"floor":10,"key":"Poison Potion"},{"floor":12,"key":"Block Potion"}],"is_trial":false,"path_per_floor":["M","?","M","M","M","R","E","M","T","E","R","E","?","M","R","B"],"character_chosen":"THE_SILENT","items_purchased":[],"campfire_rested":3,"item_purchase_floors":[],"current_hp_per_floor":[48,48,48,45,45,66,49,47,47,11,32,25,14,12,33,0],"gold":370,"neow_bonus":"THREE_RARE_CARDS","is_prod":false,"is_daily":false,"chose_seed":false,"campfire_upgraded":0,"win_rate":0,"timestamp":1549766405,"path_taken":["M","?","M","M","?","R","E","M","T","E","R","E","?","M","R","BOSS"],"build_version":"2019-01-23","purchased_purges":0,"victory":false,"max_hp_per_floor":[70,70,70,70,70,70,70,70,70,70,70,70,70,70,70,70],"card_choices":[{"not_picked":["Storm of Steel","Phantasmal Killer"],"picked":"Corpse Explosion","floor":0},{"not_picked":["Reflex","Cloak And Dagger"],"picked":"Poisoned Stab","floor":1},{"not_picked":["Accuracy","Dagger Throw"],"picked":"Outmaneuver","floor":3},{"not_picked":["Slice","Quick Slash"],"picked":"Footwork","floor":4},{"not_picked":["Well Laid Plans","Dash"],"picked":"Footwork","floor":5},{"not_picked":["Flying Knee","Dagger Throw"],"picked":"Venomology","floor":7},{"not_picked":["Outmaneuver","Dagger Spray"],"picked":"Noxious Fumes","floor":8},{"not_picked":["Flying Knee","Blade Dance"],"picked":"Outmaneuver","floor":10},{"not_picked":["Blade Dance","Flechettes"],"picked":"Quick Slash","floor":12},{"not_picked":["Dagger Throw","Setup"],"picked":"Bane","floor":14}],"player_experience":133586,"relics_obtained":[{"floor":7,"key":"Ornamental Fan"},{"floor":9,"key":"PreservedInsect"},{"floor":10,"key":"Blood Vial"},{"floor":12,"key":"Orichalcum"}],"event_choices":[{"damage_healed":0,"gold_gain":0,"player_choice":"Bought 0 Potions","damage_taken":0,"max_hp_gain":0,"max_hp_loss":0,"event_name":"The Woman in Blue","floor":2,"gold_loss":0},{"damage_healed":0,"gold_gain":75,"player_choice":"Gather Gold","damage_taken":11,"max_hp_gain":0,"max_hp_loss":0,"event_name":"World of Goop","floor":13,"gold_loss":0}],"is_beta":false,"boss_relics":[],"items_purged_floors":[],"is_endless":false,"potions_floor_spawned":[1,4,10,12],"killed_by":"The Guardian","ascension_level":1}