{"gold_per_floor":[109,79,79,95,20,52,52,83,83,83,83,83,29,40,40,113,113,113,113],"floor_reached":19,"playtime":493,"items_purged":["Strike_G"],"score":396,"play_id":"0d1241d9-12c1-4463-b06c-b5d7ae6fd41d","local_time":"20181229184818","is_ascension_mode":true,"campfire_choices":[{"data":"Neutralize","floor":7,"key":"SMITH"},{"floor":10,"key":"REST"},{"floor":12,"key":"REST"},{"data":"Deadly Poison","floor":15,"key":"SMITH"}],"neow_cost":"NONE","seed_source_timestamp":4697198115555,"circlet_count":0,"master_deck":["AscendersBane","Defend_G","Defend_G","Defend_G","Defend_G","Defend_G","Strike_G","Strike_G","Strike_G","Strike_G","Survivor","Neutralize+1","PiercingWail","Deadly Poison+1","Quick Slash","Finisher+1","Dagger Throw+1","Dagger Spray+1","Bouncing Flask","Malaise"],"relics":["Ring of the Snake","NeowsBlessing","Molten Egg 2","Blue Candle","Strawberry","Ectoplasm"],"potions_floor_usage":[16,16,19],"damage_taken":[{"damage":0,"enemies":"2 Louse","floor":1,"turns":1},{"damage":0,"enemies":"Cultist","floor":4,"turns":1},{"damage":0,"enemies":"3 Sentries","floor":6,"turns":1},{"damage":57,"enemies":"Gremlin Nob","floor":8,"turns":5},{"damage":1,"enemies":"Small Slimes","floor":14,"turns":3},{"damage":37,"enemies":"Slime Boss","floor":16,"turns":8},{"damage":32,"enemies":"Spheric Guardian","floor":18,"turns":6},{"damage":18,"enemies":"Colosseum Slavers","floor":19,"turns":5},{"damage":15,"enemies":"Colosseum Nobs","floor":19,"turns":3}],"seed_played":"4837562205648051681","potions_obtained":[{"floor":3,"key":"SkillPotion"},{"floor":3,"key":"Dexterity Potion"},{"floor":14,"key":"Swift Potion"},{"floor":16,"key":"AttackPotion"}],"is_trial":false,"path_per_floor":["M","$","?","M","$","E","R","E","T","R","?","R","$","M","R","B",null,"M","?"],"character_chosen":"THE_SILENT","items_purchased":["Deadly Poison","Dagger Spray+1"],"campfire_rested":2,"item_purchase_floors":[2,13],"current_hp_per_floor":[59,59,59,59,59,59,59,2,9,30,30,51,51,50,50,13,58,26,0],"gold":113,"neow_bonus":"THREE_ENEMY_KILL","is_prod":false,"is_daily":false,"chose_seed":false,"campfire_upgraded":2,"win_rate":0,"timestamp":1546105698,"path_taken":["M","$","?","?","?","E","R","E","T","R","?","R","?","M","R","BOSS","M","?"],"build_version":"2018-12-20","purchased_purges":1,"victory":false,"max_hp_per_floor":[66,66,66,66,66,66,66,66,73,73,73,73,73,73,73,73,73,73,73],"card_choices":[{"not_picked":["Heel Hook","Concentrate"],"picked":"PiercingWail","floor":1},{"not_picked":["Bane","Expertise"],"picked":"Quick Slash","floor":4},{"not_picked":["Expertise","Heel Hook"],"picked":"Finisher","floor":6},{"not_picked":["PiercingWail","Calculated Gamble"],"picked":"Dagger Throw+1","floor":8},{"not_picked":["Backflip","Concentrate"],"picked":"Bouncing Flask","floor":14},{"not_picked":["Adrenaline","After Image"],"picked":"Malaise","floor":16},{"not_picked":["Choke+1","Distraction","Dodge and Roll"],"picked":"SKIP","floor":18}],"player_experience":1825449,"relics_obtained":[{"floor":6,"key":"Molten Egg 2"},{"floor":8,"key":"Blue Candle"},{"floor":9,"key":"Strawberry"}],"event_choices":[{"damage_healed":0,"gold_gain":0,"player_choice":"Got Potions","damage_taken":0,"max_hp_gain":0,"max_hp_loss":0,"event_name":"Lab","floor":3,"gold_loss":0},{"damage_healed":0,"gold_gain":0,"player_choice":"Ignored","damage_taken":0,"max_hp_gain":0,"max_hp_loss":0,"event_name":"Golden Idol","floor":11,"gold_loss":0},{"damage_healed":0,"gold_gain":0,"player_choice":"Fight","damage_taken":0,"max_hp_gain":0,"max_hp_loss":0,"event_name":"Colosseum","floor":19,"gold_loss":0},{"damage_healed":0,"gold_gain":0,"player_choice":"Fought Nobs","damage_taken":0,"max_hp_gain":0,"max_hp_loss":0,"event_name":"Colosseum","floor":19,"gold_loss":0}],"is_beta":false,"boss_relics":[{"not_picked":["Runic Pyramid","Fusion Hammer"],"picked":"Ectoplasm"}],"items_purged_floors":[5],"is_endless":false,"potions_floor_spawned":[6,14,16],"killed_by":"Colosseum Nobs","ascension_level":20}