{"path_per_floor":["M","?","M","$","M","R","M","E","T","R","?","R","M","E","R","B",null,"M","?","M"],"character_chosen":"IRONCLAD","items_purchased":[],"gold_per_floor":[99,99,99,99,99,99,99,99,99,99,99,99,99,99,99,99,99,99,99,99],"floor_reached":21,"campfire_rested":2,"playtime":530,"current_hp_per_floor":[70,54,54,54,54,54,49,32,32,56,56,56,56,48,72,62,76,66,50,46],"items_purged":[],"gold":99,"score":246,"play_id":"9ad64dc4-0386-4dcd-87c9-540b45663c5b","local_time":"20180311210155","is_prod":false,"is_daily":false,"is_ascension_mode":true,"campfire_upgraded":2,"timestamp":1520798515,"path_taken":["M","?","M","$","M","R","M","E","T","R","?","R","M","E","R","BOSS","M","?","M","?"],"build_version":"2018-03-09","purchased_purges":0,"victory":false,"master_deck":["Strike_R","Strike_R","Strike_R","Strike_R","Defend_R","Defend_R","Defend_R+1","Defend_R","Bash+1","Headbutt+1","Shrug It Off","Headbutt","Perfected Strike+1","Searing Blow"],"max_hp_per_floor":[80,80,80,80,80,80,80,80,80,80,80,80,80,80,80,80,80,80,80,80],"relics":["Ectoplasm","Du-Vu Doll","Lantern","Paper Frog","Philosopher\u0027s Stone","Enchiridion"],"card_choices":[{"not_picked":["Exhume","Sever Soul"],"picked":"Headbutt"},{"not_picked":["Pommel Strike","True Grit"],"picked":"Shrug It Off"},{"not_picked":["Sentinel","Sword Boomerang"],"picked":"Headbutt"},{"not_picked":["Thunderclap","Disarm"],"picked":"Perfected Strike"}],"player_experience":280927,"potions_floor_usage":[8,20,20],"damage_taken":[{"damage":2,"enemies":"Jaw Worm","floor":1,"turns":3},{"damage":0,"enemies":"2 Louse","floor":3,"turns":2},{"damage":0,"enemies":"Small Slimes","floor":5,"turns":2},{"damage":5,"enemies":"2 Fungi Beasts","floor":7,"turns":3},{"damage":17,"enemies":"3 Sentries","floor":8,"turns":5},{"damage":0,"enemies":"Large Slime","floor":13,"turns":2},{"damage":8,"enemies":"Gremlin Nob","floor":14,"turns":3},{"damage":10,"enemies":"Slime Boss","floor":16,"turns":8},{"damage":10,"enemies":"Shell Parasite","floor":18,"turns":2},{"damage":13,"enemies":"3 Byrds","floor":20,"turns":4},{"damage":46,"enemies":"Snake Plant","floor":21,"turns":3}],"event_choices":[{"event_name":"Shining Light","player_choice":"Entered Light","floor":2,"damage_taken":0},{"event_name":"Transmorgrifier","player_choice":"Transform","floor":11,"damage_taken":0},{"event_name":"Cursed Tome","player_choice":"Obtained Book","floor":19,"damage_taken":0}],"boss_relics":[{"not_picked":["Pandora\u0027s Box","Astrolabe"],"picked":"Philosopher\u0027s Stone"}],"potions_floor_spawned":[1,13,14],"seed_played":"7454182645827687306","killed_by":"Snake Plant","ascension_level":6,"is_trial":false}