{"gold_per_floor":[118,133,133,151,151,179,198,198,278,41,72,88,99,126,126,200,200,212,155,155,125,40,40,69,86,86,101,101,134,147,166,166,242,242,260,38,58,69,169,196,196,222,248,264,10,64,0,19,19,19],"floor_reached":50,"playtime":2336,"items_purged":[],"score":1199,"play_id":"e530ce89-11f3-468e-9a49-26c4d1d2bed2","local_time":"20190110145007","is_ascension_mode":true,"campfire_choices":[{"data":"Perfected Strike","floor":8,"key":"SMITH"},{"data":"Clothesline","floor":15,"key":"SMITH"},{"data":"Combust","floor":23,"key":"SMITH"},{"data":"Inflame","floor":28,"key":"SMITH"},{"floor":32,"key":"REST"},{"floor":41,"key":"REST"},{"floor":49,"key":"RECALL"}],"neow_cost":"NONE","seed_source_timestamp":259089387544913,"circlet_count":0,"master_deck":["AscendersBane","Strike_R","Strike_R","Strike_R","Strike_R","Strike_R","Defend_R","Defend_R","Defend_R","Defend_R","Bash","Armaments","Pommel Strike","Perfected Strike+1","Shrug It Off","Combust+1","Headbutt","Pommel Strike","Pommel Strike","Clothesline+1","Impervious","Inflame+1","True Grit","Inflame","Rupture+1","Disarm+1","Evolve","Perfected Strike+1","Twin Strike","Wild Strike+1","Limit Break","Corruption","Seeing Red","Hemokinesis","Shockwave+1","Immolate","Heavy Blade+1","Corruption+1","Body Slam+1","Parasite","Sword Boomerang"],"relics":["Burning Blood","Peace Pipe","Strawberry","Vajra","Ornamental Fan","Bag of Preparation","Philosopher\u0027s Stone","Ancient Tea Set","Magic Flower","Red Skull","Snecko Eye","Lee\u0027s Waffle","Calipers","Gremlin Horn","Frozen Egg 2","Smiling Mask","Oddly Smooth Stone","Torii","Red Mask"],"potions_floor_usage":[6,11,16,16,24,24,29,33],"damage_taken":[{"damage":3,"enemies":"2 Louse","floor":1,"turns":3},{"damage":0,"enemies":"Small Slimes","floor":2,"turns":6},{"damage":1,"enemies":"Cultist","floor":4,"turns":4},{"damage":40,"enemies":"Lagavulin","floor":6,"turns":8},{"damage":10,"enemies":"Looter","floor":7,"turns":4},{"damage":8,"enemies":"Gremlin Nob","floor":11,"turns":3},{"damage":14,"enemies":"Large Slime","floor":12,"turns":5},{"damage":1,"enemies":"3 Louse","floor":13,"turns":3},{"damage":18,"enemies":"3 Sentries","floor":14,"turns":6},{"damage":25,"enemies":"Hexaghost","floor":16,"turns":8},{"damage":26,"enemies":"Shell Parasite","floor":18,"turns":5},{"damage":15,"enemies":"Colosseum Slavers","floor":20,"turns":4},{"damage":15,"enemies":"Slavers","floor":24,"turns":5},{"damage":2,"enemies":"Chosen","floor":25,"turns":5},{"damage":8,"enemies":"Centurion and Healer","floor":27,"turns":5},{"damage":32,"enemies":"Book of Stabbing","floor":29,"turns":5},{"damage":3,"enemies":"3 Cultists","floor":30,"turns":3},{"damage":3,"enemies":"Sentry and Sphere","floor":31,"turns":3},{"damage":25,"enemies":"Champ","floor":33,"turns":9},{"damage":17,"enemies":"3 Darklings","floor":35,"turns":5},{"damage":30,"enemies":"3 Shapes","floor":37,"turns":4},{"damage":26,"enemies":"Jaw Worm Horde","floor":38,"turns":4},{"damage":2,"enemies":"Mind Bloom Boss Battle","floor":39,"turns":5},{"damage":31,"enemies":"Nemesis","floor":40,"turns":5},{"damage":43,"enemies":"Giant Head","floor":42,"turns":6},{"damage":9,"enemies":"Transient","floor":44,"turns":6},{"damage":12,"enemies":"2 Orb Walkers","floor":46,"turns":3},{"damage":0,"enemies":"Writhing Mass","floor":48,"turns":4},{"damage":78,"enemies":"Awakened One","floor":50,"turns":6}],"seed_played":"1158203752696610964","potions_obtained":[{"floor":0,"key":"Dexterity Potion"},{"floor":0,"key":"GamblersBrew"},{"floor":1,"key":"Weak Potion"},{"floor":7,"key":"PowerPotion"},{"floor":12,"key":"FearPotion"},{"floor":21,"key":"Explosive Potion"},{"floor":21,"key":"Fire Potion"},{"floor":25,"key":"Dexterity Potion"},{"floor":31,"key":"Dexterity Potion"},{"floor":33,"key":"Weak Potion"},{"floor":38,"key":"Poison Potion"}],"is_trial":false,"path_per_floor":["M","M","?","M","?","E","M","R","T","$","E","M","M","E","R","B",null,"M","$","?","?","$","R","E","M","T","M","R","E","M","M","R","B",null,"M","$","M","M","?","E","R","E","T","M","$","?","?","M","R","B"],"character_chosen":"IRONCLAD","items_purchased":["Vajra","Combust","True Grit","Inflame","Lee\u0027s Waffle","Oddly Smooth Stone","Corruption+1"],"campfire_rested":2,"item_purchase_floors":[10,10,19,22,36,45,45],"current_hp_per_floor":[71,75,64,69,74,47,43,43,43,43,41,33,38,26,26,7,67,47,47,38,38,38,38,29,33,33,34,34,11,17,23,49,33,74,66,94,73,56,63,41,69,35,35,35,35,32,32,41,41,0],"gold":19,"neow_bonus":"THREE_SMALL_POTIONS","is_prod":false,"is_daily":false,"chose_seed":false,"campfire_upgraded":4,"win_rate":0,"timestamp":1547128207,"path_taken":["M","M","?","M","?","E","M","R","T","$","E","M","M","E","R","BOSS","M","$","?","?","$","R","E","?","T","M","R","E","M","M","R","BOSS","M","$","M","M","?","E","R","E","T","M","$","?","?","?","R","BOSS"],"build_version":"2019-01-03v4","purchased_purges":0,"victory":false,"max_hp_per_floor":[75,75,75,75,80,87,87,87,87,87,87,87,87,87,87,87,87,87,87,87,87,87,87,87,87,87,87,87,87,87,87,87,87,87,87,94,94,94,94,94,94,94,94,94,94,94,94,94,94,94],"card_choices":[{"not_picked":["Reckless Charge","Entrench"],"picked":"Armaments","floor":1},{"not_picked":["Pummel","Blood for Blood"],"picked":"Pommel Strike","floor":2},{"not_picked":["Iron Wave","Corruption"],"picked":"Perfected Strike","floor":4},{"not_picked":["Sword Boomerang","Warcry","Second Wind"],"picked":"SKIP","floor":6},{"not_picked":["Double Tap","Sword Boomerang"],"picked":"Shrug It Off","floor":7},{"not_picked":["Rampage","Demon Form"],"picked":"Headbutt","floor":11},{"not_picked":["Burning Pact","Warcry"],"picked":"Pommel Strike","floor":12},{"not_picked":["Uppercut","Sword Boomerang"],"picked":"Pommel Strike","floor":13},{"not_picked":["Clash","Infernal Blade"],"picked":"Clothesline","floor":14},{"not_picked":["Dark Embrace","Exhume"],"picked":"Impervious","floor":16},{"not_picked":["Whirlwind","Wild Strike"],"picked":"Inflame","floor":18},{"not_picked":["Metallicize","Clash"],"picked":"Rupture+1","floor":24},{"not_picked":["Shrug It Off+1","Headbutt"],"picked":"Disarm+1","floor":25},{"not_picked":["Flex","Twin Strike"],"picked":"Evolve","floor":27},{"not_picked":["Warcry","Power Through"],"picked":"Perfected Strike+1","floor":29},{"not_picked":["Infernal Blade","Searing Blow"],"picked":"Twin Strike","floor":30},{"not_picked":["Clothesline","Flex"],"picked":"Wild Strike+1","floor":31},{"not_picked":["Demon Form","Offering"],"picked":"Limit Break","floor":33},{"not_picked":["Wild Strike","Fire Breathing"],"picked":"Corruption","floor":35},{"not_picked":["Sword Boomerang+1","Combust"],"picked":"Seeing Red","floor":37},{"not_picked":["Wild Strike","Warcry","Anger"],"picked":"SKIP","floor":38},{"not_picked":["Evolve","Sever Soul"],"picked":"Hemokinesis","floor":39},{"not_picked":["Bludgeon","Shrug It Off"],"picked":"Shockwave+1","floor":40},{"not_picked":["Armaments","Pommel Strike"],"picked":"Immolate","floor":42},{"not_picked":["Shrug It Off","Rampage+1"],"picked":"Heavy Blade+1","floor":44},{"not_picked":["Seeing Red","Cleave"],"picked":"Body Slam+1","floor":46},{"not_picked":["Cleave","Havoc"],"picked":"Sword Boomerang","floor":48}],"player_experience":1856862,"relics_obtained":[{"floor":6,"key":"Strawberry"},{"floor":11,"key":"Ornamental Fan"},{"floor":14,"key":"Bag of Preparation"},{"floor":24,"key":"Ancient Tea Set"},{"floor":26,"key":"Magic Flower"},{"floor":29,"key":"Red Skull"},{"floor":39,"key":"Calipers"},{"floor":40,"key":"Gremlin Horn"},{"floor":42,"key":"Frozen Egg 2"},{"floor":43,"key":"Smiling Mask"},{"floor":46,"key":"Torii"}],"event_choices":[{"damage_healed":0,"gold_gain":0,"player_choice":"Success","damage_taken":11,"relics_obtained":["Peace Pipe"],"max_hp_gain":0,"max_hp_loss":0,"event_name":"Scrap Ooze","floor":3,"gold_loss":0},{"damage_healed":0,"gold_gain":0,"player_choice":"Donut","damage_taken":0,"max_hp_gain":5,"max_hp_loss":0,"event_name":"Big Fish","floor":5,"gold_loss":0},{"damage_healed":0,"gold_gain":0,"player_choice":"Fight","damage_taken":0,"max_hp_gain":0,"max_hp_loss":0,"event_name":"Colosseum","floor":20,"gold_loss":0},{"damage_healed":0,"gold_gain":0,"player_choice":"Fled From Nobs","damage_taken":0,"max_hp_gain":0,"max_hp_loss":0,"event_name":"Colosseum","floor":20,"gold_loss":0},{"damage_healed":0,"gold_gain":0,"player_choice":"Bought 2 Potions","damage_taken":0,"max_hp_gain":0,"max_hp_loss":0,"event_name":"The Woman in Blue","floor":21,"gold_loss":0},{"damage_healed":0,"gold_gain":0,"player_choice":"Fight","damage_taken":0,"max_hp_gain":0,"max_hp_loss":0,"event_name":"MindBloom","floor":39,"gold_loss":0},{"damage_healed":0,"gold_gain":0,"player_choice":"Fight","damage_taken":0,"max_hp_gain":0,"max_hp_loss":0,"event_name":"Mysterious Sphere","floor":46,"gold_loss":0},{"damage_healed":0,"gold_gain":0,"player_choice":"Paid","damage_taken":0,"relics_obtained":["Red Mask"],"max_hp_gain":0,"max_hp_loss":0,"event_name":"Tomb of Lord Red Mask","floor":47,"gold_loss":64}],"is_beta":false,"boss_relics":[{"not_picked":["Runic Dome","Tiny House"],"picked":"Philosopher\u0027s Stone"},{"not_picked":["Empty Cage","Orrery"],"picked":"Snecko Eye"}],"items_purged_floors":[],"is_endless":false,"potions_floor_spawned":[1,2,7,12,13,25,31,33,38,39,40],"killed_by":"Awakened One","ascension_level":20}