{"gold_per_floor":[117,42,56,56,68,68,80,80,80,80,114,50,50,65,65,168,168,186,186,101,120,137,169,169,23,23,23,37,37,37,50,50,153,153,168,168,183,197,209,209,226,126,126,153,153,33,48,148,148,148],"floor_reached":51,"playtime":4599,"items_purged":["Strike_B","Strike_B","Defend_B","Strike_B"],"score":844,"play_id":"23d9c853-155a-411a-b1d3-e16f72249c51","local_time":"20190212003730","is_ascension_mode":true,"campfire_choices":[{"data":"Zap","floor":6.0,"key":"SMITH"},{"data":"Barrage","floor":8.0,"key":"SMITH"},{"data":"Capacitor","floor":13.0,"key":"SMITH"},{"floor":15.0,"key":"REST"},{"floor":24.0,"key":"REST"},{"data":"Defragment","floor":27.0,"key":"SMITH"},{"data":"Hologram","floor":30.0,"key":"SMITH"},{"floor":32.0,"key":"REST"},{"floor":40.0,"key":"REST"},{"data":"Reinforced Body","floor":45.0,"key":"SMITH"},{"data":"Double Energy","floor":49,"key":"SMITH"}],"neow_cost":"NONE","seed_source_timestamp":0,"circlet_count":0,"master_deck":["Defend_B","Defend_B","Defend_B","Zap+1","Dualcast","Core Surge","Auto Shields","Cold Snap","Barrage+1","Ball Lightning","Reinforced Body+1","Capacitor+1","Reboot","Electrodynamics","Hologram+1","BootSequence","Double Energy+1","Defragment+1","Leap+1","Writhe","Self Repair","Echo Form","Conserve Battery","FTL+1","Coolheaded+1","Go for the Eyes+1"],"special_seed":0,"relics":["Cracked Core","The Courier","FossilizedHelix","Velvet Choker","Nilry\u0027s Codex","Bag of Preparation","Bronze Scales","Happy Flower","Lantern","Lizard Tail","Pen Nib","Pantograph","Bag of Marbles","Emotion Chip"],"potions_floor_usage":[],"damage_taken":[{"damage":1.0,"enemies":"Cultist","floor":1.0,"turns":3.0},{"damage":12.0,"enemies":"Small Slimes","floor":3.0,"turns":3.0},{"damage":2.0,"enemies":"2 Louse","floor":5.0,"turns":3.0},{"damage":0.0,"enemies":"Blue Slaver","floor":7.0,"turns":3.0},{"damage":18.0,"enemies":"Gremlin Nob","floor":11.0,"turns":4.0},{"damage":0.0,"enemies":"2 Fungi Beasts","floor":14.0,"turns":3.0},{"damage":10.0,"enemies":"Slime Boss","floor":16.0,"turns":8.0},{"damage":0.0,"enemies":"Chosen","floor":18.0,"turns":4.0},{"damage":15.0,"enemies":"Shell Parasite","floor":21.0,"turns":6.0},{"damage":7.0,"enemies":"Snake Plant","floor":22.0,"turns":4.0},{"damage":20.0,"enemies":"Slavers","floor":23.0,"turns":5.0},{"damage":0.0,"enemies":"Cultist and Chosen","floor":28.0,"turns":4.0},{"damage":0.0,"enemies":"Centurion and Healer","floor":31.0,"turns":4.0},{"damage":23.0,"enemies":"Automaton","floor":33.0,"turns":13.0},{"damage":0.0,"enemies":"3 Shapes","floor":35.0,"turns":3.0},{"damage":37.0,"enemies":"3 Darklings","floor":37.0,"turns":8.0},{"damage":24.0,"enemies":"Spire Growth","floor":38.0,"turns":7.0},{"damage":67.0,"enemies":"Jaw Worm Horde","floor":39.0,"turns":7.0},{"damage":24.0,"enemies":"Writhing Mass","floor":41.0,"turns":6.0},{"damage":7.0,"enemies":"Giant Head","floor":44.0,"turns":12.0},{"damage":0.0,"enemies":"Spire Growth","floor":47.0,"turns":4.0},{"damage":21,"enemies":"Mind Bloom Boss Battle","floor":48,"turns":6},{"damage":9,"enemies":"Awakened One","floor":50,"turns":15}],"seed_played":"-8182242026120451251","potions_obtained":[{"floor":1.0,"key":"FearPotion"},{"floor":5.0,"key":"SkillPotion"},{"floor":11.0,"key":"Block Potion"},{"floor":21.0,"key":"Poison Potion"},{"floor":28.0,"key":"SkillPotion"},{"floor":37.0,"key":"Weak Potion"},{"floor":44.0,"key":"Strength Potion"},{"floor":48,"key":"Block Potion"}],"is_trial":false,"path_per_floor":["M","$","M","?","M","R","M","R","T","?","E","$","R","M","R","B",null,"M","?","?","M","M","E","R","$","T","R","M","?","R","M","R","B",null,"M","?","M","M","M","R","M","$","T","E","R","$","M","?","R","B",null],"character_chosen":"DEFECT","items_purchased":["Capacitor","Defragment"],"campfire_rested":4,"item_purchase_floors":[12,25],"current_hp_per_floor":[74,74,62,62,60,60,60,60,60,65,47,47,47,47,71,61,80,80,64,64,49,42,22,46,46,46,46,46,46,46,46,70,54,80,80,80,50,33,20,44,34,34,34,34,34,34,48,66,66,78],"gold":148,"neow_bonus":"TRANSFORM_CARD","is_prod":false,"is_daily":false,"chose_seed":false,"campfire_upgraded":7,"win_rate":0,"timestamp":1549928250,"path_taken":["M","$","M","?","M","R","M","R","T","?","E","$","R","M","R","BOSS","M","?","?","M","M","E","R","$","T","R","M","?","R","?","R","BOSS","M","?","?","M","M","R","M","$","T","E","R","$","M","?","R","BOSS"],"build_version":"2019-01-23","purchased_purges":4,"victory":true,"max_hp_per_floor":[75,75,75,75,75,75,75,75,75,80,80,80,80,80,80,80,80,80,80,80,80,80,80,80,80,80,80,80,80,80,80,80,80,80,80,80,80,80,80,80,80,80,80,80,80,80,80,80,80,80],"card_choices":[{"not_picked":["Rip and Tear","Storm"],"picked":"Auto Shields","floor":1.0},{"not_picked":["Ball Lightning","Tempest"],"picked":"Cold Snap","floor":3.0},{"not_picked":["Leap","Steam Power"],"picked":"Barrage","floor":5.0},{"not_picked":["Sweeping Beam","Fusion"],"picked":"Ball Lightning","floor":7.0},{"not_picked":["Go for the Eyes","Ball Lightning"],"picked":"Reinforced Body","floor":11.0},{"not_picked":["Compile Driver","Redo"],"picked":"Reboot","floor":14.0},{"not_picked":["Rainbow","Buffer"],"picked":"Electrodynamics","floor":16.0},{"not_picked":["Turbo+1","Stack+1"],"picked":"Hologram","floor":18.0},{"not_picked":["Rebound+1","Streamline+1","Gash"],"picked":"SKIP","floor":21.0},{"not_picked":["Redo","Hologram"],"picked":"BootSequence","floor":22.0},{"not_picked":["Cold Snap","Tempest+1"],"picked":"Double Energy","floor":23.0},{"not_picked":["Rip and Tear","Stack+1"],"picked":"Leap+1","floor":28.0},{"not_picked":["Amplify","Go for the Eyes+1"],"picked":"Self Repair","floor":31.0},{"not_picked":["Amplify","Biased Cognition"],"picked":"Echo Form","floor":33.0},{"not_picked":["Hologram","Streamline"],"picked":"Conserve Battery","floor":35.0},{"not_picked":["Conserve Battery","Gash+1","Barrage"],"picked":"SKIP","floor":37.0},{"not_picked":["Echo Form","BootSequence+1"],"picked":"FTL+1","floor":38.0},{"not_picked":["Darkness+1","Recycle+1","Skim+1"],"picked":"SKIP","floor":39.0},{"not_picked":["Loop","Redo+1"],"picked":"Coolheaded+1","floor":41.0},{"not_picked":["Rebound","Redo+1","Beam Cell"],"picked":"SKIP","floor":44.0},{"not_picked":["Aggregate","Redo+1","Hello World+1"],"picked":"SKIP","floor":47.0},{"not_picked":["Coolheaded","Barrage+1"],"picked":"Go for the Eyes+1","floor":48}],"player_experience":64961,"relics_obtained":[{"floor":9.0,"key":"The Courier"},{"floor":11.0,"key":"FossilizedHelix"},{"floor":19.0,"key":"Nilry\u0027s Codex"},{"floor":23.0,"key":"Bronze Scales"},{"floor":26.0,"key":"Happy Flower"},{"floor":43.0,"key":"Pantograph"},{"floor":44.0,"key":"Bag of Marbles"},{"floor":48,"key":"Emotion Chip"}],"event_choices":[{"damage_healed":0.0,"max_hp_gain":0.0,"max_hp_loss":0.0,"gold_gain":0.0,"event_name":"Liars Game","player_choice":"Ignored","floor":4.0,"gold_loss":0.0,"damage_taken":0.0},{"damage_healed":0.0,"max_hp_gain":5.0,"max_hp_loss":0.0,"gold_gain":0.0,"event_name":"Big Fish","player_choice":"Donut","floor":10.0,"gold_loss":0.0,"damage_taken":0.0},{"damage_healed":0.0,"max_hp_gain":0.0,"max_hp_loss":0.0,"gold_gain":0.0,"event_name":"Cursed Tome","player_choice":"Obtained Book","floor":19.0,"gold_loss":0.0,"damage_taken":16.0},{"damage_healed":0.0,"max_hp_gain":0.0,"max_hp_loss":0.0,"gold_gain":0.0,"event_name":"Addict","player_choice":"Obtained Relic","floor":20.0,"gold_loss":85.0,"damage_taken":0.0,"relics_obtained":["Bag of Preparation"]},{"damage_healed":0.0,"max_hp_gain":0.0,"max_hp_loss":0.0,"gold_gain":0.0,"event_name":"The Mausoleum","player_choice":"Opened","floor":29.0,"gold_loss":0.0,"damage_taken":0.0,"relics_obtained":["Lantern"],"cards_obtained":["Writhe"]},{"damage_healed":0.0,"max_hp_gain":0.0,"max_hp_loss":0.0,"gold_gain":0.0,"event_name":"WeMeetAgain","player_choice":"Gave Potion","floor":36.0,"gold_loss":0.0,"damage_taken":0.0,"relics_obtained":["Pen Nib"]},{"damage_healed":0,"gold_gain":0,"player_choice":"Fight","damage_taken":0,"max_hp_gain":0,"max_hp_loss":0,"event_name":"MindBloom","floor":48,"gold_loss":0}],"is_beta":false,"boss_relics":[{"not_picked":["Black Star","Nuclear Battery"],"picked":"Velvet Choker"},{"not_picked":["Fusion Hammer","Calling Bell"],"picked":"Lizard Tail"}],"items_purged_floors":[2,25,42,46],"is_endless":false,"potions_floor_spawned":[1,5,11,14,21,28,33,37,44,48],"ascension_level":3}