{"path_per_floor":["M","M","$","M","?","R","E","R","T","R","M","$","M","E","R","B",null,"M","$","?","M","M","R","E","R","T","R","E","?","E","?","R","B",null,"M","$","?","?","M","R","M","R","T","E","?","M","R","M","R","B"],"character_chosen":"IRONCLAD","items_purchased":["Flex","Champion Belt","Bag of Preparation","Orichalcum","Bag of Marbles"],"gold_per_floor":[112,126,76,90,90,90,420,420,447,447,462,10,21,50,50,153,153,170,26,26,44,57,57,83,83,83,83,116,116,141,141,141,244,244,254,26,26,26,39,39,56,56,56,85,85,97,97,109,109,109],"floor_reached":51,"campfire_rested":4,"playtime":1768,"current_hp_per_floor":[80,73,73,76,76,76,46,70,70,70,72,72,64,60,60,35,80,71,71,71,73,75,75,71,71,71,71,59,59,48,48,80,59,80,76,76,76,66,65,65,67,67,80,85,85,63,107,74,107,22],"items_purged":["Defend_R"],"gold":109,"score":698,"play_id":"f9581fda-b94d-4700-bf92-c9559ac7caf5","is_prod":false,"is_daily":false,"is_ascension_mode":true,"campfire_upgraded":8,"path_taken":["M","?","$","M","?","R","E","R","T","R","M","?","M","E","R","BOSS","M","$","?","M","M","R","E","R","T","R","E","?","E","?","R","BOSS","M","$","?","?","M","R","M","R","T","E","?","M","R","M","R","BOSS"],"build_version":"2018-02-22-PROD2","purchased_purges":2,"victory":true,"master_deck":["Strike_R","Strike_R","Strike_R","Defend_R","Defend_R","Bash+1","Thunderclap+1","Thunderclap","Flex+1","Cleave+1","Offering+1","Perfected Strike","Twin Strike","Inflame+1","Inflame+1","Cleave+1","Offering+1","Perfected Strike+1","Twin Strike","Exhume+1","Clash","Madness+1","Madness+1","Dual Wield+1","Pain"],"max_hp_per_floor":[80,80,80,80,80,80,80,80,80,80,80,80,80,80,80,80,80,80,80,80,80,80,80,80,80,80,80,80,80,80,80,80,80,80,80,80,80,80,80,80,80,80,93,107,107,107,107,107,107,107],"relics":["Burning Blood","Old Coin","Vajra","Champion Belt","Bag of Preparation","Shuriken","Black Star","Orichalcum","Happy Flower","Regal Pillow","Calipers","Bottled Flame","Toxic Egg 2","Matryoshka","Darkstone Periapt","Cursed Key","Bag of Marbles","Strawberry","Unceasing Top","Charon\u0027s Ashes","Mango"],"card_choices":[{"not_picked":["Spot Weakness","Clothesline"],"picked":"Thunderclap"},{"not_picked":["Shockwave","Iron Wave"],"picked":"Cleave"},{"not_picked":["Anger","Uppercut"],"picked":"Offering"},{"not_picked":["Feel No Pain","Battle Trance"],"picked":"Perfected Strike"},{"not_picked":["Rampage","Feel No Pain"],"picked":"Twin Strike"},{"not_picked":["Infernal Blade","Sentinel"],"picked":"Inflame"},{"not_picked":["Body Slam","Warcry"],"picked":"Inflame"},{"not_picked":["Flex","Flame Barrier"],"picked":"Clash"},{"not_picked":["Clash","Sword Boomerang"],"picked":"Cleave"},{"not_picked":["Armaments","Rage"],"picked":"Offering"},{"not_picked":["Reckless Charge","Warcry"],"picked":"Perfected Strike"},{"not_picked":["Barricade","Dark Embrace"],"picked":"Exhume"},{"not_picked":["Cleave","Second Wind"],"picked":"Clash"},{"not_picked":["Intimidate","Searing Blow"],"picked":"Dual Wield"}],"player_experience":149006,"potions_floor_usage":[4,16,16,33,33],"damage_taken":[{"damage":6,"enemies":"Cultist","floor":1,"turns":4},{"damage":13,"enemies":"Jaw Worm","floor":2,"turns":4},{"damage":3,"enemies":"2 Louse","floor":4,"turns":2},{"damage":36,"enemies":"Lagavulin","floor":7,"turns":5},{"damage":4,"enemies":"Looter","floor":11,"turns":1},{"damage":14,"enemies":"Exordium Wildlife","floor":13,"turns":3},{"damage":10,"enemies":"3 Sentries","floor":14,"turns":2},{"damage":40,"enemies":"Hexaghost","floor":16,"turns":5},{"damage":15,"enemies":"2 Thieves","floor":18,"turns":2},{"damage":4,"enemies":"Chosen","floor":21,"turns":2},{"damage":4,"enemies":"3 Cultists","floor":22,"turns":2},{"damage":10,"enemies":"Gremlin Leader","floor":24,"turns":3},{"damage":18,"enemies":"Slavers","floor":28,"turns":3},{"damage":17,"enemies":"Book of Stabbing","floor":30,"turns":3},{"damage":39,"enemies":"Automaton","floor":33,"turns":6},{"damage":10,"enemies":"Orb Walker","floor":35,"turns":2},{"damage":7,"enemies":"3 Shapes","floor":39,"turns":2},{"damage":4,"enemies":"3 Darklings","floor":41,"turns":2},{"damage":15,"enemies":"Nemesis","floor":44,"turns":3},{"damage":28,"enemies":"Maw","floor":46,"turns":3},{"damage":39,"enemies":"Sphere and 2 Shapes","floor":48,"turns":1},{"damage":91,"enemies":"Awakened One","floor":50,"turns":5}],"event_choices":[{"event_name":"Living Wall","player_choice":"Grow","floor":5,"damage_taken":0},{"event_name":"Vampires","player_choice":"Ignored","floor":20,"damage_taken":0},{"event_name":"Transmorgrifier","player_choice":"Transform","floor":29,"damage_taken":0},{"event_name":"Purifier","player_choice":"One Purge","floor":31,"damage_taken":0},{"event_name":"Winding Halls","player_choice":"Embrace Madness","floor":38,"damage_taken":0},{"event_name":"Mysterious Sphere","player_choice":"Ignore","floor":45,"damage_taken":0}],"boss_relics":[{"not_picked":["Orrery","Sozu"],"picked":"Black Star"},{"not_picked":["Runic Pyramid","Black Blood"],"picked":"Cursed Key"}],"potions_floor_spawned":[1,7,14,16,18,33,41,46,48],"seed_played":"5559811553403242367","ascension_level":2,"is_trial":false}