{"gold_per_floor":[112,112,112,130,34,34,64,64,64,64,74,133,146,177,177,177],"floor_reached":16,"playtime":1167,"items_purged":[],"score":113,"play_id":"f990dbdf-7ab3-4793-b856-0f64877841f8","local_time":"20190210193828","is_ascension_mode":true,"campfire_choices":[{"data":"Chill","floor":6,"key":"SMITH"},{"data":"Dualcast","floor":8,"key":"SMITH"},{"data":"Redo","floor":10,"key":"SMITH"},{"data":"Creative AI","floor":15,"key":"SMITH"}],"neow_cost":"NONE","seed_source_timestamp":246823260896987,"circlet_count":0,"master_deck":["Strike_B+1","Strike_B","Strike_B","Defend_B","Defend_B","Defend_B","Defend_B","Zap","Dualcast+1","Rainbow","Redo+1","Compile Driver","Chill+1","Barrage+1","White Noise","Double Energy","Creative AI+1","Self Repair","Steam"],"relics":["Cracked Core","Potion Belt","Meat on the Bone","Whetstone","Bottled Flame"],"potions_floor_usage":[13,14],"damage_taken":[{"damage":13,"enemies":"Small Slimes","floor":1,"turns":3},{"damage":6,"enemies":"2 Louse","floor":4,"turns":3},{"damage":16,"enemies":"3 Sentries","floor":7,"turns":7},{"damage":0,"enemies":"Cultist","floor":11,"turns":3},{"damage":17,"enemies":"Lagavulin Event","floor":12,"turns":6},{"damage":6,"enemies":"Exordium Thugs","floor":13,"turns":3},{"damage":33,"enemies":"Gremlin Nob","floor":14,"turns":4},{"damage":31,"enemies":"Hexaghost","floor":16,"turns":9}],"seed_played":"-3200820696770715170","potions_obtained":[{"floor":1,"key":"FearPotion"},{"floor":7,"key":"Ancient Potion"},{"floor":11,"key":"FocusPotion"},{"floor":12,"key":"Strength Potion"}],"is_trial":false,"path_per_floor":["M","?","?","M","$","R","E","R","T","R","M","?","M","E","R","B"],"character_chosen":"DEFECT","items_purchased":["Chill","Barrage"],"campfire_rested":0,"item_purchase_floors":[5,5],"current_hp_per_floor":[62,55,75,69,69,69,53,53,53,53,53,48,42,28,28,0],"gold":177,"neow_bonus":"ONE_RANDOM_RARE_CARD","is_prod":false,"is_daily":false,"chose_seed":false,"campfire_upgraded":4,"win_rate":0,"timestamp":1549823908,"path_taken":["M","?","?","?","?","R","E","R","T","R","M","?","M","E","R","BOSS"],"build_version":"2019-01-23","purchased_purges":0,"victory":false,"max_hp_per_floor":[75,75,75,75,75,75,75,75,75,75,75,75,75,75,75,75],"card_choices":[{"not_picked":["Chaos","Barrage"],"picked":"Redo","floor":1},{"not_picked":["Cold Snap","Ball Lightning"],"picked":"Compile Driver","floor":4},{"not_picked":["Compile Driver","Stack"],"picked":"White Noise","floor":7},{"not_picked":["Go for the Eyes","Sweeping Beam"],"picked":"Double Energy","floor":11},{"not_picked":["Rip and Tear","Gash"],"picked":"Creative AI","floor":12},{"not_picked":["Beam Cell","Sweeping Beam"],"picked":"Self Repair","floor":13},{"not_picked":["Reprogram","Barrage"],"picked":"Steam","floor":14}],"player_experience":147864,"relics_obtained":[{"floor":7,"key":"Potion Belt"},{"floor":9,"key":"Meat on the Bone"},{"floor":12,"key":"Whetstone"},{"floor":14,"key":"Bottled Flame"}],"event_choices":[{"cards_removed":["Strike_B"],"damage_healed":0,"gold_gain":0,"player_choice":"Card Removal","damage_taken":7,"max_hp_gain":0,"max_hp_loss":0,"event_name":"Golden Wing","floor":2,"gold_loss":0},{"damage_healed":20,"gold_gain":0,"player_choice":"Full Heal","damage_taken":0,"max_hp_gain":0,"max_hp_loss":0,"event_name":"Wheel of Change","floor":3,"gold_loss":0},{"damage_healed":0,"gold_gain":30,"player_choice":"Searched \u00272\u0027 times","damage_taken":0,"max_hp_gain":0,"max_hp_loss":0,"event_name":"Dead Adventurer","floor":12,"gold_loss":0}],"is_beta":false,"boss_relics":[],"items_purged_floors":[],"is_endless":false,"potions_floor_spawned":[1,7,11,12],"killed_by":"Hexaghost","ascension_level":1}