{"gold_per_floor":[110,110,35,50,60,60,74,90,90,106,281,281,83,102,102,203,203,220,234,234,3,16,16,34,34,60,60,76,102,102,122,122,223,223,235,110,90,104,104,104,104,12,12,26,26,56,56,56],"floor_reached":48,"playtime":3409,"items_purged":["Strike_G","Strike_G","Strike_G"],"score":671,"play_id":"824b82e8-2f70-4e95-a874-465bfd469494","local_time":"20190115005713","is_ascension_mode":true,"campfire_choices":[{"data":"Neutralize","floor":6.0,"key":"SMITH"},{"floor":12.0,"key":"REST"},{"data":"Footwork","floor":15.0,"key":"SMITH"},{"floor":23.0,"key":"REST"},{"floor":25.0,"key":"REST"},{"floor":30,"key":"REST"},{"floor":32,"key":"REST"},{"floor":40,"key":"REST"},{"floor":45,"key":"REST"}],"neow_cost":"NONE","seed_source_timestamp":15126201337941,"circlet_count":0,"master_deck":["Defend_G","Defend_G","Defend_G","Defend_G","Defend_G","Strike_G+1","Survivor","Neutralize+1","Catalyst+1","Dagger Throw","Footwork+1","Backflip","Doubt","Catalyst","Poisoned Stab+1","Backflip","Adrenaline","Prepared+1","Bouncing Flask","Backflip","Leg Sweep+1","Bane+1","Cloak And Dagger","Escape Plan","Night Terror","Footwork+1","The Bomb","Footwork","Dodge and Roll"],"special_seed":0,"relics":["Ring of the Snake","Letter Opener","Philosopher\u0027s Stone","MutagenicStrength","TwistedFunnel","Orichalcum","Whetstone","Runic Pyramid","Paper Crane","Gremlin Horn"],"potions_floor_usage":[29,33,46,46,46],"damage_taken":[{"damage":0.0,"enemies":"Small Slimes","floor":1.0,"turns":5.0},{"damage":2.0,"enemies":"Cultist","floor":4.0,"turns":5.0},{"damage":0.0,"enemies":"Jaw Worm","floor":5.0,"turns":5.0},{"damage":1.0,"enemies":"Looter","floor":7.0,"turns":5.0},{"damage":11.0,"enemies":"3 Louse","floor":8.0,"turns":4.0},{"damage":12.0,"enemies":"Lots of Slimes","floor":10.0,"turns":4.0},{"damage":2.0,"enemies":"Exordium Wildlife","floor":14.0,"turns":6.0},{"damage":37.0,"enemies":"The Guardian","floor":16.0,"turns":18.0},{"damage":14.0,"enemies":"Spheric Guardian","floor":18.0,"turns":6.0},{"damage":37.0,"enemies":"3 Byrds","floor":19.0,"turns":6.0},{"damage":11.0,"enemies":"Shelled Parasite and Fungi","floor":22.0,"turns":5.0},{"damage":0.0,"enemies":"Centurion and Healer","floor":24.0,"turns":7.0},{"damage":19.0,"enemies":"Sentry and Sphere","floor":28.0,"turns":5.0},{"damage":5,"enemies":"Gremlin Leader","floor":29,"turns":5},{"damage":11,"enemies":"Chosen and Byrds","floor":31,"turns":6},{"damage":33,"enemies":"Automaton","floor":33,"turns":12},{"damage":31,"enemies":"3 Darklings","floor":35,"turns":11},{"damage":0,"enemies":"Orb Walker","floor":38,"turns":3},{"damage":14,"enemies":"Spire Growth","floor":44,"turns":5},{"damage":44,"enemies":"Reptomancer","floor":46,"turns":5},{"damage":28,"enemies":"3 Darklings","floor":48,"turns":2}],"seed_played":"4900304498937538531","potions_obtained":[{"floor":1.0,"key":"Block Potion"},{"floor":7.0,"key":"Fire Potion"},{"floor":10.0,"key":"SteroidPotion"},{"floor":19.0,"key":"LiquidBronze"},{"floor":28.0,"key":"Dexterity Potion"},{"floor":31,"key":"Block Potion"},{"floor":33,"key":"PowerPotion"},{"floor":37,"key":"Block Potion"},{"floor":38,"key":"Explosive Potion"}],"is_trial":false,"path_per_floor":["M","?","$","M","M","R","M","M","T","M","?","R","$","M","R","B",null,"M","M","?","$","M","R","M","R","T","?","M","E","R","M","R","B",null,"M","$","?","M","?","R","?","$","T","M","R","E","$","M"],"character_chosen":"THE_SILENT","items_purchased":["Catalyst","Poisoned Stab","TwistedFunnel","Backflip","Footwork","Dodge and Roll"],"campfire_rested":7,"item_purchase_floors":[13,13,21,21,42,42],"current_hp_per_floor":[70,70,70,68,68,68,67,56,56,44,44,67,67,65,65,28,65,51,14,14,14,3,26,26,49,49,49,30,25,48,37,60,27,65,34,34,34,34,34,55,55,55,55,41,62,18,18,0],"gold":56,"neow_bonus":"TEN_PERCENT_HP_BONUS","is_prod":false,"is_daily":false,"chose_seed":false,"campfire_upgraded":2,"win_rate":0,"timestamp":1547531833,"path_taken":["M","?","?","M","M","R","M","M","T","M","?","R","?","M","R","BOSS","M","M","?","$","M","R","M","R","T","?","?","E","R","M","R","BOSS","M","$","?","?","?","R","?","$","T","M","R","E","?","M"],"build_version":"2019-01-10","purchased_purges":3,"victory":false,"max_hp_per_floor":[77,77,77,77,77,77,77,77,77,77,77,77,77,77,77,77,77,77,77,77,77,77,77,77,77,77,77,77,77,77,77,77,77,77,77,77,77,77,73,73,73,73,73,73,73,73,73,73],"card_choices":[{"not_picked":["Choke","Well Laid Plans"],"picked":"Catalyst","floor":1.0},{"not_picked":["Choke","Outmaneuver"],"picked":"Dagger Throw","floor":4.0},{"not_picked":["Underhanded Strike","PiercingWail"],"picked":"Footwork","floor":5.0},{"not_picked":["All Out Attack","Quick Slash","Flying Knee"],"picked":"SKIP","floor":7.0},{"not_picked":["Terror","Outmaneuver"],"picked":"Backflip","floor":8.0},{"not_picked":["Distraction","Infinite Blades","Calculated Gamble"],"picked":"SKIP","floor":10.0},{"not_picked":["Glass Knife","Slice"],"picked":"Backflip","floor":14.0},{"not_picked":["Bullet Time","Venomology"],"picked":"Adrenaline","floor":16.0},{"not_picked":["Outmaneuver","Dash"],"picked":"Prepared+1","floor":18.0},{"not_picked":["PiercingWail","Acrobatics"],"picked":"Bouncing Flask","floor":19.0},{"not_picked":["Deflect","Poisoned Stab"],"picked":"Leg Sweep+1","floor":22.0},{"not_picked":["Skewer","All Out Attack"],"picked":"Bane+1","floor":24.0},{"not_picked":["Prepared+1","Expertise+1","Dash"],"picked":"SKIP","floor":28.0},{"not_picked":["Die Die Die","Terror+1"],"picked":"Cloak And Dagger","floor":29},{"not_picked":["Flying Knee","Masterful Stab"],"picked":"Escape Plan","floor":31},{"not_picked":["After Image","Venomology"],"picked":"Night Terror","floor":33},{"not_picked":["Dagger Spray+1","Cloak And Dagger"],"picked":"Footwork+1","floor":35},{"not_picked":["Tactician","Flying Knee","All Out Attack+1"],"picked":"SKIP","floor":38},{"not_picked":["Finesse","Bandage Up"],"picked":"The Bomb","floor":41},{"not_picked":["Deadly Poison+1","Backflip","Sucker Punch"],"picked":"SKIP","floor":44},{"not_picked":["Cloak And Dagger+1","Well Laid Plans+1","Dagger Spray+1"],"picked":"SKIP","floor":46}],"player_experience":371591,"relics_obtained":[{"floor":9.0,"key":"Letter Opener"},{"floor":26.0,"key":"Orichalcum"},{"floor":29,"key":"Whetstone"},{"floor":43,"key":"Paper Crane"},{"floor":46,"key":"Gremlin Horn"}],"event_choices":[{"cards_removed":["Strike_G"],"damage_healed":0.0,"max_hp_gain":0.0,"max_hp_loss":0.0,"gold_gain":0.0,"event_name":"Bonfire Elementals","player_choice":"Offered Basic","floor":2.0,"gold_loss":0.0,"damage_taken":0.0},{"damage_healed":0.0,"max_hp_gain":0.0,"max_hp_loss":0.0,"gold_gain":175.0,"event_name":"Liars Game","player_choice":"AGREE","floor":11.0,"gold_loss":0.0,"damage_taken":0.0,"cards_obtained":["Doubt"]},{"damage_healed":0.0,"max_hp_gain":0.0,"max_hp_loss":0.0,"gold_gain":0.0,"event_name":"Drug Dealer","player_choice":"Inject Mutagens","floor":20.0,"gold_loss":0.0,"damage_taken":0.0,"relics_obtained":["MutagenicStrength"]},{"damage_healed":0.0,"max_hp_gain":0.0,"max_hp_loss":0.0,"gold_gain":0.0,"event_name":"Accursed Blacksmith","player_choice":"Forge","floor":27.0,"gold_loss":0.0,"damage_taken":0.0,"cards_upgraded":["Catalyst"]},{"damage_healed":0,"gold_gain":0,"player_choice":"Bought 1 Potion","damage_taken":0,"max_hp_gain":0,"max_hp_loss":0,"event_name":"The Woman in Blue","floor":37,"gold_loss":0},{"damage_healed":0,"gold_gain":0,"player_choice":"Max HP","damage_taken":0,"max_hp_gain":0,"max_hp_loss":4,"event_name":"Winding Halls","floor":39,"gold_loss":0},{"damage_healed":0,"gold_gain":0,"player_choice":"Memory 1","damage_taken":0,"max_hp_gain":0,"max_hp_loss":0,"event_name":"SensoryStone","floor":41,"gold_loss":0}],"is_beta":false,"boss_relics":[{"not_picked":["Snecko Eye","Black Star"],"picked":"Philosopher\u0027s Stone"},{"not_picked":["WristBlade","Cursed Key"],"picked":"Runic Pyramid"}],"items_purged_floors":[3,13,36],"is_endless":false,"potions_floor_spawned":[1,7,10,19,28,31,33,38,44],"killed_by":"3 Darklings","ascension_level":7}