{"gold_per_floor":[212,212,223,223,242,242,258,275,299,361,407,419,431,458,470,482],"floor_reached":16,"playtime":410,"items_purged":[],"score":194,"play_id":"a65b87ab-ce3e-436e-917d-be2c59dbefb0","local_time":"20181001155316","is_ascension_mode":true,"campfire_choices":[{"data":"Bash","floor":6,"key":"SMITH"},{"floor":13,"key":"REST"},{"data":"Flame Barrier","floor":15,"key":"SMITH"}],"neow_cost":"NONE","seed_source_timestamp":627541579887407,"circlet_count":0,"master_deck":["Strike_R","Strike_R+1","Strike_R","Strike_R","Strike_R","Defend_R","Defend_R","Defend_R","Defend_R","Bash+1","AscendersBane","Pommel Strike+1","Anger","Shrug It Off","Corruption","Flame Barrier+1","Pummel"],"relics":["Burning Blood","Potion Belt","MawBank","Vajra"],"potions_floor_usage":[7,8],"damage_taken":[{"damage":4,"enemies":"Small Slimes","floor":1,"turns":4},{"damage":4,"enemies":"Jaw Worm","floor":3,"turns":4},{"damage":1,"enemies":"Cultist","floor":5,"turns":3},{"damage":12,"enemies":"Exordium Wildlife","floor":7,"turns":4},{"damage":13,"enemies":"Large Slime","floor":8,"turns":5},{"damage":12,"enemies":"Lagavulin","floor":11,"turns":7},{"damage":6,"enemies":"Looter","floor":14,"turns":3},{"damage":52,"enemies":"The Guardian","floor":16,"turns":13}],"seed_played":"6041718384684634425","potions_obtained":[{"floor":3,"key":"Block Potion"},{"floor":5,"key":"SteroidPotion"},{"floor":7,"key":"Fire Potion"}],"is_trial":false,"path_per_floor":["M","?","M","?","M","R","M","M","T","?","E","?","R","M","R"],"character_chosen":"IRONCLAD","items_purchased":[],"campfire_rested":1,"item_purchase_floors":[],"current_hp_per_floor":[70,47,49,44,49,49,43,36,36,36,30,30,52,52,52,0],"gold":482,"neow_bonus":"HUNDRED_GOLD","is_prod":false,"is_daily":false,"chose_seed":false,"campfire_upgraded":2,"win_rate":0,"timestamp":1538401996,"path_taken":["M","?","M","?","M","R","M","M","T","?","E","?","R","?","R","BOSS"],"build_version":"2018-09-27","purchased_purges":0,"victory":false,"max_hp_per_floor":[75,75,75,75,75,75,75,75,75,75,75,75,75,75,75,75],"card_choices":[{"not_picked":["Sword Boomerang","Flex"],"picked":"Pommel Strike","floor":1},{"not_picked":["Dropkick","Rage"],"picked":"Anger","floor":3},{"not_picked":["Wild Strike","Flex","Sword Boomerang"],"picked":"SKIP","floor":5},{"not_picked":["Dropkick","Searing Blow"],"picked":"Shrug It Off","floor":7},{"not_picked":["Twin Strike","Corruption","Anger"],"picked":"SKIP","floor":8},{"not_picked":["Twin Strike","Anger"],"picked":"Corruption","floor":8},{"not_picked":["Cleave","Burning Pact"],"picked":"Flame Barrier","floor":11},{"not_picked":["Rampage","Combust"],"picked":"Pummel","floor":14}],"player_experience":1500987,"relics_obtained":[{"floor":9,"key":"MawBank"},{"floor":11,"key":"Vajra"}],"event_choices":[{"event_name":"Shining Light","player_choice":"Entered Light","floor":2,"damage_taken":0},{"event_name":"Scrap Ooze","player_choice":"success","floor":4,"damage_taken":5},{"event_name":"Golden Shrine","player_choice":"Pray","floor":10,"damage_taken":0},{"event_name":"Golden Idol","player_choice":"Ignored","floor":12,"damage_taken":0}],"is_beta":false,"boss_relics":[],"items_purged_floors":[],"is_endless":false,"potions_floor_spawned":[3,5,7],"killed_by":"The Guardian","ascension_level":18}