{"gold_per_floor":[20,37,48,68,86,86,36,36,85,116,116,126,126,126,126,203,203,222,241,255,104,120,120,135,135,135,145,245,50,80,94,94,170,170,181,191,206,81,94,94,108,108,108,0,0,0,0,14,14,14],"floor_reached":51,"playtime":4194,"items_purged":["Strike_G","Strike_G","Defend_G"],"score":1110,"play_id":"9db65a12-21ea-4d46-bdc4-cc931fbb3f76","local_time":"20190209214233","is_ascension_mode":true,"campfire_choices":[{"data":"Predator","floor":6.0,"key":"SMITH"},{"data":"Dagger Throw","floor":8.0,"key":"SMITH"},{"data":"Survivor","floor":15.0,"key":"SMITH"},{"floor":23.0,"key":"REST"},{"data":"Well Laid Plans","floor":32.0,"key":"SMITH"},{"data":"Calculated Gamble","floor":40,"key":"SMITH"},{"floor":49,"key":"REST"}],"neow_cost":"NO_GOLD","seed_source_timestamp":18877798025500,"circlet_count":0,"master_deck":["AscendersBane","Defend_G","Defend_G","Defend_G","Defend_G","Survivor+1","Neutralize","Grand Finale","Predator+1","Well Laid Plans+1","Acrobatics","Escape Plan","Backflip+1","Doppelganger","Reflex","Calculated Gamble","Leg Sweep","Finesse","Backflip+1","Acrobatics","Calculated Gamble+1","Flash of Steel","Dagger Throw"],"special_seed":0,"relics":["Ring of the Snake","PreservedInsect","Sundial","Happy Flower","WristBlade","Thread and Needle","WingedGreaves","Paper Crane","Tiny Chest","Empty Cage","Regal Pillow","Red Mask"],"potions_floor_usage":[39],"damage_taken":[{"damage":7.0,"enemies":"Jaw Worm","floor":1.0,"turns":5.0},{"damage":0.0,"enemies":"Small Slimes","floor":2.0,"turns":3.0},{"damage":0.0,"enemies":"2 Louse","floor":3.0,"turns":3.0},{"damage":6.0,"enemies":"Lots of Slimes","floor":4.0,"turns":6.0},{"damage":2.0,"enemies":"3 Louse","floor":5.0,"turns":4.0},{"damage":12.0,"enemies":"3 Sentries","floor":10.0,"turns":5.0},{"damage":0.0,"enemies":"Large Slime","floor":12.0,"turns":3.0},{"damage":9.0,"enemies":"The Guardian","floor":16.0,"turns":10.0},{"damage":11.0,"enemies":"Shell Parasite","floor":18.0,"turns":6.0},{"damage":0.0,"enemies":"Spheric Guardian","floor":19.0,"turns":2.0},{"damage":26.0,"enemies":"Snake Plant","floor":20.0,"turns":5.0},{"damage":8.0,"enemies":"Snecko","floor":22.0,"turns":5.0},{"damage":8.0,"enemies":"Sentry and Sphere","floor":24.0,"turns":3.0},{"damage":0.0,"enemies":"Centurion and Healer","floor":27.0,"turns":3.0},{"damage":0.0,"enemies":"Colosseum Slavers","floor":28.0,"turns":3.0},{"damage":0.0,"enemies":"Colosseum Nobs","floor":28.0,"turns":3.0},{"damage":0.0,"enemies":"Cultist and Chosen","floor":31.0,"turns":4.0},{"damage":3.0,"enemies":"Collector","floor":33.0,"turns":6.0},{"damage":0.0,"enemies":"3 Shapes","floor":35.0,"turns":2.0},{"damage":0.0,"enemies":"Orb Walker","floor":36.0,"turns":3.0},{"damage":0.0,"enemies":"Sphere and 2 Shapes","floor":37.0,"turns":3.0},{"damage":7,"enemies":"Writhing Mass","floor":39,"turns":7},{"damage":0,"enemies":"Jaw Worm Horde","floor":41,"turns":2},{"damage":0,"enemies":"3 Darklings","floor":48,"turns":3},{"damage":0,"enemies":"Awakened One","floor":50,"turns":14}],"seed_played":"3579277836448018988","potions_obtained":[{"floor":3.0,"key":"SkillPotion"},{"floor":5.0,"key":"Energy Potion"},{"floor":10.0,"key":"Swift Potion"},{"floor":20.0,"key":"EssenceOfSteel"},{"floor":24.0,"key":"SmokeBomb"},{"floor":27.0,"key":"EssenceOfSteel"},{"floor":31.0,"key":"Block Potion"},{"floor":33.0,"key":"Poison Potion"},{"floor":48,"key":"SkillPotion"}],"is_trial":false,"path_per_floor":["?","?","?","?","M","?","?","$","?","?","?","$","?","?"],"character_chosen":"THE_SILENT","items_purchased":["Calculated Gamble","Finesse"],"campfire_rested":2,"item_purchase_floors":[21,29],"current_hp_per_floor":[52,52,52,46,44,44,44,44,44,32,7,7,29,29,29,20,55,44,44,18,18,10,29,21,21,21,21,21,21,21,21,21,18,54,54,54,54,54,47,47,47,47,47,47,47,37,37,37,63,63],"gold":14,"neow_bonus":"THREE_RARE_CARDS","is_prod":false,"is_daily":false,"chose_seed":false,"campfire_upgraded":5,"win_rate":0,"timestamp":1549716153,"path_taken":["M","M","M","M","M","R","?","R","T","E","?","M","?","?","R","BOSS","M","?","M","$","M","R","M","?","T","M","?","?","?","M","R","BOSS","M","M","M","$","M","R","M","?","T","?","?","?","?","M","R","BOSS"],"build_version":"2019-01-23","purchased_purges":3,"victory":true,"max_hp_per_floor":[66,66,66,66,66,66,66,66,66,66,66,66,66,66,66,66,66,66,66,66,66,66,66,66,66,66,66,66,66,66,66,66,66,66,66,66,66,66,66,66,66,63,63,63,63,63,63,63,63,63],"card_choices":[{"not_picked":["Night Terror","Phantasmal Killer"],"picked":"Grand Finale","floor":0.0},{"not_picked":["Deadly Poison","Slice"],"picked":"Predator","floor":1.0},{"not_picked":["PiercingWail","Prepared"],"picked":"Well Laid Plans","floor":2.0},{"not_picked":["Envenom","Flechettes"],"picked":"Dagger Throw","floor":3.0},{"not_picked":["Crippling Poison","Backflip"],"picked":"Acrobatics","floor":4.0},{"not_picked":["Flying Knee","Setup"],"picked":"Escape Plan","floor":5.0},{"not_picked":["Prepared","Bane"],"picked":"Backflip","floor":10.0},{"not_picked":["Slice","Bouncing Flask","Deflect"],"picked":"SKIP","floor":12.0},{"not_picked":["Unload","Venomology"],"picked":"Doppelganger","floor":16.0},{"not_picked":["Quick Slash","Poisoned Stab","Slice"],"picked":"SKIP","floor":18.0},{"not_picked":["Poisoned Stab","Deadly Poison"],"picked":"Reflex","floor":19.0},{"not_picked":["Reflex","Dagger Throw","Skewer"],"picked":"SKIP","floor":20.0},{"not_picked":["Unload","PiercingWail"],"picked":"Leg Sweep","floor":22.0},{"not_picked":["PiercingWail+1","Sucker Punch","Blur"],"picked":"SKIP","floor":24.0},{"not_picked":["Flying Knee","Deadly Poison","Flechettes"],"picked":"SKIP","floor":27.0},{"not_picked":["Sucker Punch+1","Deflect","Dodge and Roll"],"picked":"SKIP","floor":31.0},{"not_picked":["Choke","Deadly Poison","PiercingWail"],"picked":"SKIP","floor":35.0},{"not_picked":["Sucker Punch","Poisoned Stab"],"picked":"Backflip+1","floor":36.0},{"not_picked":["Choke","Leg Sweep"],"picked":"Acrobatics","floor":37.0},{"not_picked":["Outmaneuver","Tactician"],"picked":"Calculated Gamble","floor":39},{"not_picked":["Noxious Fumes+1","Predator+1","Cloak And Dagger"],"picked":"SKIP","floor":41},{"not_picked":["Discovery","The Bomb"],"picked":"Flash of Steel","floor":46},{"not_picked":["Poisoned Stab","Slice"],"picked":"Dagger Throw","floor":48}],"player_experience":303063,"relics_obtained":[{"floor":9.0,"key":"PreservedInsect"},{"floor":10.0,"key":"Sundial"},{"floor":26.0,"key":"Thread and Needle"},{"floor":28.0,"key":"WingedGreaves"},{"floor":28.0,"key":"Paper Crane"},{"floor":43,"key":"Regal Pillow"}],"event_choices":[{"cards_removed":["Strike_G"],"damage_healed":0.0,"max_hp_gain":0.0,"max_hp_loss":0.0,"gold_gain":0.0,"event_name":"The Cleric","player_choice":"Card Removal","floor":7.0,"gold_loss":50.0,"damage_taken":0.0},{"damage_healed":0.0,"max_hp_gain":0.0,"max_hp_loss":0.0,"gold_gain":0.0,"event_name":"Scrap Ooze","player_choice":"Success","floor":11.0,"gold_loss":0.0,"damage_taken":25.0,"relics_obtained":["Happy Flower"]},{"damage_healed":22.0,"max_hp_gain":0.0,"max_hp_loss":0.0,"gold_gain":0.0,"event_name":"Big Fish","player_choice":"Banana","floor":13.0,"gold_loss":0.0,"damage_taken":0.0},{"damage_healed":0.0,"max_hp_gain":0.0,"max_hp_loss":0.0,"gold_gain":0.0,"event_name":"Accursed Blacksmith","player_choice":"Forge","floor":14.0,"gold_loss":0.0,"damage_taken":0.0,"cards_upgraded":["Backflip"]},{"damage_healed":0.0,"max_hp_gain":0.0,"max_hp_loss":0.0,"gold_gain":0.0,"event_name":"Cursed Tome","player_choice":"Ignored","floor":25.0,"gold_loss":0.0,"damage_taken":0.0},{"damage_healed":0.0,"max_hp_gain":0.0,"max_hp_loss":0.0,"gold_gain":0.0,"event_name":"Colosseum","player_choice":"Fight","floor":28.0,"gold_loss":0.0,"damage_taken":0.0},{"damage_healed":0.0,"max_hp_gain":0.0,"max_hp_loss":0.0,"gold_gain":0.0,"event_name":"Colosseum","player_choice":"Fought Nobs","floor":28.0,"gold_loss":0.0,"damage_taken":0.0},{"damage_healed":0.0,"max_hp_gain":0.0,"max_hp_loss":0.0,"gold_gain":0.0,"event_name":"The Mausoleum","player_choice":"Opened","floor":30.0,"gold_loss":0.0,"damage_taken":0.0,"relics_obtained":["Tiny Chest"]},{"damage_healed":0,"gold_gain":0,"player_choice":"Max HP","damage_taken":0,"max_hp_gain":0,"max_hp_loss":3,"event_name":"Winding Halls","floor":42,"gold_loss":0},{"damage_healed":0,"gold_gain":0,"player_choice":"Paid","damage_taken":0,"relics_obtained":["Red Mask"],"max_hp_gain":0,"max_hp_loss":0,"event_name":"Tomb of Lord Red Mask","floor":44,"gold_loss":108},{"damage_healed":0,"gold_gain":0,"player_choice":"Memory 3","damage_taken":10,"max_hp_gain":0,"max_hp_loss":0,"event_name":"SensoryStone","floor":46,"gold_loss":0},{"cards_removed":["Dagger Throw"],"damage_healed":0,"gold_gain":0,"player_choice":"Removed Attack","damage_taken":0,"max_hp_gain":0,"max_hp_loss":0,"event_name":"Falling","floor":47,"gold_loss":0}],"is_beta":false,"boss_relics":[{"not_picked":["Calling Bell","Philosopher\u0027s Stone"],"picked":"WristBlade"},{"not_picked":["White Beast Statue","Snecko Eye"],"picked":"Empty Cage"}],"items_purged_floors":[21,29,38],"is_endless":false,"potions_floor_spawned":[3,5,10,20,24,27,31,33,35,37,48],"ascension_level":14}