{"gold_per_floor":[118,118,193,193,79,79,94,94,94,104,137,137,147,180,180,280,280,280,280,280,180,130,130,130,130,130,130,130,130,130,130,130,130,130,130,130,130,130,130,130,5,5,5,5,5,5,5,5,5,5],"floor_reached":50,"playtime":2244,"items_purged":["Strike_R","Strike_R","Strike_R"],"score":834,"play_id":"05eb288f-942c-4ffb-8eca-1bc5d2486833","local_time":"20190214150846","is_ascension_mode":true,"campfire_choices":[{"data":"Bash","floor":6.0,"key":"SMITH"},{"data":"Inflame","floor":8.0,"key":"SMITH"},{"floor":12.0,"key":"REST"},{"data":"Seeing Red","floor":15.0,"key":"SMITH"},{"data":"Armaments","floor":24.0,"key":"SMITH"},{"data":"Juggernaut","floor":27.0,"key":"SMITH"},{"data":"Disarm","floor":29.0,"key":"SMITH"},{"floor":32.0,"key":"REST"},{"data":"Discovery","floor":44.0,"key":"SMITH"},{"floor":49,"key":"REST"}],"neow_cost":"NONE","seed_source_timestamp":182250657100485,"circlet_count":0,"master_deck":["Defend_R","Defend_R","Defend_R","Bash+1","Shrug It Off","Inflame+1","Twin Strike","Seeing Red+1","Pommel Strike","Armaments+1","Shrug It Off","Juggernaut+1","Evolve","Spot Weakness","Disarm+1","Offering","Reaper","Pummel","Inflame+1","Discovery+1","Bandage Up","Heavy Blade+1","Madness","Flame Barrier+1","Shrug It Off"],"special_seed":0,"relics":["Burning Blood","Oddly Smooth Stone","FossilizedHelix","Lantern","Ectoplasm","Dream Catcher","Bottled Tornado","Matryoshka","Mark of Pain","Question Card","Shuriken","Pocketwatch","Darkstone Periapt","Anchor","Bag of Marbles"],"potions_floor_usage":[47],"damage_taken":[{"damage":12.0,"enemies":"Small Slimes","floor":1.0,"turns":5.0},{"damage":9.0,"enemies":"Jaw Worm","floor":7.0,"turns":5.0},{"damage":1.0,"enemies":"2 Louse","floor":10.0,"turns":2.0},{"damage":23.0,"enemies":"3 Sentries","floor":11.0,"turns":7.0},{"damage":0.0,"enemies":"Exordium Thugs","floor":13.0,"turns":3.0},{"damage":0.0,"enemies":"Gremlin Nob","floor":14.0,"turns":3.0},{"damage":66.0,"enemies":"Hexaghost","floor":16.0,"turns":12.0},{"damage":0.0,"enemies":"Spheric Guardian","floor":18.0,"turns":4.0},{"damage":12.0,"enemies":"Book of Stabbing","floor":23.0,"turns":5.0},{"damage":2.0,"enemies":"Slavers","floor":25.0,"turns":4.0},{"damage":0.0,"enemies":"Shell Parasite","floor":28.0,"turns":5.0},{"damage":5.0,"enemies":"Snake Plant","floor":30.0,"turns":3.0},{"damage":16.0,"enemies":"Centurion and Healer","floor":31.0,"turns":4.0},{"damage":61.0,"enemies":"Champ","floor":33.0,"turns":12.0},{"damage":19.0,"enemies":"3 Darklings","floor":35.0,"turns":11.0},{"damage":0.0,"enemies":"Orb Walker","floor":36.0,"turns":3.0},{"damage":11.0,"enemies":"Sphere and 2 Shapes","floor":38.0,"turns":6.0},{"damage":0.0,"enemies":"Giant Head","floor":40.0,"turns":5.0},{"damage":0.0,"enemies":"Transient","floor":42.0,"turns":1.0},{"damage":90,"enemies":"Reptomancer","floor":47,"turns":7},{"damage":0,"enemies":"Spire Growth","floor":48,"turns":4},{"damage":57,"enemies":"Time Eater","floor":50,"turns":8}],"seed_played":"-7789901864242482025","potions_obtained":[{"floor":13.0,"key":"SkillPotion"},{"floor":14.0,"key":"AttackPotion"},{"floor":16.0,"key":"GamblersBrew"},{"floor":25.0,"key":"EssenceOfSteel"},{"floor":28.0,"key":"Fire Potion"},{"floor":33.0,"key":"Block Potion"},{"floor":35.0,"key":"SteroidPotion"},{"floor":36.0,"key":"Explosive Potion"},{"floor":40.0,"key":"SmokeBomb"},{"floor":47,"key":"FearPotion"}],"is_trial":false,"path_per_floor":["M","?","?","?","$","R","M","R","T","M","E","R","M","E","R","B",null,"M","?","?","$","?","E","R","E","T","R","M","R","M","M","R","B",null,"M","M","T","M","?","E","$","M","T","R","?","?","E","M","R","B"],"character_chosen":"IRONCLAD","items_purchased":["Inflame"],"campfire_rested":3,"item_purchase_floors":[5],"current_hp_per_floor":[66,71,60,53,53,53,50,50,50,55,38,63,69,75,75,15,68,74,74,58,58,58,52,52,56,56,56,62,62,63,53,80,25,74,90,90,90,85,75,90,90,90,90,90,79,90,16,26,53,0],"gold":5,"neow_bonus":"REMOVE_CARD","is_prod":false,"is_daily":false,"chose_seed":false,"campfire_upgraded":7,"win_rate":0,"timestamp":1550153326,"path_taken":["M","?","?","?","$","R","M","R","T","M","E","R","M","E","R","BOSS","M","?","?","$","?","E","R","E","T","R","?","R","M","M","R","BOSS","M","?","?","M","?","E","$","M","T","R","?","?","E","M","R","BOSS"],"build_version":"2019-01-23","purchased_purges":3,"victory":false,"max_hp_per_floor":[80,85,85,85,85,85,85,85,85,85,85,85,85,85,85,85,85,85,85,90,90,90,90,90,90,90,90,90,90,90,90,90,90,90,90,90,90,90,90,90,90,90,90,90,90,90,90,90,90,90],"card_choices":[{"not_picked":["Heavy Blade","Sword Boomerang"],"picked":"Shrug It Off","floor":1.0},{"not_picked":["Combust","Anger"],"picked":"Twin Strike","floor":7.0},{"not_picked":["Entrench","Perfected Strike"],"picked":"Seeing Red","floor":10.0},{"not_picked":["Body Slam","Feel No Pain"],"picked":"Pommel Strike","floor":11.0},{"not_picked":["Havoc","Ghostly Armor"],"picked":"Armaments","floor":13.0},{"not_picked":["Sever Soul","Wild Strike"],"picked":"Shrug It Off","floor":14.0},{"not_picked":["Exhume","Immolate"],"picked":"Juggernaut","floor":16.0},{"not_picked":["Twin Strike+1","Second Wind","Thunderclap"],"picked":"SKIP","floor":18.0},{"not_picked":["Bloodletting+1","Reckless Charge+1"],"picked":"Evolve","floor":23.0},{"not_picked":["Clash","Clothesline"],"picked":"Spot Weakness","floor":25.0},{"not_picked":["Sever Soul","Fire Breathing"],"picked":"Disarm","floor":28.0},{"not_picked":["Havoc","Flex","Wild Strike+1"],"picked":"SKIP","floor":30.0},{"not_picked":["Carnage","Evolve+1","Pommel Strike"],"picked":"SKIP","floor":31.0},{"not_picked":["Disarm+1","Inflame"],"picked":"Offering","floor":32.0},{"not_picked":["Berserk","Barricade"],"picked":"Reaper","floor":33.0},{"not_picked":["Flex","Body Slam"],"picked":"Pummel","floor":35.0},{"not_picked":["Pommel Strike+1","Brutality","Warcry"],"picked":"SKIP","floor":36.0},{"not_picked":["Dual Wield+1","Intimidate","Perfected Strike"],"picked":"Inflame+1","floor":38.0},{"not_picked":["Panache","Jack Of All Trades","Finesse"],"picked":"Discovery","floor":39.0},{"not_picked":["Chrysalis","Dramatic Entrance","Finesse"],"picked":"Bandage Up","floor":39.0},{"not_picked":["Body Slam+1","Clothesline","Anger+1"],"picked":"Heavy Blade+1","floor":40.0},{"not_picked":["Heavy Blade","Dual Wield+1","Sword Boomerang"],"picked":"Flame Barrier+1","floor":47},{"not_picked":["Cleave+1","Twin Strike","Sword Boomerang+1","Reckless Charge+1"],"picked":"SKIP","floor":48},{"not_picked":["Thunderclap","Sword Boomerang","Blood for Blood+1"],"picked":"Shrug It Off","floor":49}],"player_experience":95212,"relics_obtained":[{"floor":9.0,"key":"Oddly Smooth Stone"},{"floor":11.0,"key":"FossilizedHelix"},{"floor":14.0,"key":"Lantern"},{"floor":23.0,"key":"Dream Catcher"},{"floor":25.0,"key":"Bottled Tornado"},{"floor":26.0,"key":"Matryoshka"},{"floor":37.0,"key":"Question Card"},{"floor":37.0,"key":"Shuriken"},{"floor":40.0,"key":"Pocketwatch"},{"floor":43.0,"key":"Darkstone Periapt"},{"floor":43.0,"key":"Anchor"},{"floor":47,"key":"Bag of Marbles"}],"event_choices":[{"damage_healed":0.0,"max_hp_gain":5.0,"max_hp_loss":0.0,"gold_gain":0.0,"event_name":"Big Fish","player_choice":"Donut","floor":2.0,"gold_loss":0.0,"damage_taken":0.0},{"damage_healed":0.0,"max_hp_gain":0.0,"max_hp_loss":0.0,"gold_gain":75.0,"event_name":"World of Goop","player_choice":"Gather Gold","floor":3.0,"gold_loss":0.0,"damage_taken":11.0},{"cards_removed":["Defend_R"],"damage_healed":0.0,"max_hp_gain":0.0,"max_hp_loss":0.0,"gold_gain":0.0,"event_name":"Golden Wing","player_choice":"Card Removal","floor":4.0,"gold_loss":0.0,"damage_taken":7.0},{"cards_removed":["Strike_R"],"damage_healed":0.0,"max_hp_gain":0.0,"max_hp_loss":0.0,"gold_gain":0.0,"event_name":"Back to Basics","player_choice":"Elegance","floor":19.0,"gold_loss":0.0,"damage_taken":0.0},{"damage_healed":0.0,"max_hp_gain":5.0,"max_hp_loss":0.0,"gold_gain":0.0,"event_name":"Forgotten Altar","player_choice":"Shed Blood","floor":20.0,"gold_loss":0.0,"damage_taken":21.0},{"damage_healed":0.0,"max_hp_gain":0.0,"max_hp_loss":0.0,"gold_gain":100.0,"event_name":"The Joust","player_choice":"Bet on Murderer","floor":22.0,"gold_loss":50.0,"damage_taken":0.0},{"damage_healed":0.0,"max_hp_gain":0.0,"max_hp_loss":0.0,"gold_gain":0.0,"event_name":"SensoryStone","player_choice":"Memory 3","floor":39.0,"gold_loss":0.0,"damage_taken":10.0},{"damage_healed":0.0,"max_hp_gain":0.0,"max_hp_loss":0.0,"gold_gain":0.0,"event_name":"Winding Halls","player_choice":"Embrace Madness","floor":45.0,"gold_loss":0.0,"damage_taken":11.0,"cards_obtained":["Madness","Madness"]},{"cards_removed":["Madness"],"damage_healed":11.0,"max_hp_gain":0.0,"max_hp_loss":0.0,"gold_gain":0.0,"event_name":"Bonfire Elementals","player_choice":"Offered Uncommon","floor":46.0,"gold_loss":0.0,"damage_taken":0.0}],"is_beta":false,"boss_relics":[{"not_picked":["Runic Dome","Runic Cube"],"picked":"Ectoplasm"},{"not_picked":["Astrolabe","Tiny House"],"picked":"Mark of Pain"}],"items_purged_floors":[5,21,41],"is_endless":false,"potions_floor_spawned":[13,14,16,25,28,33,35,36,40,47],"killed_by":"Time Eater","ascension_level":8}