{"path_per_floor":["M","M","$","?","M","R","?","R","T","R","T","R","$","?","R","B",null,"M","?","M","$","?","R","M","R","T"],"character_chosen":"IRONCLAD","items_purchased":["Inflame","Flex","Omamori","Infernal Blade"],"gold_per_floor":[119,138,53,128,140,140,315,315,315,315,315,315,85,85,85,183,183,202,202,214,40,40,40,50,50,50],"floor_reached":27,"campfire_rested":1,"playtime":923,"current_hp_per_floor":[80,80,80,69,75,75,75,75,75,75,75,75,75,75,75,38,80,62,62,48,48,48,48,37,61,61],"items_purged":["Doubt","Strike_R"],"gold":50,"score":207,"play_id":"78da3d4a-b8ba-4435-94e4-54b268918eca","is_prod":false,"is_daily":false,"is_ascension_mode":true,"campfire_upgraded":5,"path_taken":["M","M","$","?","M","R","?","R","T","R","?","R","$","?","R","BOSS","M","?","M","$","?","R","M","R","T","E"],"build_version":"2018-02-22-PROD2","purchased_purges":2,"victory":false,"master_deck":["Strike_R","Strike_R","Strike_R","Defend_R","Defend_R","Defend_R","Defend_R","Bash","Pommel Strike+1","Twin Strike+1","Inflame+1","Flex+1","Thunderclap+1","Clothesline+1","Sword Boomerang","Demon Form","True Grit+1","Shrug It Off","Infernal Blade","Flex","Shrug It Off"],"max_hp_per_floor":[80,80,80,80,80,80,80,80,80,80,80,80,80,80,80,80,80,80,80,80,80,80,80,80,80,80],"relics":["Burning Blood","Prayer Wheel","Du-Vu Doll","Ornamental Fan","Omamori","White Beast Statue","Girya","Gambling Chip"],"card_choices":[{"not_picked":["Uppercut","Cleave"],"picked":"Pommel Strike"},{"not_picked":["Flex","Rage"],"picked":"Twin Strike"},{"not_picked":["Sword Boomerang","True Grit"],"picked":"Thunderclap"},{"not_picked":["Pommel Strike","Uppercut"],"picked":"Clothesline"},{"not_picked":["Clothesline","Heavy Blade"],"picked":"Sword Boomerang"},{"not_picked":["Limit Break","Dark Embrace"],"picked":"Demon Form"},{"not_picked":["Perfected Strike","Headbutt"],"picked":"True Grit"},{"not_picked":["Warcry","Carnage"],"picked":"Shrug It Off"},{"not_picked":["Warcry","Rage"],"picked":"Flex"},{"not_picked":["Bludgeon","Anger"],"picked":"Shrug It Off"}],"player_experience":128403,"potions_floor_usage":[18,24,27,27,27],"damage_taken":[{"damage":6,"enemies":"Jaw Worm","floor":1,"turns":3},{"damage":5,"enemies":"2 Louse","floor":2,"turns":3},{"damage":0,"enemies":"Cultist","floor":5,"turns":2},{"damage":43,"enemies":"The Guardian","floor":16,"turns":9},{"damage":24,"enemies":"Shell Parasite","floor":18,"turns":5},{"damage":20,"enemies":"Spheric Guardian","floor":20,"turns":4},{"damage":23,"enemies":"3 Cultists","floor":24,"turns":5},{"damage":78,"enemies":"Gremlin Leader","floor":27,"turns":6}],"event_choices":[{"event_name":"World of Goop","player_choice":"Gather Gold","floor":4,"damage_taken":0},{"event_name":"Liars Game","player_choice":"agreed","floor":7,"damage_taken":0},{"event_name":"Living Wall","player_choice":"Grow","floor":14,"damage_taken":0},{"event_name":"Purifier","player_choice":"One Purge","floor":19,"damage_taken":0},{"event_name":"The Mausoleum","player_choice":"Yes","floor":22,"damage_taken":0}],"boss_relics":[{"not_picked":["Astrolabe","Tiny House"],"picked":"White Beast Statue"}],"potions_floor_spawned":[1,5,18,20,24],"seed_played":"-6616035822252510091","killed_by":"Gremlin Leader","ascension_level":1,"is_trial":false}