{"path_per_floor":["M","$","?","?","M","E","M","M","T","M","$","?","R","M","R","B",null,"M","?","$","M","?"],"character_chosen":"IRONCLAD","items_purchased":[],"gold_per_floor":[110,35,35,35,46,79,98,115,115,126,76,76,76,87,87,185,185,201,201,201,212,212,212],"floor_reached":23,"campfire_rested":1,"playtime":572,"item_purchase_floors":[],"current_hp_per_floor":[75,75,59,47,53,44,44,31,31,24,24,24,48,45,45,31,80,46,46,46,30,30,5],"items_purged":["Defend_R","Strike_R"],"gold":212,"score":191,"play_id":"6b9f4b65-c050-45e8-bd29-81a66c1ac9fb","local_time":"20180601153807","is_prod":false,"is_daily":false,"chose_seed":false,"is_ascension_mode":false,"campfire_upgraded":1,"win_rate":0,"timestamp":1527860287,"campfire_choices":[{"floor":13,"key":"REST"},{"data":"Clothesline","floor":15,"key":"SMITH"}],"path_taken":["M","$","?","?","M","E","M","M","T","M","$","?","R","?","R","BOSS","M","?","$","M","?","E"],"build_version":"2018-05-31","seed_source_timestamp":2040851211222974,"purchased_purges":2,"victory":false,"master_deck":["Strike_R+1","Strike_R","Strike_R","Strike_R","Defend_R+1","Defend_R+1","Defend_R+1","Bash","Twin Strike","Clothesline+1","Double Tap","Headbutt","Reckless Charge","Wild Strike","Fiend Fire","Evolve+1"],"max_hp_per_floor":[80,80,80,80,80,80,80,80,80,80,80,80,80,80,80,80,80,80,80,80,80,80,80],"relics":["Burning Blood","War Paint","Smiling Mask","Bottled Lightning","Frozen Egg 2","Dream Catcher","Orrery"],"card_choices":[{"not_picked":["Anger","Clash"],"picked":"Twin Strike","floor":1},{"not_picked":["Evolve","Reckless Charge","Disarm"],"picked":"SKIP","floor":5},{"not_picked":["Headbutt","Thunderclap","Feel No Pain"],"picked":"SKIP","floor":6},{"not_picked":["Combust","Exhume","Havoc"],"picked":"SKIP","floor":7},{"not_picked":["Inflame","Anger","Burning Pact"],"picked":"SKIP","floor":8},{"not_picked":["Thunderclap","True Grit"],"picked":"Clothesline","floor":10},{"not_picked":["Clothesline","Second Wind","Twin Strike"],"picked":"SKIP","floor":14},{"not_picked":["Berserk+1","Offering"],"picked":"Double Tap","floor":16},{"not_picked":["Combust+1","Havoc"],"picked":"Headbutt","floor":17},{"not_picked":["Intimidate","Wild Strike"],"picked":"Reckless Charge","floor":17},{"not_picked":["Heavy Blade","Seeing Red"],"picked":"Wild Strike","floor":17},{"not_picked":["Bloodletting","Armaments"],"picked":"Fiend Fire","floor":18},{"not_picked":["Twin Strike","Perfected Strike","Dual Wield"],"picked":"SKIP","floor":21}],"player_experience":822290,"potions_floor_usage":[6,23],"damage_taken":[{"damage":11,"enemies":"Small Slimes","floor":1,"turns":4},{"damage":0,"enemies":"2 Louse","floor":5,"turns":2},{"damage":15,"enemies":"Gremlin Nob","floor":6,"turns":4},{"damage":6,"enemies":"Cultist","floor":7,"turns":3},{"damage":19,"enemies":"Large Slime","floor":8,"turns":6},{"damage":13,"enemies":"Exordium Wildlife","floor":10,"turns":4},{"damage":9,"enemies":"Red Slaver","floor":14,"turns":4},{"damage":20,"enemies":"The Guardian","floor":16,"turns":16},{"damage":40,"enemies":"Shell Parasite","floor":18,"turns":5},{"damage":22,"enemies":"2 Thieves","floor":21,"turns":5},{"damage":25,"enemies":"Book of Stabbing","floor":23,"turns":4}],"relics_obtained":[{"floor":6,"key":"Bottled Lightning"},{"floor":9,"key":"Frozen Egg 2"}],"event_choices":[{"event_name":"Shining Light","player_choice":"Entered Light","floor":3,"damage_taken":0},{"event_name":"Scrap Ooze","player_choice":"success","floor":4,"damage_taken":12},{"event_name":"Dead Adventurer","player_choice":"Searched \u00271\u0027 times","floor":12,"damage_taken":0},{"event_name":"The Library","player_choice":"Read","floor":19,"damage_taken":0},{"event_name":"Drug Dealer","player_choice":"Ignored","floor":22,"damage_taken":0}],"boss_relics":[{"not_picked":["Lizard Tail","Runic Cube"],"picked":"Orrery"}],"items_purged_floors":[2,11],"potions_floor_spawned":[5,8,14,16,21],"seed_played":"-1765073446708938423","killed_by":"Book of Stabbing","ascension_level":0,"potions_obtained":[{"floor":5,"key":"Block Potion"},{"floor":8,"key":"SpeedPotion"},{"floor":14,"key":"Ancient Potion"},{"floor":16,"key":"SkillPotion"},{"floor":21,"key":"Regen Potion"}],"is_trial":false}