{"gold_per_floor":[114,129,79,94,94,124,124,24,79,79,79,94,109,124,124,224,224,239,239,254,254,269,269,299,299,324,339,354,369,384,6,6,106,106,121,121,0,15,30,30,30,30,30,60,75,90,105,120,120,120],"floor_reached":51,"playtime":2937,"items_purged":["Strike_R","Strike_R"],"score":905,"play_id":"89813a4f-9dbb-4b6f-b48b-3dbad9defcc6","local_time":"20190213022406","daily_mods":["Cursed Run","Uncertain Future","Night Terrors"],"is_ascension_mode":false,"campfire_choices":[{"data":"Cleave","floor":7,"key":"SMITH"},{"data":"Shrug It Off","floor":10,"key":"SMITH"},{"floor":15,"key":"REST"},{"data":"Whirlwind","floor":23,"key":"SMITH"},{"data":"Limit Break","floor":25,"key":"SMITH"},{"floor":32,"key":"REST"},{"floor":42,"key":"REST"},{"data":"Barricade","floor":49,"key":"SMITH"}],"neow_cost":"","seed_source_timestamp":120994842822300,"circlet_count":0,"master_deck":["Strike_R","Defend_R","Defend_R","Defend_R","Defend_R+1","Bash","Pummel+1","Heavy Blade+1","Pummel+1","Cleave+1","Shrug It Off+1","Doubt","Barricade+1","Flame Barrier","Whirlwind+1","Shame","Limit Break+1","Body Slam+1","Reaper","Thunderclap","Pommel Strike","Writhe","Shrug It Off+1","Juggernaut","Feel No Pain","True Grit","Body Slam","Normality","Limit Break","Whirlwind","Iron Wave+1","Normality","Armaments+1","Regret","Offering","Iron Wave","Whirlwind+1","Body Slam","Dark Embrace","Clumsy"],"special_seed":17940,"relics":["Cursed Key","Darkstone Periapt","Du-Vu Doll","Matryoshka","Vajra","Velvet Choker","Nloth\u0027s Gift","MutagenicStrength","The Courier","Dream Catcher","Whetstone","Chemical X","Strawberry","Black Star","Red Mask","Blood Vial","Bag of Marbles","Ancient Tea Set","Boot"],"potions_floor_usage":[16,16,24,28,50,50,50],"damage_taken":[{"damage":1,"enemies":"Jaw Worm","floor":1,"turns":3},{"damage":0,"enemies":"Small Slimes","floor":2,"turns":3},{"damage":0,"enemies":"2 Louse","floor":4,"turns":3},{"damage":6,"enemies":"Gremlin Nob","floor":6,"turns":3},{"damage":3,"enemies":"Lots of Slimes","floor":12,"turns":3},{"damage":0,"enemies":"2 Fungi Beasts","floor":13,"turns":3},{"damage":0,"enemies":"Blue Slaver","floor":14,"turns":2},{"damage":33,"enemies":"Slime Boss","floor":16,"turns":10},{"damage":5,"enemies":"2 Thieves","floor":18,"turns":2},{"damage":0,"enemies":"Spheric Guardian","floor":20,"turns":2},{"damage":7,"enemies":"Centurion and Healer","floor":22,"turns":3},{"damage":15,"enemies":"Book of Stabbing","floor":24,"turns":4},{"damage":10,"enemies":"Shelled Parasite and Fungi","floor":27,"turns":2},{"damage":10,"enemies":"Snake Plant","floor":28,"turns":4},{"damage":0,"enemies":"Snecko","floor":29,"turns":3},{"damage":0,"enemies":"3 Cultists","floor":30,"turns":1},{"damage":6,"enemies":"Automaton","floor":33,"turns":5},{"damage":47,"enemies":"3 Darklings","floor":35,"turns":4},{"damage":20,"enemies":"3 Shapes","floor":38,"turns":2},{"damage":1,"enemies":"Sphere and 2 Shapes","floor":39,"turns":2},{"damage":0,"enemies":"Nemesis","floor":44,"turns":1},{"damage":2,"enemies":"3 Darklings","floor":45,"turns":2},{"damage":10,"enemies":"Maw","floor":46,"turns":3},{"damage":6,"enemies":"Jaw Worm Horde","floor":47,"turns":1},{"damage":6,"enemies":"Writhing Mass","floor":48,"turns":3},{"damage":30,"enemies":"Time Eater","floor":50,"turns":5}],"seed_played":"420993889476971038","potions_obtained":[{"floor":1,"key":"Explosive Potion"},{"floor":2,"key":"Dexterity Potion"},{"floor":14,"key":"PowerPotion"},{"floor":16,"key":"Block Potion"},{"floor":20,"key":"SteroidPotion"},{"floor":22,"key":"Poison Potion"},{"floor":28,"key":"Weak Potion"},{"floor":30,"key":"SpeedPotion"},{"floor":38,"key":"AttackPotion"},{"floor":39,"key":"EssenceOfSteel"},{"floor":47,"key":"AttackPotion"}],"is_trial":false,"path_per_floor":["M","M","?","M","?","E","R","$","T","R","?","M","M","M","R","B",null,"M","?","M","?","M","R","E","R","T","M","M","M","M","$","R","B",null,"M","?","?","M","M","$","T","R","T","E","M","M","M","M","R","B",null],"character_chosen":"IRONCLAD","items_purchased":["Shrug It Off","Chemical X","Strawberry","True Grit"],"campfire_rested":3,"item_purchase_floors":[8,31,31,31],"current_hp_per_floor":[79,79,79,79,72,66,66,66,72,72,55,52,52,52,81,54,87,82,82,82,82,75,75,65,65,71,61,51,51,51,58,95,95,101,54,54,54,34,33,33,39,102,108,108,106,98,94,90,90,95],"gold":120,"neow_bonus":"","is_prod":false,"is_daily":true,"chose_seed":false,"campfire_upgraded":5,"win_rate":0,"timestamp":1550042646,"path_taken":["M","M","?","M","?","E","R","$","T","R","?","M","M","M","R","BOSS","M","?","?","?","M","R","E","R","T","M","M","M","M","$","R","BOSS","M","?","?","M","M","$","?","R","T","E","M","M","M","M","R","BOSS"],"build_version":"2019-01-23","purchased_purges":2,"victory":true,"max_hp_per_floor":[80,80,80,80,80,80,80,80,86,86,86,86,86,86,81,87,87,87,87,87,87,87,87,87,87,93,93,93,93,93,100,95,101,101,101,101,101,101,101,101,107,102,108,108,108,108,108,108,108,114],"card_choices":[{"not_picked":["Evolve","Warcry"],"picked":"Pummel","floor":1},{"not_picked":["Evolve","Headbutt"],"picked":"Heavy Blade","floor":2},{"not_picked":["Clothesline","Flex"],"picked":"Pummel","floor":4},{"not_picked":["Iron Wave","Flame Barrier"],"picked":"Cleave","floor":6},{"not_picked":["Flex","Anger"],"picked":"Barricade","floor":12},{"not_picked":["Iron Wave","Seeing Red"],"picked":"Flame Barrier","floor":13},{"not_picked":["Sword Boomerang","Warcry"],"picked":"Whirlwind","floor":14},{"not_picked":["Exhume","Berserk"],"picked":"Limit Break","floor":16},{"not_picked":["Clash","Sword Boomerang+1"],"picked":"Body Slam+1","floor":18},{"not_picked":["Cleave+1","Clothesline"],"picked":"Reaper","floor":20},{"not_picked":["Searing Blow","Perfected Strike"],"picked":"Thunderclap","floor":22},{"not_picked":["Inflame","Offering"],"picked":"Pommel Strike","floor":24},{"not_picked":["Reckless Charge","Iron Wave"],"picked":"Shrug It Off+1","floor":27},{"not_picked":["Wild Strike","Searing Blow+1","Anger"],"picked":"SKIP","floor":28},{"not_picked":["True Grit","Anger"],"picked":"Juggernaut","floor":29},{"not_picked":["Headbutt","Warcry"],"picked":"Feel No Pain","floor":30},{"not_picked":["Corruption","Seeing Red+1"],"picked":"Body Slam","floor":32},{"not_picked":["Bludgeon","Offering"],"picked":"Limit Break","floor":33},{"not_picked":["Clash","Anger+1","Havoc"],"picked":"SKIP","floor":35},{"not_picked":["Dual Wield","Headbutt+1"],"picked":"Whirlwind","floor":38},{"not_picked":["Twin Strike+1","Thunderclap"],"picked":"Iron Wave+1","floor":39},{"not_picked":["Warcry+1","Metallicize+1"],"picked":"Armaments+1","floor":42},{"not_picked":["Headbutt+1","Bloodletting"],"picked":"Offering","floor":44},{"not_picked":["Clothesline","Perfected Strike"],"picked":"Iron Wave","floor":45},{"not_picked":["Clothesline+1","Clash+1"],"picked":"Whirlwind+1","floor":46},{"not_picked":["Cleave+1","Clash+1"],"picked":"Body Slam","floor":47},{"not_picked":["Barricade","Clothesline"],"picked":"Dark Embrace","floor":48}],"player_experience":93170,"relics_obtained":[{"floor":6,"key":"Matryoshka"},{"floor":9,"key":"Tiny Chest"},{"floor":9,"key":"Vajra"},{"floor":24,"key":"The Courier"},{"floor":26,"key":"Dream Catcher"},{"floor":26,"key":"Whetstone"},{"floor":41,"key":"Blood Vial"},{"floor":43,"key":"Bag of Marbles"},{"floor":44,"key":"Ancient Tea Set"},{"floor":44,"key":"Boot"}],"event_choices":[{"cards_removed":["Strike_R"],"damage_healed":0,"gold_gain":0,"player_choice":"Card Removal","damage_taken":0,"max_hp_gain":0,"max_hp_loss":0,"event_name":"The Cleric","floor":3,"gold_loss":50},{"cards_removed":["Strike_R"],"damage_healed":0,"gold_gain":0,"player_choice":"Card Removal","damage_taken":7,"max_hp_gain":0,"max_hp_loss":0,"event_name":"Golden Wing","floor":5,"gold_loss":0},{"damage_healed":0,"gold_gain":0,"player_choice":"Entered Light","damage_taken":17,"max_hp_gain":0,"max_hp_loss":0,"event_name":"Shining Light","floor":11,"gold_loss":0,"cards_upgraded":["Defend_R","Pummel"]},{"damage_healed":0,"gold_gain":0,"player_choice":"Traded Relic","damage_taken":0,"relics_obtained":["Nloth\u0027s Gift"],"max_hp_gain":0,"max_hp_loss":0,"event_name":"N\u0027loth","floor":19,"relics_lost":["Tiny Chest"],"gold_loss":0},{"damage_healed":0,"gold_gain":0,"player_choice":"Inject Mutagens","damage_taken":0,"relics_obtained":["MutagenicStrength"],"max_hp_gain":0,"max_hp_loss":0,"event_name":"Drug Dealer","floor":21,"gold_loss":0},{"damage_healed":0,"gold_gain":0,"player_choice":"Ignored","damage_taken":0,"max_hp_gain":0,"max_hp_loss":0,"event_name":"Mysterious Sphere","floor":36,"gold_loss":0},{"damage_healed":0,"gold_gain":0,"player_choice":"Paid","damage_taken":0,"relics_obtained":["Red Mask"],"max_hp_gain":0,"max_hp_loss":0,"event_name":"Tomb of Lord Red Mask","floor":37,"gold_loss":121}],"is_beta":false,"boss_relics":[{"not_picked":["Astrolabe","Eternal Feather"],"picked":"Velvet Choker"},{"not_picked":["Coffee Dripper","Fusion Hammer"],"picked":"Black Star"}],"items_purged_floors":[8,31],"is_endless":false,"potions_floor_spawned":[1,2,14,16,20,22,28,30,38,39,46,47],"ascension_level":0}