{"path_per_floor":["M","M","?","M","M","E","M","R","T","R","$","R","?","M","R","B",null,"M","$","M","?","M","R","M","?","T","M","R","T","M","M","R","B",null,"M","$","?","M","$","?","M","R","T","R","M","E","R","M","R","B"],"character_chosen":"IRONCLAD","items_purchased":["Vajra","Whetstone","Sundial"],"gold_per_floor":[112,128,128,143,153,181,194,194,219,219,63,63,43,55,55,160,160,173,173,186,186,204,204,219,219,244,255,255,555,572,582,582,678,678,696,544,544,554,187,187,202,202,256,256,267,293,293,307,307,307],"floor_reached":51,"campfire_rested":6,"playtime":1518,"current_hp_per_floor":[79,76,60,55,55,44,34,40,47,53,53,59,59,56,62,28,87,77,77,67,67,19,51,51,51,51,13,45,45,34,30,62,48,87,81,81,81,69,69,58,22,56,56,64,36,17,51,55,87,43],"items_purged":["Decay"],"gold":307,"score":706,"play_id":"d74c3054-bb96-4cd2-a9c0-bcd0e844553a","local_time":"20180314020815","is_prod":false,"is_daily":false,"is_ascension_mode":false,"campfire_upgraded":5,"timestamp":1520989695,"path_taken":["M","?","?","M","M","E","M","R","T","R","$","R","?","?","R","BOSS","M","$","?","?","?","R","M","?","T","M","R","?","?","M","R","BOSS","M","$","?","M","$","?","M","R","T","R","M","E","R","M","R","BOSS"],"build_version":"2018-03-09","purchased_purges":1,"victory":true,"master_deck":["Strike_R+1","Strike_R+1","Strike_R+1","Strike_R+1","Strike_R+1","Defend_R+1","Defend_R+1","Defend_R+1","Defend_R+1","Bash+1","Clash","Cleave+1","Flex+1","Limit Break+1","Flex+1","Heavy Blade+1","Flex","Limit Break+1","Limit Break+1","Madness","Madness","Whirlwind+1"],"max_hp_per_floor":[80,80,80,80,80,80,80,80,87,87,87,87,87,87,87,87,87,87,87,87,87,87,87,87,87,87,87,87,87,87,87,87,87,87,87,87,87,87,87,87,87,87,87,87,87,87,87,87,87,87],"relics":["Eternal Feather","Frozen Eye","Strawberry","Vajra","Lizard Tail","Happy Flower","Old Coin","Runic Dome","Whetstone","Sundial","Prayer Wheel","Toolbox"],"card_choices":[{"not_picked":["Shockwave","Searing Blow"],"picked":"Clash"},{"not_picked":["Combust","Sever Soul"],"picked":"Cleave"},{"not_picked":["Wild Strike","Armaments"],"picked":"Flex"},{"not_picked":["Pommel Strike","Body Slam"],"picked":"Limit Break"},{"not_picked":["Heavy Blade","Sword Boomerang"],"picked":"Flex"},{"not_picked":["True Grit","Sword Boomerang"],"picked":"Heavy Blade"},{"not_picked":["Sword Boomerang","Perfected Strike"],"picked":"Flex"},{"not_picked":["Searing Blow","Heavy Blade"],"picked":"Limit Break"},{"not_picked":["Warcry","Armaments"],"picked":"Whirlwind"}],"player_experience":288005,"potions_floor_usage":[5,14,14,24,30,35,38,50,50],"damage_taken":[{"damage":1,"enemies":"Cultist","floor":1,"turns":3},{"damage":3,"enemies":"Jaw Worm","floor":2,"turns":3},{"damage":5,"enemies":"Small Slimes","floor":4,"turns":2},{"damage":0,"enemies":"Red Slaver","floor":5,"turns":1},{"damage":11,"enemies":"3 Sentries","floor":6,"turns":7},{"damage":10,"enemies":"Gremlin Gang","floor":7,"turns":3},{"damage":3,"enemies":"Exordium Wildlife","floor":14,"turns":3},{"damage":34,"enemies":"Hexaghost","floor":16,"turns":6},{"damage":10,"enemies":"Chosen","floor":18,"turns":3},{"damage":10,"enemies":"2 Thieves","floor":20,"turns":3},{"damage":48,"enemies":"Centurion and Healer","floor":22,"turns":6},{"damage":0,"enemies":"Chosen and Byrds","floor":24,"turns":4},{"damage":38,"enemies":"Snecko","floor":27,"turns":6},{"damage":11,"enemies":"Snake Plant","floor":30,"turns":3},{"damage":4,"enemies":"3 Cultists","floor":31,"turns":3},{"damage":14,"enemies":"Automaton","floor":33,"turns":4},{"damage":6,"enemies":"3 Darklings","floor":35,"turns":4},{"damage":12,"enemies":"3 Shapes","floor":38,"turns":3},{"damage":36,"enemies":"3 Darklings","floor":41,"turns":5},{"damage":28,"enemies":"4 Shapes","floor":45,"turns":5},{"damage":19,"enemies":"2 Orb Walkers","floor":46,"turns":3},{"damage":0,"enemies":"Maw","floor":48,"turns":3},{"damage":106,"enemies":"Time Eater","floor":50,"turns":8}],"event_choices":[{"event_name":"Shining Light","player_choice":"Entered Light","floor":3,"damage_taken":0},{"event_name":"The Woman in Blue","player_choice":"Bought 1 Potion","floor":13,"damage_taken":0},{"event_name":"Duplicator","player_choice":"One dupe","floor":21,"damage_taken":0},{"event_name":"Back to Basics","player_choice":"Simplicity","floor":25,"damage_taken":0},{"event_name":"Wheel of Change","player_choice":"Curse","floor":37,"damage_taken":0},{"event_name":"Winding Halls","player_choice":"Embrace Madness","floor":40,"damage_taken":0}],"boss_relics":[{"not_picked":["Runic Cube","Astrolabe"],"picked":"Lizard Tail"},{"not_picked":["Question Card","Calling Bell"],"picked":"Runic Dome"}],"potions_floor_spawned":[1,2,7,14,18,20,30,31,45,48],"seed_played":"-2526044021824738233","ascension_level":0,"is_trial":false}