{"path_per_floor":["M","$","T","M","?","E","$","?","T","$","M","M","R","$","R","B",null,"M","?","?","$","M","R","M","M","T","M","M","M","R","M","R","B",null,"M","?","M","M","?","R","$","M","T","?","$","M","$","M","R","B"],"character_chosen":"IRONCLAD","items_purchased":["Whirlwind","Seeing Red","Singing Bowl","Flex"],"gold_per_floor":[219,118,118,137,237,263,188,188,211,62,73,91,91,69,69,166,166,185,185,185,85,96,96,114,129,129,148,165,176,176,190,190,293,293,310,0,16,32,84,84,34,49,101,101,51,69,69,79,79,79],"floor_reached":51,"campfire_rested":2,"playtime":1518,"current_hp_per_floor":[80,80,80,80,80,64,64,64,64,64,70,76,76,76,76,27,82,82,92,92,92,92,92,89,93,93,77,73,77,77,85,85,26,102,95,95,103,83,56,88,88,67,67,67,67,66,66,70,102,70],"items_purged":["Strike_R","Writhe","Parasite","Injury"],"gold":79,"score":526,"play_id":"8bcfc8e9-df4b-45f9-8d7f-32ed6d92080c","is_prod":false,"is_daily":false,"is_ascension_mode":false,"campfire_upgraded":5,"path_taken":["M","$","?","?","?","E","$","?","T","$","?","M","R","?","R","BOSS","M","?","?","$","?","R","M","M","T","M","M","M","R","M","R","BOSS","M","?","M","M","?","R","$","M","T","?","?","?","$","M","R","BOSS"],"build_version":"2018-02-22-PROD2","purchased_purges":4,"victory":true,"master_deck":["Strike_R","Strike_R","Strike_R","Strike_R+1","Defend_R","Defend_R","Defend_R","Defend_R","Bash+1","Thunderclap","Whirlwind+1","Seeing Red+1","True Grit+1","Cleave","Offering+1","Flex+1","Thunderclap","Twin Strike","Seeing Red+1","Offering","Seeing Red","Flex+1"],"max_hp_per_floor":[80,80,80,80,80,80,80,80,80,80,80,80,80,80,80,82,82,82,92,92,92,92,92,92,94,94,96,98,100,100,102,102,102,102,104,104,106,106,108,108,105,107,107,107,107,107,107,109,109,109],"relics":["Burning Blood","Happy Flower","Whetstone","Bag of Marbles","Singing Bowl","Cursed Key","Pear","Smiling Mask","Philosopher\u0027s Stone","Red Mask","Ginger","Lantern"],"card_choices":[{"not_picked":["Power Through","Anger"],"picked":"Thunderclap"},{"not_picked":["Reckless Charge","Rampage"],"picked":"True Grit"},{"not_picked":["Uppercut","Armaments"],"picked":"Cleave"},{"not_picked":["Perfected Strike","Headbutt"],"picked":"Offering"},{"not_picked":["Corruption","Clash"],"picked":"Thunderclap"},{"not_picked":["Body Slam","Feel No Pain"],"picked":"Twin Strike"},{"not_picked":["Inflame","Anger"],"picked":"Seeing Red"},{"not_picked":["Berserk","Limit Break"],"picked":"Offering"},{"not_picked":["Iron Wave","Warcry"],"picked":"Seeing Red"},{"not_picked":["Metallicize","Exhume"],"picked":"Flex"}],"player_experience":164735,"potions_floor_usage":[16,16,28,33,33,50],"damage_taken":[{"damage":6,"enemies":"Cultist","floor":1,"turns":3},{"damage":0,"enemies":"Small Slimes","floor":4,"turns":3},{"damage":22,"enemies":"3 Sentries","floor":6,"turns":6},{"damage":0,"enemies":"2 Louse","floor":11,"turns":2},{"damage":0,"enemies":"Looter","floor":12,"turns":3},{"damage":57,"enemies":"The Guardian","floor":16,"turns":7},{"damage":0,"enemies":"2 Thieves","floor":18,"turns":1},{"damage":0,"enemies":"3 Byrds","floor":22,"turns":2},{"damage":9,"enemies":"Centurion and Healer","floor":24,"turns":4},{"damage":4,"enemies":"Cultist and Chosen","floor":25,"turns":2},{"damage":24,"enemies":"Snake Plant","floor":27,"turns":3},{"damage":12,"enemies":"Centurion and Healer","floor":28,"turns":2},{"damage":4,"enemies":"Sentry and Sphere","floor":29,"turns":3},{"damage":0,"enemies":"Chosen and Byrds","floor":31,"turns":2},{"damage":65,"enemies":"Champ","floor":33,"turns":9},{"damage":15,"enemies":"3 Darklings","floor":35,"turns":3},{"damage":0,"enemies":"3 Shapes","floor":37,"turns":1},{"damage":26,"enemies":"3 Darklings","floor":38,"turns":3},{"damage":35,"enemies":"Mysterious Sphere","floor":39,"turns":3},{"damage":29,"enemies":"Maw","floor":42,"turns":3},{"damage":7,"enemies":"4 Shapes","floor":46,"turns":1},{"damage":4,"enemies":"3 Darklings","floor":48,"turns":1},{"damage":38,"enemies":"Donu and Deca","floor":50,"turns":3}],"event_choices":[{"event_name":"Golden Shrine","player_choice":"Pray","floor":5,"damage_taken":0},{"event_name":"Living Wall","player_choice":"Grow","floor":8,"damage_taken":0},{"event_name":"The Mausoleum","player_choice":"Yes","floor":19,"damage_taken":0},{"event_name":"Vampires","player_choice":"Ignored","floor":20,"damage_taken":0},{"event_name":"Tomb of Lord Red Mask","player_choice":"Paid","floor":36,"damage_taken":0},{"event_name":"Mysterious Sphere","player_choice":"Fight","floor":39,"damage_taken":0},{"event_name":"Transmorgrifier","player_choice":"Transform","floor":44,"damage_taken":0}],"boss_relics":[{"not_picked":["Calling Bell","Eternal Feather"],"picked":"Cursed Key"},{"not_picked":["Orrery","Astrolabe"],"picked":"Philosopher\u0027s Stone"}],"potions_floor_spawned":[6,11,12,22,24,25,29,31,37,46,48],"seed_played":"-3961049639025207322","ascension_level":0,"is_trial":false}