{"path_per_floor":["M","?","$","M","?","E","R","M","T","E","R","?","$","M","R","B",null,"M","$","?","M","?","R","M","?","T","?","T","?","R","M","R"],"character_chosen":"IRONCLAD","items_purchased":["Mind Blast","Mind Blast"],"gold_per_floor":[113,113,38,49,49,82,82,100,149,187,187,187,95,115,115,241,241,261,161,161,184,184,184,207,157,157,157,210,125,125,141,141],"floor_reached":33,"campfire_rested":4,"playtime":1477,"current_hp_per_floor":[80,80,80,80,60,38,62,62,62,23,47,47,47,53,77,15,80,80,80,80,77,77,77,74,74,74,74,74,74,74,65,89],"items_purged":["Regret"],"gold":141,"score":290,"play_id":"b56dc6d4-0445-4351-ae6d-ad44a6390de3","is_prod":false,"is_daily":false,"is_ascension_mode":true,"campfire_upgraded":2,"path_taken":["M","?","$","?","?","E","R","?","T","E","R","?","$","M","R","BOSS","M","$","?","M","?","R","M","?","T","?","?","?","R","M","R","BOSS"],"build_version":"2018-02-22-PROD2","purchased_purges":2,"victory":false,"master_deck":["Strike_R+1","Strike_R+1","Strike_R+1","Strike_R+1","Strike_R+1","Defend_R+1","Defend_R+1","Defend_R+1","Defend_R+1","Bash+1","Shrug It Off","Cleave","Cleave+1","Metallicize","Seeing Red","Disarm","Mind Blast+1","Rage","Cleave","Feed","Evolve","Mind Blast+1","Thunderclap","Inflame+1","Cleave","Pain","Doubt","Sword Boomerang+1","Inflame"],"max_hp_per_floor":[80,80,80,80,80,80,80,80,80,80,80,80,80,80,80,80,80,80,80,80,83,83,83,86,86,86,86,86,86,86,89,89],"relics":["Burning Blood","Dream Catcher","Golden Idol","Matryoshka","Blood Vial","Juzu Bracelet","Smiling Mask","Cursed Key","Happy Flower","Frozen Eye","Whetstone","Meat on the Bone"],"card_choices":[{"not_picked":["Iron Wave","Clothesline"],"picked":"Shrug It Off"},{"not_picked":["Combust","Second Wind"],"picked":"Cleave"},{"not_picked":["Clash","True Grit"],"picked":"Cleave"},{"not_picked":["Flex","Anger"],"picked":"Metallicize"},{"not_picked":["Clash","Fiend Fire"],"picked":"Seeing Red"},{"not_picked":["Heavy Blade","Sword Boomerang"],"picked":"Disarm"},{"not_picked":["Headbutt","Evolve"],"picked":"Rage"},{"not_picked":["Second Wind","Heavy Blade"],"picked":"Cleave"},{"not_picked":["Limit Break","Juggernaut"],"picked":"Feed"},{"not_picked":["Feel No Pain","Clash"],"picked":"Evolve"},{"not_picked":["Shrug It Off","Clash"],"picked":"Inflame"},{"not_picked":["Burning Pact","Sword Boomerang"],"picked":"Cleave"},{"not_picked":["Perfected Strike","Clash"],"picked":"Sword Boomerang"},{"not_picked":["Impervious","Armaments"],"picked":"Inflame"}],"player_experience":130948,"potions_floor_usage":[6,6,16,18,24,33],"damage_taken":[{"damage":6,"enemies":"Jaw Worm","floor":1,"turns":3},{"damage":5,"enemies":"Small Slimes","floor":4,"turns":4},{"damage":28,"enemies":"Gremlin Nob","floor":6,"turns":4},{"damage":6,"enemies":"Cultist","floor":8,"turns":3},{"damage":47,"enemies":"Lagavulin","floor":10,"turns":8},{"damage":2,"enemies":"Large Slime","floor":14,"turns":8},{"damage":85,"enemies":"The Guardian","floor":16,"turns":17},{"damage":3,"enemies":"3 Byrds","floor":18,"turns":5},{"damage":12,"enemies":"Chosen","floor":21,"turns":4},{"damage":23,"enemies":"Centurion and Healer","floor":24,"turns":6},{"damage":20,"enemies":"Slaver and Parasite","floor":31,"turns":7},{"damage":104,"enemies":"Collector","floor":33,"turns":8}],"event_choices":[{"event_name":"Big Fish","player_choice":"Box","floor":2,"damage_taken":0},{"event_name":"Golden Idol","player_choice":"Take Damage","floor":5,"damage_taken":0},{"event_name":"The Lab","player_choice":"Got Potions","floor":12,"damage_taken":0},{"event_name":"The Library","player_choice":"Read","floor":20,"damage_taken":0},{"event_name":"Back to Basics","player_choice":"Simplicity","floor":22,"damage_taken":0},{"event_name":"The Joust","player_choice":"Bet on Owner","floor":25,"damage_taken":0},{"event_name":"Drug Dealer","player_choice":"Ignored","floor":27,"damage_taken":0},{"event_name":"Addict","player_choice":"Obtained Relic","floor":29,"damage_taken":0}],"boss_relics":[{"not_picked":["Philosopher\u0027s Stone","Runic Dome"],"picked":"Cursed Key"}],"potions_floor_spawned":[6,10,21],"seed_played":"-1007667849600613941","killed_by":"Collector","ascension_level":1,"is_trial":false}