{"gold_per_floor":[114,129,140,154,165,195,195,220,243,273,81,106,71,83,83,155,155,172,172,186,19,119,119,145,164,187,224,236,580,592,615,627,713,725,756,768,800,822,844,856,879,350,398,409,422,143,178,198,198,198],"floor_reached":51,"playtime":5182,"items_purged":["Strike_G","Strike_G","Footwork"],"score":1610,"play_id":"1b131ea8-e278-42ff-900d-f431b7b09386","local_time":"20190212135702","is_ascension_mode":true,"campfire_choices":[{"data":"Blade Dance","floor":7.0,"key":"SMITH"},{"floor":15.0,"key":"REST"},{"data":"After Image","floor":23.0,"key":"SMITH"},{"data":"Blade Dance","floor":30,"key":"SMITH"},{"data":"Blade Dance","floor":32,"key":"SMITH"},{"floor":40,"key":"REST"},{"data":"Backflip","floor":49,"key":"SMITH"}],"neow_cost":"TEN_PERCENT_HP_LOSS","seed_source_timestamp":55931514879100,"circlet_count":0,"master_deck":["AscendersBane","Defend_G","Defend_G","Defend_G","Defend_G","Strike_G","Survivor","Neutralize","Blade Dance+1","Deflect","Footwork","Blade Dance+1","Footwork","Dagger Spray","Distraction","Blade Dance+1","Footwork","Escape Plan","Flying Knee","After Image+1","Predator+1","Terror+1","Die Die Die","Calculated Gamble","Well Laid Plans","Tools of the Trade","Distraction","Backflip+1","Expertise+1","Acrobatics+1"],"special_seed":0,"relics":["Ring of the Snake","Dead Branch","Mummified Hand","Pantograph","PreservedInsect","Snake Skull","Potion Belt","Astrolabe","Happy Flower","StoneCalendar","Matryoshka","Omamori","Boot","MawBank","Smiling Mask","Old Coin","Cursed Key","Singing Bowl","Letter Opener","TheAbacus","Anchor","Art of War","Lee\u0027s Waffle","Toxic Egg 2"],"potions_floor_usage":[50,50],"damage_taken":[{"damage":2.0,"enemies":"2 Louse","floor":1.0,"turns":3.0},{"damage":1.0,"enemies":"Jaw Worm","floor":2.0,"turns":4.0},{"damage":1.0,"enemies":"Cultist","floor":3.0,"turns":4.0},{"damage":8.0,"enemies":"Large Slime","floor":4.0,"turns":9.0},{"damage":2.0,"enemies":"Red Slaver","floor":5.0,"turns":6.0},{"damage":0.0,"enemies":"Gremlin Nob","floor":6.0,"turns":3.0},{"damage":0.0,"enemies":"Lagavulin","floor":8.0,"turns":8.0},{"damage":10.0,"enemies":"Gremlin Nob","floor":10.0,"turns":3.0},{"damage":20.0,"enemies":"3 Sentries","floor":12.0,"turns":4.0},{"damage":1.0,"enemies":"2 Fungi Beasts","floor":14.0,"turns":3.0},{"damage":26.0,"enemies":"Slime Boss","floor":16.0,"turns":9.0},{"damage":0.0,"enemies":"Shell Parasite","floor":18.0,"turns":4.0},{"damage":11.0,"enemies":"Spheric Guardian","floor":20.0,"turns":10.0},{"damage":6.0,"enemies":"Colosseum Slavers","floor":22.0,"turns":4.0},{"damage":0.0,"enemies":"Colosseum Nobs","floor":22.0,"turns":2.0},{"damage":3.0,"enemies":"Gremlin Leader","floor":24.0,"turns":4.0},{"damage":0.0,"enemies":"Snake Plant","floor":25.0,"turns":5.0},{"damage":5,"enemies":"Slavers","floor":27,"turns":5},{"damage":2,"enemies":"Book of Stabbing","floor":29,"turns":3},{"damage":0,"enemies":"Cultist and Chosen","floor":31,"turns":5},{"damage":19,"enemies":"Automaton","floor":33,"turns":9},{"damage":0,"enemies":"3 Darklings","floor":35,"turns":3},{"damage":0,"enemies":"3 Shapes","floor":37,"turns":5},{"damage":14,"enemies":"Transient","floor":38,"turns":6},{"damage":25,"enemies":"3 Darklings","floor":39,"turns":3},{"damage":16,"enemies":"Spire Growth","floor":41,"turns":4},{"damage":0,"enemies":"4 Shapes","floor":44,"turns":3},{"damage":23,"enemies":"Transient","floor":45,"turns":6},{"damage":0,"enemies":"Nemesis","floor":47,"turns":4},{"damage":0,"enemies":"Jaw Worm Horde","floor":48,"turns":3},{"damage":72,"enemies":"Awakened One","floor":50,"turns":16}],"seed_played":"5724803226202048782","potions_obtained":[{"floor":4.0,"key":"Strength Potion"},{"floor":5.0,"key":"SteroidPotion"},{"floor":6.0,"key":"Dexterity Potion"},{"floor":12.0,"key":"SteroidPotion"},{"floor":16.0,"key":"SkillPotion"},{"floor":20.0,"key":"Explosive Potion"},{"floor":25.0,"key":"SteroidPotion"},{"floor":27,"key":"Ancient Potion"},{"floor":35,"key":"Poison Potion"},{"floor":37,"key":"SteroidPotion"},{"floor":44,"key":"Swift Potion"},{"floor":47,"key":"AttackPotion"}],"is_trial":false,"path_per_floor":["?","?","M","?","?","M"],"character_chosen":"THE_SILENT","items_purchased":["Footwork","Escape Plan","Happy Flower","Letter Opener","TheAbacus","Lee\u0027s Waffle"],"campfire_rested":2,"item_purchase_floors":[11,11,21,42,42,46],"current_hp_per_floor":[57,56,55,47,45,45,45,45,45,35,35,15,30,29,47,34,54,54,70,59,59,53,53,50,50,50,45,45,43,43,43,43,49,65,65,65,67,53,30,52,38,38,38,40,17,85,85,85,85,13],"gold":198,"neow_bonus":"ONE_RARE_RELIC","is_prod":false,"is_daily":false,"chose_seed":false,"campfire_upgraded":5,"win_rate":0,"timestamp":1549947422,"path_taken":["M","M","M","M","M","E","R","E","T","E","$","E","?","M","R","BOSS","M","?","?","$","?","R","E","M","T","E","$","E","R","M","R","BOSS","M","?","M","?","M","R","M","$","T","M","M","$","E","M","R","BOSS"],"build_version":"2019-01-23","purchased_purges":3,"victory":true,"max_hp_per_floor":[60,60,60,60,60,60,60,60,60,60,60,60,60,60,60,60,60,60,70,70,70,70,70,70,70,70,70,70,70,70,70,70,70,70,70,70,72,72,74,74,76,76,76,78,78,85,85,85,85,85],"card_choices":[{"not_picked":["Quick Slash","Outmaneuver"],"picked":"Blade Dance","floor":1.0},{"not_picked":["Slice","Blade Dance"],"picked":"Deflect","floor":2.0},{"not_picked":["Deflect","Underhanded Strike"],"picked":"Footwork","floor":3.0},{"not_picked":["Tactician","Leg Sweep"],"picked":"Blade Dance","floor":4.0},{"not_picked":["All Out Attack","Outmaneuver"],"picked":"Footwork","floor":5.0},{"not_picked":["Poisoned Stab","Dodge and Roll"],"picked":"Dagger Spray","floor":6.0},{"not_picked":["Choke","Crippling Poison"],"picked":"Distraction","floor":8.0},{"not_picked":["Sucker Punch","Deadly Poison"],"picked":"Blade Dance","floor":10.0},{"not_picked":["Dagger Spray","Sucker Punch","Phantasmal Killer"],"picked":"SKIP","floor":12.0},{"not_picked":["Catalyst","Bane"],"picked":"Flying Knee","floor":14.0},{"not_picked":["Phantasmal Killer","Venomology"],"picked":"After Image","floor":16.0},{"not_picked":["Dagger Spray","Crippling Poison"],"picked":"Footwork","floor":18.0},{"not_picked":["Slice","Poisoned Stab","Reflex"],"picked":"SKIP","floor":20.0},{"not_picked":["Deflect","Caltrops","Flechettes"],"picked":"SKIP","floor":24.0},{"not_picked":["Crippling Poison","Deadly Poison","Poisoned Stab"],"picked":"SKIP","floor":25.0},{"not_picked":["Flying Knee","Dagger Throw"],"picked":"Die Die Die","floor":27},{"not_picked":["Deflect","Wraith Form v2"],"picked":"Calculated Gamble","floor":29},{"not_picked":["Eviscerate","Flying Knee+1"],"picked":"Well Laid Plans","floor":31},{"not_picked":["Unload","Bullet Time"],"picked":"Tools of the Trade","floor":33},{"not_picked":["Flying Knee","Deadly Poison+1","Riddle With Holes"],"picked":"SKIP","floor":35},{"not_picked":["Flying Knee+1","Sucker Punch","Setup"],"picked":"Singing Bowl","floor":37},{"not_picked":["Bane","Noxious Fumes+1"],"picked":"Distraction","floor":38},{"not_picked":["Underhanded Strike+1","Quick Slash","Acrobatics"],"picked":"Singing Bowl","floor":39},{"not_picked":["Glass Knife","Prepared","Dagger Throw"],"picked":"Singing Bowl","floor":41},{"not_picked":["Concentrate","PiercingWail","Riddle With Holes+1"],"picked":"Singing Bowl","floor":44},{"not_picked":["PiercingWail","After Image"],"picked":"Backflip","floor":45},{"not_picked":["Outmaneuver","PiercingWail"],"picked":"Expertise+1","floor":47},{"not_picked":["Riddle With Holes+1","Flying Knee"],"picked":"Acrobatics+1","floor":48}],"player_experience":356068,"relics_obtained":[{"floor":6.0,"key":"Mummified Hand"},{"floor":8.0,"key":"Pantograph"},{"floor":9.0,"key":"PreservedInsect"},{"floor":10.0,"key":"Snake Skull"},{"floor":12.0,"key":"Potion Belt"},{"floor":22.0,"key":"StoneCalendar"},{"floor":22.0,"key":"Matryoshka"},{"floor":24.0,"key":"Omamori"},{"floor":26.0,"key":"Boot"},{"floor":26.0,"key":"MawBank"},{"floor":27,"key":"Smiling Mask"},{"floor":29,"key":"Old Coin"},{"floor":43,"key":"Anchor"},{"floor":43,"key":"Art of War"},{"floor":47,"key":"Toxic Egg 2"}],"event_choices":[{"damage_healed":15.0,"max_hp_gain":0.0,"max_hp_loss":0.0,"gold_gain":0.0,"event_name":"The Cleric","player_choice":"Healed","floor":13.0,"gold_loss":35.0,"damage_taken":0.0},{"cards_removed":["Wraith Form v2"],"damage_healed":6.0,"max_hp_gain":10.0,"max_hp_loss":0.0,"gold_gain":0.0,"event_name":"Bonfire Elementals","player_choice":"Offered Rare","floor":19.0,"gold_loss":0.0,"damage_taken":0.0},{"damage_healed":0.0,"max_hp_gain":0.0,"max_hp_loss":0.0,"gold_gain":0.0,"event_name":"Colosseum","player_choice":"Fight","floor":22.0,"gold_loss":0.0,"damage_taken":0.0},{"damage_healed":0.0,"max_hp_gain":0.0,"max_hp_loss":0.0,"gold_gain":0.0,"event_name":"Colosseum","player_choice":"Fought Nobs","floor":22.0,"gold_loss":0.0,"damage_taken":0.0},{"damage_healed":0,"gold_gain":0,"player_choice":"Gave Potion","damage_taken":0,"relics_obtained":["Singing Bowl"],"max_hp_gain":0,"max_hp_loss":0,"event_name":"WeMeetAgain","floor":36,"gold_loss":0}],"is_beta":false,"boss_relics":[{"not_picked":["Velvet Choker","Calling Bell"],"picked":"Astrolabe"},{"not_picked":["Snecko Eye","Eternal Feather"],"picked":"Cursed Key"}],"items_purged_floors":[11,42,46],"is_endless":false,"potions_floor_spawned":[4,5,6,12,16,20,22,25,27,35,37,44,47,48],"ascension_level":18}