{"path_per_floor":["M","$","M","M","M","R","M","M","T","M","E","?","E","?","R","B",null,"M","?","M","$","M"],"character_chosen":"IRONCLAD","items_purchased":["Havoc","Thunderclap","Double Tap"],"gold_per_floor":[117,39,57,68,84,84,99,109,109,122,152,152,183,183,183,287,287,297,297,312,164,181],"floor_reached":23,"campfire_rested":1,"playtime":1151,"current_hp_per_floor":[80,80,80,80,75,75,76,70,70,67,46,46,39,39,63,28,80,77,77,43,43,22],"items_purged":[],"gold":181,"score":205,"play_id":"79e49d98-23a0-4400-ba17-e98b83a78341","is_prod":false,"is_daily":false,"is_ascension_mode":false,"campfire_upgraded":1,"path_taken":["M","$","M","M","M","R","M","M","T","M","E","?","E","?","R","BOSS","M","?","?","$","M","E"],"build_version":"2018-02-22-PROD2","purchased_purges":1,"victory":false,"master_deck":["Strike_R","Strike_R","Defend_R","Defend_R","Defend_R","Defend_R","Demon Form","Havoc","Thunderclap","Flex","Whirlwind+1","Thunderclap","Shockwave","Thunderclap","Inflame","Double Tap","Power Through+1","Sword Boomerang+1","Clothesline+1","Double Tap"],"max_hp_per_floor":[80,80,80,80,80,80,80,80,80,80,80,80,80,80,80,80,80,80,80,80,80,80],"relics":["Burning Blood","Dead Branch","Prayer Wheel","Letter Opener","Astrolabe","Nloth\u0027s Gift"],"card_choices":[{"not_picked":["Bloodletting","Body Slam"],"picked":"Demon Form"},{"not_picked":["Havoc","Warcry"],"picked":"Flex"},{"not_picked":["Twin Strike","Carnage"],"picked":"Whirlwind"},{"not_picked":["Heavy Blade","Flex"],"picked":"Thunderclap"},{"not_picked":["Juggernaut","Clothesline"],"picked":"Shockwave"},{"not_picked":["Shrug It Off","Sentinel"],"picked":"Thunderclap"},{"not_picked":["Burning Pact","Reckless Charge"],"picked":"Inflame"},{"not_picked":["Fiend Fire","Reaper"],"picked":"Double Tap"}],"player_experience":161510,"potions_floor_usage":[],"damage_taken":[{"damage":0.0,"enemies":"Small Slimes","floor":1.0,"turns":1.0},{"damage":0.0,"enemies":"Jaw Worm","floor":3.0,"turns":1.0},{"damage":0.0,"enemies":"2 Louse","floor":4.0,"turns":2.0},{"damage":11.0,"enemies":"Exordium Thugs","floor":5.0,"turns":4.0},{"damage":5.0,"enemies":"3 Louse","floor":7.0,"turns":3.0},{"damage":12.0,"enemies":"Large Slime","floor":8.0,"turns":4.0},{"damage":9.0,"enemies":"Gremlin Gang","floor":10.0,"turns":3.0},{"damage":27.0,"enemies":"3 Sentries","floor":11.0,"turns":5.0},{"damage":13.0,"enemies":"Lagavulin","floor":13.0,"turns":4.0},{"damage":41.0,"enemies":"The Guardian","floor":16.0,"turns":8.0},{"damage":9,"enemies":"Chosen","floor":18,"turns":6},{"damage":40,"enemies":"Shell Parasite","floor":20,"turns":8},{"damage":27,"enemies":"Sentry and Sphere","floor":22,"turns":4},{"damage":26,"enemies":"Gremlin Leader","floor":23,"turns":5}],"event_choices":[{"event_name":"Living Wall","player_choice":"Forget","floor":12.0,"damage_taken":0.0},{"event_name":"Match and Keep!","player_choice":"0 cards matched","floor":14.0,"damage_taken":0.0},{"event_name":"N\u0027loth","player_choice":"Traded a NeowsBlessing","floor":19,"damage_taken":0}],"boss_relics":[{"not_picked":["Snecko Eye","Runic Pyramid"],"picked":"Astrolabe"}],"potions_floor_spawned":[1,5,7,11,13,18,22],"seed_played":"-3515213859349133839","killed_by":"Gremlin Leader","ascension_level":0,"is_trial":false}