{"gold_per_floor":[109,109,21,41,6,6,81,91,91,104,132,145,177,177,177,254,254,273,283,299,139,152,152,177,190,190,115,145,145,145,145],"floor_reached":31,"playtime":2099,"items_purged":["Strike_G"],"score":558,"play_id":"8db1839a-df6f-4c34-98b2-a7873a061891","local_time":"20190211014325","is_ascension_mode":true,"campfire_choices":[{"data":"Dash","floor":6.0,"key":"SMITH"},{"data":"Footwork","floor":15.0,"key":"SMITH"},{"data":"After Image","floor":23.0,"key":"SMITH"},{"floor":30,"key":"REST"}],"neow_cost":"NONE","seed_source_timestamp":18221794361300,"circlet_count":0,"master_deck":["AscendersBane","Defend_G","Defend_G","Defend_G+1","Defend_G","Defend_G+1","Survivor","Neutralize","Dash+1","Well Laid Plans","Footwork+1","Caltrops","Dagger Spray","All Out Attack+1","Glass Knife+1","Flying Knee+1","Escape Plan","After Image+1","Sucker Punch+1","Acrobatics+1","Calculated Gamble","Backflip","Cloak And Dagger","Backflip","Dagger Throw+1","Cloak And Dagger","Flechettes+1","PiercingWail+1"],"special_seed":0,"relics":["Ring of the Snake","War Paint","Ancient Tea Set","Molten Egg 2","Dream Catcher","Empty Cage","Bottled Tornado","Du-Vu Doll","Toxic Egg 2"],"potions_floor_usage":[28,28],"damage_taken":[{"damage":0.0,"enemies":"2 Louse","floor":1.0,"turns":3.0},{"damage":0.0,"enemies":"Jaw Worm","floor":4.0,"turns":6.0},{"damage":1.0,"enemies":"Small Slimes","floor":8.0,"turns":4.0},{"damage":0.0,"enemies":"Gremlin Gang","floor":10.0,"turns":5.0},{"damage":0.0,"enemies":"3 Sentries","floor":11.0,"turns":6.0},{"damage":1.0,"enemies":"Looter","floor":12.0,"turns":3.0},{"damage":5.0,"enemies":"Lagavulin","floor":13.0,"turns":7.0},{"damage":30.0,"enemies":"Slime Boss","floor":16.0,"turns":9.0},{"damage":7.0,"enemies":"Spheric Guardian","floor":18.0,"turns":6.0},{"damage":0.0,"enemies":"Shell Parasite","floor":19.0,"turns":5.0},{"damage":14.0,"enemies":"Snake Plant","floor":20.0,"turns":6.0},{"damage":2.0,"enemies":"Cultist and Chosen","floor":22.0,"turns":7.0},{"damage":6,"enemies":"Book of Stabbing","floor":24,"turns":6},{"damage":0,"enemies":"Centurion and Healer","floor":25,"turns":8},{"damage":22,"enemies":"Slavers","floor":28,"turns":6},{"damage":10,"enemies":"Snecko","floor":31,"turns":5}],"seed_played":"-7097393841600448071","potions_obtained":[{"floor":8.0,"key":"EssenceOfSteel"},{"floor":10.0,"key":"Energy Potion"},{"floor":12.0,"key":"Explosive Potion"},{"floor":16.0,"key":"Fire Potion"},{"floor":20.0,"key":"GhostInAJar"},{"floor":22.0,"key":"Dexterity Potion"},{"floor":25,"key":"Strength Potion"},{"floor":28,"key":"FearPotion"}],"is_trial":false,"path_per_floor":["?","?","?","M","?","M","?","?"],"character_chosen":"THE_SILENT","items_purchased":["Footwork","Backflip","Cloak And Dagger"],"campfire_rested":1,"item_purchase_floors":[3,21,21],"current_hp_per_floor":[59,48,48,48,64,64,53,52,52,52,52,51,46,46,46,16,54,47,47,33,33,31,31,25,25,25,25,3,3,22,12],"gold":145,"neow_bonus":"TRANSFORM_CARD","is_prod":false,"is_daily":false,"chose_seed":false,"campfire_upgraded":3,"win_rate":0,"timestamp":1549817005,"path_taken":["M","?","$","M","?","R","?","?","T","M","E","M","E","?","R","BOSS","M","?","M","$","M","R","E","M","T","?","E","?","R","M"],"build_version":"2019-01-23","purchased_purges":1,"victory":false,"max_hp_per_floor":[66,66,66,66,66,66,66,66,66,66,66,66,66,66,66,66,66,66,66,66,66,66,66,66,66,66,66,66,66,66,66],"card_choices":[{"not_picked":["Dodge and Roll","Deadly Poison"],"picked":"Well Laid Plans","floor":1.0},{"not_picked":["PiercingWail","Bane"],"picked":"Caltrops","floor":4.0},{"not_picked":["Flechettes","Acrobatics"],"picked":"Dagger Spray","floor":8.0},{"not_picked":["Backflip","Sucker Punch"],"picked":"All Out Attack","floor":10.0},{"not_picked":["Calculated Gamble","Flying Knee"],"picked":"Glass Knife","floor":11.0},{"not_picked":["Blade Dance","Bane+1"],"picked":"Flying Knee+1","floor":12.0},{"not_picked":["Flechettes+1","Sucker Punch+1"],"picked":"Escape Plan","floor":13.0},{"not_picked":["Phantasmal Killer","Tools of the Trade"],"picked":"After Image","floor":16.0},{"not_picked":["Flying Knee+1","Leg Sweep"],"picked":"Sucker Punch+1","floor":18.0},{"not_picked":["Crippling Poison+1","Poisoned Stab+1"],"picked":"Acrobatics+1","floor":19.0},{"not_picked":["PiercingWail","Riddle With Holes+1"],"picked":"Calculated Gamble","floor":20.0},{"not_picked":["Bouncing Flask","Noxious Fumes"],"picked":"Backflip","floor":22.0},{"not_picked":["Heel Hook+1","Flechettes+1"],"picked":"Dagger Throw+1","floor":24},{"not_picked":["Leg Sweep","Heel Hook+1"],"picked":"Cloak And Dagger","floor":25},{"not_picked":["Outmaneuver","Catalyst"],"picked":"Flechettes+1","floor":28},{"not_picked":["Outmaneuver+1","Expertise+1"],"picked":"PiercingWail+1","floor":30}],"player_experience":324707,"relics_obtained":[{"floor":9.0,"key":"Ancient Tea Set"},{"floor":11.0,"key":"Molten Egg 2"},{"floor":13.0,"key":"Dream Catcher"},{"floor":24,"key":"Bottled Tornado"},{"floor":26,"key":"Du-Vu Doll"},{"floor":28,"key":"Toxic Egg 2"}],"event_choices":[{"damage_healed":0.0,"max_hp_gain":0.0,"max_hp_loss":0.0,"gold_gain":0.0,"event_name":"Scrap Ooze","player_choice":"Success","floor":2.0,"gold_loss":0.0,"damage_taken":11.0,"relics_obtained":["War Paint"]},{"damage_healed":16.0,"max_hp_gain":0.0,"max_hp_loss":0.0,"gold_gain":0.0,"event_name":"The Cleric","player_choice":"Healed","floor":5.0,"gold_loss":35.0,"damage_taken":0.0},{"damage_healed":0.0,"max_hp_gain":0.0,"max_hp_loss":0.0,"gold_gain":75.0,"event_name":"World of Goop","player_choice":"Gather Gold","floor":7.0,"gold_loss":0.0,"damage_taken":11.0},{"damage_healed":0.0,"max_hp_gain":0.0,"max_hp_loss":0.0,"gold_gain":0.0,"event_name":"Accursed Blacksmith","player_choice":"Forge","floor":14.0,"gold_loss":0.0,"damage_taken":0.0,"cards_upgraded":["All Out Attack"]},{"cards_removed":["Strike_G"],"damage_healed":0,"gold_gain":0,"player_choice":"Gave Gold","damage_taken":0,"max_hp_gain":0,"max_hp_loss":0,"event_name":"Beggar","floor":27,"gold_loss":75},{"damage_healed":0,"gold_gain":0,"player_choice":"Ignored","damage_taken":0,"max_hp_gain":0,"max_hp_loss":0,"event_name":"Cursed Tome","floor":29,"gold_loss":0}],"is_beta":false,"boss_relics":[{"not_picked":["Velvet Choker","Snecko Eye"],"picked":"Empty Cage"}],"items_purged_floors":[21],"is_endless":false,"potions_floor_spawned":[8,10,12,16,20,22,25,28],"killed_by":"Snecko","ascension_level":16}