{"gold_per_floor":[17,29,29,48,48,48,77,88,88,88,117,136,152,166,166,265,265,284,284,284,301,313,313,345,357,395,420,432,456,480,492,504,516],"floor_reached":33,"playtime":1944,"items_purged":[],"score":334,"play_id":"9b468fb3-612d-4600-bd37-2668dd9a8dab","local_time":"20190204003304","is_ascension_mode":true,"campfire_choices":[{"data":"Armaments","floor":6,"key":"SMITH"},{"data":"Carnage","floor":15,"key":"SMITH"},{"data":"Feed","floor":23,"key":"SMITH"},{"data":"Double Tap","floor":28,"key":"SMITH"},{"floor":32,"key":"REST"}],"neow_cost":"NO_GOLD","seed_source_timestamp":35897277433444,"circlet_count":0,"master_deck":["Defend_R","Defend_R","Defend_R","Defend_R","Bash","Double Tap+1","Evolve","Armaments+1","Carnage+1","Regret","Thunderclap","Iron Wave","Intimidate+1","Rampage","Feed+1","Heavy Blade","Writhe","Bite","Bite","Bite","Bite","Bite","Twin Strike","Warcry","Pummel"],"relics":["Burning Blood","Frozen Egg 2","Mango","Torii","Mercury Hourglass","Orichalcum","Busted Crown","Dead Branch","MawBank","Bronze Scales"],"potions_floor_usage":[7,11,11,16,16,27,33],"damage_taken":[{"damage":10,"enemies":"Small Slimes","floor":1,"turns":4},{"damage":1,"enemies":"Cultist","floor":2,"turns":3},{"damage":11,"enemies":"Jaw Worm","floor":4,"turns":5},{"damage":27,"enemies":"3 Sentries","floor":7,"turns":8},{"damage":9,"enemies":"Exordium Thugs","floor":8,"turns":5},{"damage":36,"enemies":"Lagavulin","floor":11,"turns":9},{"damage":3,"enemies":"2 Fungi Beasts","floor":12,"turns":3},{"damage":4,"enemies":"Exordium Wildlife","floor":13,"turns":2},{"damage":1,"enemies":"3 Louse","floor":14,"turns":3},{"damage":24,"enemies":"The Guardian","floor":16,"turns":12},{"damage":11,"enemies":"2 Thieves","floor":18,"turns":4},{"damage":10,"enemies":"3 Byrds","floor":21,"turns":5},{"damage":30,"enemies":"Snake Plant","floor":22,"turns":4},{"damage":28,"enemies":"Gremlin Leader","floor":24,"turns":6},{"damage":15,"enemies":"Cultist and Chosen","floor":27,"turns":4},{"damage":35,"enemies":"3 Cultists","floor":29,"turns":6},{"damage":15,"enemies":"Shelled Parasite and Fungi","floor":30,"turns":2},{"damage":72,"enemies":"Collector","floor":33,"turns":9}],"seed_played":"4632441931691792172","potions_obtained":[{"floor":1,"key":"Poison Potion"},{"floor":3,"key":"SmokeBomb"},{"floor":3,"key":"SmokeBomb"},{"floor":3,"key":"Ancient Potion"},{"floor":4,"key":"PowerPotion"},{"floor":8,"key":"Strength Potion"},{"floor":14,"key":"Dexterity Potion"},{"floor":24,"key":"Strength Potion"},{"floor":29,"key":"Weak Potion"}],"is_trial":false,"path_per_floor":["M","M","?","M","?","R","E","M","T","T","E","M","M","M","R","B",null,"M","?","?","M","M","R","E","?","T","M","R","M","M","?","R","B"],"character_chosen":"IRONCLAD","items_purchased":[],"campfire_rested":1,"item_purchase_floors":[],"current_hp_per_floor":[76,80,80,75,75,75,68,65,65,65,35,38,40,45,45,27,94,92,92,67,70,54,54,52,52,52,53,53,34,29,15,38,0],"gold":516,"neow_bonus":"THREE_RARE_CARDS","is_prod":false,"is_daily":false,"chose_seed":false,"campfire_upgraded":4,"win_rate":0,"timestamp":1549236784,"path_taken":["M","M","?","?","?","R","E","M","T","?","E","?","M","M","R","BOSS","M","?","?","M","M","R","E","?","T","M","R","M","?","?","R","BOSS"],"build_version":"2019-01-23","purchased_purges":0,"victory":false,"max_hp_per_floor":[80,80,80,80,80,80,94,94,94,94,94,94,94,94,94,94,94,97,97,67,70,70,70,70,70,70,70,70,70,74,79,79,79],"card_choices":[{"not_picked":["Exhume","Limit Break"],"picked":"Double Tap","floor":0},{"not_picked":["Inflame","Warcry"],"picked":"Evolve","floor":1},{"not_picked":["Shrug It Off","Dual Wield"],"picked":"Armaments","floor":2},{"not_picked":["Armaments","Corruption"],"picked":"Carnage","floor":4},{"not_picked":["Brutality+1","Body Slam"],"picked":"Thunderclap","floor":7},{"not_picked":["True Grit","Warcry","Body Slam"],"picked":"SKIP","floor":8},{"not_picked":["Dual Wield","Thunderclap","Perfected Strike"],"picked":"SKIP","floor":11},{"not_picked":["Disarm","Dual Wield"],"picked":"Iron Wave","floor":12},{"not_picked":["Burning Pact","Twin Strike"],"picked":"Intimidate","floor":13},{"not_picked":["Perfected Strike","Clash"],"picked":"Rampage","floor":14},{"not_picked":["Brutality+1","Dark Embrace+1"],"picked":"Feed","floor":16},{"not_picked":[],"picked":"Heavy Blade","floor":18},{"not_picked":["Body Slam+1"],"picked":"SKIP","floor":21},{"not_picked":[],"picked":"Twin Strike","floor":22},{"not_picked":[],"picked":"Warcry","floor":24},{"not_picked":["Thunderclap"],"picked":"SKIP","floor":27},{"not_picked":[],"picked":"Pummel","floor":29},{"not_picked":["Thunderclap"],"picked":"SKIP","floor":30}],"player_experience":55370,"relics_obtained":[{"floor":7,"key":"Mango"},{"floor":9,"key":"Torii"},{"floor":10,"key":"Mercury Hourglass"},{"floor":11,"key":"Orichalcum"},{"floor":24,"key":"MawBank"},{"floor":26,"key":"Bronze Scales"}],"event_choices":[{"damage_healed":0,"gold_gain":0,"player_choice":"Got Potions","damage_taken":0,"max_hp_gain":0,"max_hp_loss":0,"event_name":"Lab","floor":3,"gold_loss":0},{"damage_healed":0,"gold_gain":0,"player_choice":"Box","damage_taken":0,"relics_obtained":["Frozen Egg 2"],"max_hp_gain":0,"max_hp_loss":0,"event_name":"Big Fish","floor":5,"gold_loss":0,"cards_obtained":["Regret"]},{"damage_healed":0,"gold_gain":0,"player_choice":"Opened","damage_taken":0,"relics_obtained":["Dead Branch"],"max_hp_gain":0,"max_hp_loss":0,"event_name":"The Mausoleum","floor":19,"gold_loss":0,"cards_obtained":["Writhe"]},{"damage_healed":0,"gold_gain":0,"player_choice":"Became a vampire","damage_taken":0,"max_hp_gain":0,"max_hp_loss":30,"event_name":"Vampires","floor":20,"gold_loss":0,"cards_obtained":["Bite","Bite","Bite","Bite","Bite"]},{"damage_healed":0,"gold_gain":0,"player_choice":"Forge","damage_taken":0,"max_hp_gain":0,"max_hp_loss":0,"event_name":"Accursed Blacksmith","floor":25,"gold_loss":0,"cards_upgraded":["Intimidate"]},{"damage_healed":0,"gold_gain":0,"player_choice":"Shed Blood","damage_taken":19,"max_hp_gain":5,"max_hp_loss":0,"event_name":"Forgotten Altar","floor":31,"gold_loss":0}],"is_beta":false,"boss_relics":[{"not_picked":["Snecko Eye","Runic Dome"],"picked":"Busted Crown"}],"items_purged_floors":[],"is_endless":false,"potions_floor_spawned":[1,4,8,14,24,29],"killed_by":"Collector","ascension_level":2}