{"gold_per_floor":[118,118,118,137,150,180,192,192,215,235,262,279,279,329,329,453,453,477,477,498,498,498,498,498],"floor_reached":24,"playtime":965,"items_purged":[],"score":355,"play_id":"3add8ab9-475f-4574-bd4e-86e6b4766918","local_time":"20190207184222","is_ascension_mode":true,"campfire_choices":[{"floor":8.0,"key":"REST"},{"floor":15,"key":"REST"},{"data":"Crippling Poison","floor":23,"key":"SMITH"}],"neow_cost":"PERCENT_DAMAGE","seed_source_timestamp":75380705021300,"circlet_count":0,"master_deck":["AscendersBane","Defend_G","Defend_G","Defend_G","Defend_G","Survivor","Neutralize","Prepared+1","Corpse Explosion","Dagger Throw","Corpse Explosion","Sucker Punch","Masterful Stab","Distraction","Footwork","Dodge and Roll","Glass Knife","Crippling Poison+1","Injury","Envenom","Bane","Cloak And Dagger+1","Bite","Bite","Bite","Bite","Bite"],"special_seed":0,"relics":["Ring of the Snake","Vajra","Bronze Scales","Ancient Tea Set","Golden Idol","Black Star","Incense Burner"],"potions_floor_usage":[],"damage_taken":[{"damage":0.0,"enemies":"Jaw Worm","floor":1.0,"turns":5.0},{"damage":1.0,"enemies":"Small Slimes","floor":4.0,"turns":3.0},{"damage":0.0,"enemies":"Cultist","floor":5.0,"turns":3.0},{"damage":12.0,"enemies":"Lagavulin","floor":6.0,"turns":5.0},{"damage":3.0,"enemies":"Blue Slaver","floor":7.0,"turns":3.0},{"damage":9.0,"enemies":"2 Fungi Beasts","floor":10.0,"turns":1.0},{"damage":26,"enemies":"Gremlin Nob","floor":11,"turns":5},{"damage":0,"enemies":"Lots of Slimes","floor":12,"turns":1},{"damage":15,"enemies":"Slime Boss","floor":16,"turns":9},{"damage":19,"enemies":"Spheric Guardian","floor":18,"turns":6},{"damage":11,"enemies":"3 Byrds","floor":20,"turns":1},{"damage":24,"enemies":"Book of Stabbing","floor":24,"turns":5}],"seed_played":"4060743009206396059","potions_obtained":[{"floor":1.0,"key":"PowerPotion"},{"floor":4.0,"key":"SkillPotion"},{"floor":16,"key":"Ancient Potion"},{"floor":18,"key":"SteroidPotion"}],"is_trial":false,"path_per_floor":["?","?","M","?","?","?","M","T","?"],"character_chosen":"THE_SILENT","items_purchased":[],"campfire_rested":2,"item_purchase_floors":[],"current_hp_per_floor":[45,31,31,30,30,18,15,36,36,27,1,1,1,1,22,7,54,35,35,24,24,24,24,8],"gold":498,"neow_bonus":"TRANSFORM_TWO_CARDS","is_prod":false,"is_daily":false,"chose_seed":false,"campfire_upgraded":1,"win_rate":0,"timestamp":1549532542,"path_taken":["M","?","?","M","?","E","M","R","T","M","E","M","?","?","R","BOSS","M","?","?","?","?","R","E"],"build_version":"2019-01-23","purchased_purges":0,"victory":false,"max_hp_per_floor":[70,70,70,70,70,70,70,70,70,70,70,70,70,70,70,70,70,70,70,70,70,49,49,49],"card_choices":[{"not_picked":["Reflex","Blade Dance"],"picked":"Dagger Throw","floor":1.0},{"not_picked":["Acrobatics","Quick Slash"],"picked":"Sucker Punch","floor":4.0},{"not_picked":["Flying Knee","Dagger Spray"],"picked":"Masterful Stab","floor":5.0},{"not_picked":["Wraith Form v2","Underhanded Strike"],"picked":"Distraction","floor":6.0},{"not_picked":["Slice","Tactician"],"picked":"Footwork","floor":7.0},{"not_picked":["Outmaneuver","Dagger Throw"],"picked":"Dodge and Roll","floor":10},{"not_picked":["Quick Slash","Dagger Spray"],"picked":"Glass Knife","floor":11},{"not_picked":["Calculated Gamble","Leg Sweep"],"picked":"Crippling Poison","floor":12},{"not_picked":["After Image","Die Die Die"],"picked":"Envenom","floor":16},{"not_picked":["Expertise","Choke"],"picked":"Bane","floor":18},{"not_picked":["Blade Dance","Backflip"],"picked":"Cloak And Dagger+1","floor":20}],"player_experience":267915,"relics_obtained":[{"floor":6.0,"key":"Vajra"},{"floor":9.0,"key":"Bronze Scales"},{"floor":11,"key":"Ancient Tea Set"},{"floor":21,"key":"Incense Burner"}],"event_choices":[{"damage_healed":0.0,"max_hp_gain":0.0,"max_hp_loss":0.0,"gold_gain":0.0,"event_name":"Shining Light","player_choice":"Entered Light","floor":2.0,"gold_loss":0.0,"damage_taken":14.0,"cards_upgraded":["Strike_G","Prepared"]},{"damage_healed":0.0,"max_hp_gain":0.0,"max_hp_loss":0.0,"gold_gain":0.0,"cards_transformed":["Strike_G"],"event_name":"Transmorgrifier","player_choice":"Transformed","floor":3.0,"gold_loss":0.0,"damage_taken":0.0,"cards_obtained":["Corpse Explosion"]},{"damage_healed":0,"gold_gain":0,"player_choice":"Take Wound","damage_taken":0,"relics_obtained":["Golden Idol"],"max_hp_gain":0,"max_hp_loss":0,"event_name":"Golden Idol","floor":13,"gold_loss":0,"cards_obtained":["Injury"]},{"damage_healed":0,"gold_gain":50,"player_choice":"Gained Gold","damage_taken":0,"max_hp_gain":0,"max_hp_loss":0,"event_name":"Golden Wing","floor":14,"gold_loss":0},{"damage_healed":0,"gold_gain":0,"player_choice":"Bought 0 Potions","damage_taken":0,"max_hp_gain":0,"max_hp_loss":0,"event_name":"The Woman in Blue","floor":19,"gold_loss":0},{"damage_healed":0,"gold_gain":0,"player_choice":"Became a vampire","damage_taken":0,"max_hp_gain":0,"max_hp_loss":21,"event_name":"Vampires","floor":22,"gold_loss":0,"cards_obtained":["Bite","Bite","Bite","Bite","Bite"]}],"is_beta":false,"boss_relics":[{"not_picked":["Lizard Tail","WristBlade"],"picked":"Black Star"}],"items_purged_floors":[],"is_endless":false,"potions_floor_spawned":[1,4,5,16,18],"killed_by":"Book of Stabbing","ascension_level":12}