{"gold_per_floor":[112,130,146,48,67,67,92,107,107,107,126,126,155,170,170,247,247,259,259,259,259],"floor_reached":21,"playtime":880,"items_purged":[],"score":334,"play_id":"135a2973-3a6b-4712-a3b6-102b090fb152","local_time":"20180723164040","is_ascension_mode":true,"campfire_choices":[{"data":"Armaments","floor":6,"key":"SMITH"},{"data":"Uppercut","floor":10,"key":"SMITH"},{"data":"Body Slam","floor":12,"key":"SMITH"},{"data":"Bash","floor":15,"key":"SMITH"}],"neow_cost":"","seed_source_timestamp":1097402545132641,"circlet_count":0,"master_deck":["Strike_R","Strike_R","Strike_R","Strike_R","Strike_R","Defend_R","Defend_R","Defend_R","Defend_R","Bash+1","AscendersBane","Headbutt","Armaments+1","Shrug It Off","Carnage","Body Slam+1","Pommel Strike","Shrug It Off","Uppercut+1","Warcry","Shrug It Off","Rampage","Demon Form","Sword Boomerang+1"],"relics":["Burning Blood","Prayer Wheel","Lantern","Strawberry","Fusion Hammer"],"potions_floor_usage":[16,21],"damage_taken":[{"damage":13,"enemies":"Jaw Worm","floor":1,"turns":4},{"damage":12,"enemies":"Small Slimes","floor":2,"turns":5},{"damage":11,"enemies":"2 Louse","floor":3,"turns":3},{"damage":0,"enemies":"2 Fungi Beasts","floor":5,"turns":5},{"damage":26,"enemies":"3 Sentries","floor":7,"turns":8},{"damage":0,"enemies":"Large Slime","floor":8,"turns":5},{"damage":0,"enemies":"Blue Slaver","floor":11,"turns":2},{"damage":17,"enemies":"Gremlin Nob","floor":13,"turns":4},{"damage":6,"enemies":"2 Fungi Beasts","floor":14,"turns":3},{"damage":27,"enemies":"Hexaghost","floor":16,"turns":11},{"damage":16,"enemies":"Spheric Guardian","floor":18,"turns":4},{"damage":39,"floor":21,"turns":4}],"seed_played":"-528195072759178334","potions_obtained":[{"floor":7,"key":"Dexterity Potion"},{"floor":13,"key":"AttackPotion"},{"floor":14,"key":"Strength Potion"},{"floor":16,"key":"Strength Potion"}],"is_trial":false,"path_per_floor":["M","M","M","$","M","R","E","M","T","R","M","R","E","M","R","B",null,"M","?","?"],"character_chosen":"IRONCLAD","items_purchased":["Shrug It Off","Carnage"],"campfire_rested":0,"item_purchase_floors":[4,4],"current_hp_per_floor":[61,55,50,50,56,56,36,42,42,42,48,48,44,44,44,23,67,57,33,33,0],"gold":259,"neow_bonus":"","is_prod":false,"is_daily":false,"chose_seed":false,"campfire_upgraded":4,"win_rate":0,"timestamp":1532356840,"path_taken":["M","M","M","$","M","R","E","M","T","R","M","R","E","M","R","BOSS","M","?","?","?"],"build_version":"2018-07-19v2","purchased_purges":0,"victory":false,"max_hp_per_floor":[75,75,75,75,75,75,75,75,75,75,75,75,82,82,82,82,82,82,87,87,87],"card_choices":[{"not_picked":["Clash","Thunderclap","Burning Pact"],"picked":"SKIP","floor":1},{"not_picked":["Rage","Searing Blow"],"picked":"Headbutt","floor":2},{"not_picked":["Rampage","Body Slam"],"picked":"Armaments","floor":3},{"not_picked":["Pommel Strike","Heavy Blade"],"picked":"Body Slam","floor":5},{"not_picked":["Second Wind","Dropkick"],"picked":"Pommel Strike","floor":7},{"not_picked":["Thunderclap","Havoc"],"picked":"Shrug It Off","floor":8},{"not_picked":["Body Slam","Whirlwind"],"picked":"Uppercut","floor":8},{"not_picked":["Thunderclap","Juggernaut"],"picked":"Warcry","floor":11},{"not_picked":["Seeing Red","Flex","Armaments"],"picked":"SKIP","floor":11},{"not_picked":["Uppercut","Pummel"],"picked":"Shrug It Off","floor":13},{"not_picked":["Clash","Heavy Blade"],"picked":"Rampage","floor":14},{"not_picked":["Blood for Blood","Seeing Red","Perfected Strike"],"picked":"SKIP","floor":14},{"not_picked":["Dark Embrace","Double Tap"],"picked":"Demon Form","floor":16},{"not_picked":["Combust","Infernal Blade"],"picked":"Sword Boomerang+1","floor":18},{"not_picked":["Iron Wave","Cleave+1","Twin Strike"],"picked":"SKIP","floor":18}],"player_experience":1141517,"relics_obtained":[{"floor":7,"key":"Prayer Wheel"},{"floor":9,"key":"Lantern"},{"floor":13,"key":"Strawberry"}],"event_choices":[{"event_name":"Forgotten Altar","player_choice":"Shed Blood","floor":19,"damage_taken":0},{"event_name":"Ghosts","player_choice":"Ignored","floor":20,"damage_taken":0},{"event_name":"Masked Bandits","player_choice":"Fought over 259 gold","floor":21,"damage_taken":0}],"is_beta":false,"boss_relics":[{"not_picked":["White Beast Statue","Coffee Dripper"],"picked":"Fusion Hammer"}],"items_purged_floors":[],"is_endless":false,"potions_floor_spawned":[7,13,14,16],"ascension_level":15}