{"gold_per_floor":[144,219,236,136,156,156,176,204,204,234,249,263,263,282,282,384,384,400,418,431,445,445,478,498,511,537,548,574,574,586,586,586,688,688,698,709,709,722,733,761,519,529,529,561,572,591,604,615,615,615],"floor_reached":51,"playtime":3119,"items_purged":[],"score":1273,"play_id":"5ae09524-07a2-418d-91cc-d105fbfd9832","local_time":"20180629132638","daily_mods":["Draft","Heirloom","Cursed Run","Vintage"],"is_ascension_mode":false,"campfire_choices":[{"data":"Armaments","floor":6,"key":"SMITH"},{"data":"Whirlwind","floor":13,"key":"SMITH"},{"data":"Inflame","floor":15,"key":"SMITH"},{"floor":29,"key":"DIG"},{"floor":32,"key":"DIG"},{"floor":49,"key":"DIG"}],"neow_cost":"","seed_source_timestamp":0,"circlet_count":0,"master_deck":["Sword Boomerang+1","Whirlwind+1","Pommel Strike+1","Infernal Blade","Shockwave+1","Armaments+1","Havoc+1","Inflame+1","Pommel Strike","Shrug It Off","Iron Wave","Twin Strike","Headbutt","Disarm+1","Flex","Shrug It Off","True Grit","Iron Wave+1","Parasite","Uppercut+1","Pain","Reaper+1","Corruption+1","Disarm+1","Injury","Clumsy","Impervious","Writhe","Feed+1","Feel No Pain","Regret","Whirlwind+1","Decay"],"relics":["Cursed Key","Darkstone Periapt","Du-Vu Doll","Gambling Chip","Tiny Chest","Shuriken","Molten Egg 2","Pantograph","Kunai","Pear","Bag of Preparation","War Paint","Orichalcum","Art of War","Strawberry","Velvet Choker","Anchor","Bottled Tornado","Smiling Mask","Omamori","Potion Belt","Ginger","Blood Vial","Bronze Scales","Shovel","Pen Nib","Dead Branch","Champion Belt","Regal Pillow","Peace Pipe","Fusion Hammer","Oddly Smooth Stone","Charon\u0027s Ashes","Ancient Tea Set","Toxic Egg 2","Toolbox","Ornamental Fan","Whetstone","Frozen Egg 2","Matryoshka","Red Skull","Blue Candle","The Courier","Lantern"],"potions_floor_usage":[50,50,50,50,50],"damage_taken":[{"damage":0,"enemies":"2 Louse","floor":1,"turns":2},{"damage":1,"enemies":"Jaw Worm","floor":3,"turns":2},{"damage":0,"enemies":"Cultist","floor":5,"turns":2},{"damage":0,"enemies":"2 Fungi Beasts","floor":7,"turns":2},{"damage":1,"enemies":"Lagavulin","floor":8,"turns":5},{"damage":0,"enemies":"3 Sentries","floor":10,"turns":3},{"damage":0,"enemies":"Exordium Wildlife","floor":11,"turns":2},{"damage":0,"enemies":"3 Louse","floor":12,"turns":1},{"damage":0,"enemies":"Blue Slaver","floor":14,"turns":3},{"damage":0,"enemies":"Slime Boss","floor":16,"turns":3},{"damage":2,"enemies":"Spheric Guardian","floor":18,"turns":1},{"damage":0,"enemies":"2 Thieves","floor":19,"turns":1},{"damage":0,"enemies":"Cultist and Chosen","floor":20,"turns":3},{"damage":0,"enemies":"Centurion and Healer","floor":21,"turns":3},{"damage":5,"enemies":"Gremlin Leader","floor":23,"turns":4},{"damage":3,"enemies":"Chosen and Byrds","floor":24,"turns":2},{"damage":0,"enemies":"Cultist and Chosen","floor":25,"turns":2},{"damage":5,"enemies":"Centurion and Healer","floor":27,"turns":2},{"damage":5,"enemies":"Book of Stabbing","floor":28,"turns":3},{"damage":0,"enemies":"Chosen and Byrds","floor":30,"turns":2},{"damage":5,"enemies":"Automaton","floor":33,"turns":4},{"damage":0,"enemies":"3 Shapes","floor":35,"turns":2},{"damage":0,"enemies":"3 Darklings","floor":36,"turns":1},{"damage":2,"enemies":"Maw","floor":38,"turns":4},{"damage":13,"enemies":"4 Shapes","floor":39,"turns":3},{"damage":0,"enemies":"Nemesis","floor":40,"turns":3},{"damage":3,"enemies":"3 Darklings","floor":42,"turns":4},{"damage":2,"enemies":"Giant Head","floor":44,"turns":4},{"damage":0,"enemies":"Sphere and 2 Shapes","floor":45,"turns":1},{"damage":4,"enemies":"4 Shapes","floor":46,"turns":2},{"damage":0,"enemies":"Maw","floor":47,"turns":3},{"damage":5,"enemies":"Sphere and 2 Shapes","floor":48,"turns":2},{"damage":2,"enemies":"Time Eater","floor":50,"turns":4}],"seed_played":"5060904148073457896","potions_obtained":[{"floor":7,"key":"BloodPotion"},{"floor":10,"key":"Swift Potion"},{"floor":14,"key":"Regen Potion"},{"floor":16,"key":"Energy Potion"},{"floor":24,"key":"Ancient Potion"},{"floor":25,"key":"Dexterity Potion"},{"floor":35,"key":"EntropicBrew"}],"is_trial":true,"path_per_floor":["M","?","M","$","M","R","M","E","T","E","M","M","R","M","R","B",null,"M","M","M","M","?","E","M","M","T","M","E","R","M","?","R","B",null,"M","M","?","M","M","E","$","M","T","E","M","M","M","M","R","B"],"character_chosen":"IRONCLAD","items_purchased":["Shrug It Off","True Grit","Feed+1","Feel No Pain"],"campfire_rested":0,"item_purchase_floors":[4,4,41,41],"current_hp_per_floor":[80,69,68,68,68,68,68,67,83,83,83,83,83,83,83,109,109,107,107,107,107,107,102,106,106,106,109,104,104,106,112,112,116,121,121,121,127,125,114,116,116,115,121,131,133,133,133,132,132,141],"gold":615,"neow_bonus":"","is_prod":false,"is_daily":false,"chose_seed":false,"campfire_upgraded":3,"win_rate":0,"timestamp":1530271598,"path_taken":["M","?","M","$","M","R","M","E","T","E","M","M","R","M","R","BOSS","M","M","M","M","?","E","M","M","T","M","E","R","M","?","R","BOSS","M","M","?","M","M","E","$","M","T","E","M","M","M","M","R","BOSS"],"build_version":"2018-06-28","purchased_purges":0,"victory":true,"max_hp_per_floor":[80,80,80,80,80,80,80,80,96,96,96,96,96,96,96,109,109,109,109,109,109,109,109,109,109,109,109,109,109,109,115,115,121,121,121,121,127,127,127,127,127,127,133,133,133,133,133,137,137,143],"card_choices":[{"not_picked":["Clothesline","Cleave"],"picked":"Sword Boomerang","floor":0},{"not_picked":["Iron Wave","Carnage"],"picked":"Whirlwind","floor":0},{"not_picked":["Wild Strike","Clash"],"picked":"Pommel Strike","floor":0},{"not_picked":["Body Slam","Perfected Strike"],"picked":"Infernal Blade","floor":0},{"not_picked":["Warcry","Rampage"],"picked":"Shockwave","floor":0},{"not_picked":["Twin Strike","Heavy Blade"],"picked":"Armaments","floor":0},{"not_picked":["Carnage","Armaments"],"picked":"Havoc","floor":0},{"not_picked":["Fire Breathing","Armaments"],"picked":"Inflame","floor":0},{"not_picked":["Thunderclap","Clothesline"],"picked":"Pommel Strike","floor":0},{"not_picked":["Reckless Charge","Hemokinesis"],"picked":"Shrug It Off","floor":0},{"not_picked":["Flex","Anger"],"picked":"Iron Wave","floor":0},{"not_picked":["Perfected Strike","Cleave"],"picked":"Twin Strike","floor":0},{"not_picked":["Clash","Dual Wield"],"picked":"Headbutt","floor":0},{"not_picked":["Clothesline","Hemokinesis"],"picked":"Disarm","floor":0},{"not_picked":["Entrench","Dropkick"],"picked":"Flex","floor":0},{"not_picked":["Rupture","Intimidate"],"picked":"Iron Wave+1","floor":8},{"not_picked":["Shrug It Off","Pommel Strike+1"],"picked":"Uppercut+1","floor":10},{"not_picked":["Dark Embrace","Bludgeon+1"],"picked":"Reaper+1","floor":16},{"not_picked":["Clothesline+1","Thunderclap+1"],"picked":"Corruption+1","floor":23},{"not_picked":["Body Slam+1","Dropkick+1"],"picked":"Disarm+1","floor":28},{"not_picked":["Demon Form","Berserk"],"picked":"Impervious","floor":33},{"not_picked":["Clothesline+1","Burning Pact+1","Flex+1"],"picked":"SKIP","floor":40},{"not_picked":["Body Slam+1","Entrench+1"],"picked":"Whirlwind+1","floor":44}],"player_experience":946199,"relics_obtained":[{"floor":1,"key":"Tiny Chest"},{"floor":3,"key":"Shuriken"},{"floor":5,"key":"Molten Egg 2"},{"floor":7,"key":"Pantograph"},{"floor":8,"key":"Kunai"},{"floor":9,"key":"Pear"},{"floor":10,"key":"Bag of Preparation"},{"floor":11,"key":"War Paint"},{"floor":12,"key":"Orichalcum"},{"floor":14,"key":"Art of War"},{"floor":16,"key":"Strawberry"},{"floor":18,"key":"Anchor"},{"floor":19,"key":"Bottled Tornado"},{"floor":20,"key":"Smiling Mask"},{"floor":21,"key":"Omamori"},{"floor":23,"key":"Potion Belt"},{"floor":24,"key":"Ginger"},{"floor":25,"key":"Blood Vial"},{"floor":26,"key":"Bronze Scales"},{"floor":27,"key":"Shovel"},{"floor":28,"key":"Pen Nib"},{"floor":29,"key":"Dead Branch"},{"floor":30,"key":"Champion Belt"},{"floor":32,"key":"Regal Pillow"},{"floor":33,"key":"Peace Pipe"},{"floor":35,"key":"Oddly Smooth Stone"},{"floor":36,"key":"Charon\u0027s Ashes"},{"floor":38,"key":"Ancient Tea Set"},{"floor":39,"key":"Toxic Egg 2"},{"floor":40,"key":"Toolbox"},{"floor":42,"key":"Ornamental Fan"},{"floor":43,"key":"Whetstone"},{"floor":44,"key":"Frozen Egg 2"},{"floor":45,"key":"Matryoshka"},{"floor":46,"key":"Red Skull"},{"floor":47,"key":"Blue Candle"},{"floor":48,"key":"The Courier"},{"floor":49,"key":"Lantern"}],"event_choices":[{"event_name":"World of Goop","player_choice":"Gather Gold","floor":2,"damage_taken":0},{"event_name":"Forgotten Altar","player_choice":"Smashed Altar","floor":22,"damage_taken":0},{"event_name":"Accursed Blacksmith","player_choice":"Forge","floor":31,"damage_taken":0},{"event_name":"Winding Halls","player_choice":"Writhe","floor":37,"damage_taken":0}],"boss_relics":[{"not_picked":["Pandora\u0027s Box","Snecko Eye"],"picked":"Velvet Choker"},{"not_picked":["Calling Bell","Lizard Tail"],"picked":"Fusion Hammer"}],"items_purged_floors":[],"is_endless":false,"potions_floor_spawned":[7,10,14,16,18,24,25,30,33,35,36,42,46],"ascension_level":0}