{"gold_per_floor":[109,109,59,79,79,79,91,155,232,249,284,296,308,326,326,421,421,436,279,291,291,291,291,310,337,384,384,417,436,452,467,467,562,562,575,575,400,416,416,416,446,464,511,123,123,141,173,173,173,173],"floor_reached":51,"playtime":3089,"items_purged":["Die Die Die","Predator","Survivor"],"score":1426,"play_id":"63a2f12e-5b51-4080-9713-5a5b5bf7b9e3","local_time":"20190214163743","is_ascension_mode":true,"campfire_choices":[{"data":"Calculated Gamble","floor":6.0,"key":"SMITH"},{"data":"Leg Sweep","floor":15.0,"key":"SMITH"},{"floor":23.0,"key":"REST"},{"floor":32,"key":"REST"},{"floor":40,"key":"RECALL"},{"floor":49,"key":"REST"}],"neow_cost":"NONE","seed_source_timestamp":0,"circlet_count":0,"master_deck":["AscendersBane","Neutralize+1","Leg Sweep+1","Grand Finale","Calculated Gamble+1","Grand Finale","Grand Finale+1","Escape Plan","Acrobatics","Backflip","Flash of Steel+1","Expertise","Escape Plan","Well Laid Plans+1"],"special_seed":0,"relics":["Pandora\u0027s Box","Kunai","Tiny Chest","Paper Crane","The Specimen","Fusion Hammer","Whetstone","Anchor","Shuriken","Bag of Marbles","Busted Crown","Ice Cream","Centennial Puzzle","Membership Card","Bottled Lightning","Oddly Smooth Stone","Juzu Bracelet"],"potions_floor_usage":[],"damage_taken":[{"damage":0.0,"enemies":"Cultist","floor":1.0,"turns":2.0},{"damage":4.0,"enemies":"Small Slimes","floor":4.0,"turns":3.0},{"damage":0.0,"enemies":"Jaw Worm","floor":7.0,"turns":2.0},{"damage":4.0,"enemies":"Lagavulin","floor":8.0,"turns":6.0},{"damage":1.0,"enemies":"2 Fungi Beasts","floor":10.0,"turns":4.0},{"damage":0.0,"enemies":"Gremlin Nob","floor":11.0,"turns":2.0},{"damage":0.0,"enemies":"3 Louse","floor":12.0,"turns":2.0},{"damage":0.0,"enemies":"Lots of Slimes","floor":13.0,"turns":2.0},{"damage":1.0,"enemies":"Exordium Thugs","floor":14.0,"turns":2.0},{"damage":27.0,"enemies":"The Guardian","floor":16.0,"turns":5.0},{"damage":5.0,"enemies":"Chosen","floor":18.0,"turns":6.0},{"damage":0.0,"enemies":"2 Thieves","floor":20.0,"turns":1.0},{"damage":0.0,"enemies":"Snecko","floor":24.0,"turns":4.0},{"damage":9.0,"enemies":"Book of Stabbing","floor":25.0,"turns":4.0},{"damage":0.0,"enemies":"Slavers","floor":28.0,"turns":2.0},{"damage":0.0,"enemies":"Centurion and Healer","floor":29.0,"turns":2.0},{"damage":0.0,"enemies":"Snake Plant","floor":30.0,"turns":1.0},{"damage":0,"enemies":"Sentry and Sphere","floor":31,"turns":2},{"damage":0,"enemies":"Automaton","floor":33,"turns":4},{"damage":0,"enemies":"3 Darklings","floor":35,"turns":1},{"damage":0,"enemies":"3 Shapes","floor":38,"turns":1},{"damage":0,"enemies":"Reptomancer","floor":41,"turns":2},{"damage":0,"enemies":"Jaw Worm Horde","floor":42,"turns":1},{"damage":0,"enemies":"Sphere and 2 Shapes","floor":46,"turns":1},{"damage":0,"enemies":"Giant Head","floor":47,"turns":2},{"damage":0,"enemies":"Donu and Deca","floor":50,"turns":1}],"seed_played":"-6192035210033751103","potions_obtained":[{"floor":1.0,"key":"SteroidPotion"},{"floor":8.0,"key":"Regen Potion"},{"floor":11.0,"key":"PowerPotion"},{"floor":12.0,"key":"Ancient Potion"},{"floor":16.0,"key":"GamblersBrew"},{"floor":25.0,"key":"Explosive Potion"},{"floor":38,"key":"Swift Potion"}],"is_trial":false,"path_per_floor":["?","?","T","?","?","M","T","M","?","?","M","?","M","T"],"character_chosen":"THE_SILENT","items_purchased":["Flash of Steel","Well Laid Plans","Membership Card","Bottled Lightning"],"campfire_rested":3,"item_purchase_floors":[19,37,44,44],"current_hp_per_floor":[63,56,56,52,52,52,52,48,48,47,52,52,52,51,51,24,59,54,54,54,54,54,70,70,61,61,61,61,61,61,61,70,70,70,70,70,70,70,70,70,70,70,70,70,70,70,70,70,70,70],"gold":173,"neow_bonus":"BOSS_RELIC","is_prod":false,"is_daily":false,"chose_seed":false,"campfire_upgraded":2,"win_rate":0,"timestamp":1550129863,"path_taken":["M","?","?","M","?","R","M","E","T","M","E","M","M","M","R","BOSS","M","$","M","?","?","R","?","E","T","?","E","M","?","M","R","BOSS","M","?","$","M","?","R","E","?","T","$","?","?","E","?","R","BOSS"],"build_version":"2019-01-23","purchased_purges":3,"victory":true,"max_hp_per_floor":[70,70,70,70,70,70,70,70,70,70,70,70,70,70,70,70,70,70,70,70,70,70,70,70,70,70,70,70,70,70,70,70,70,70,70,70,70,70,70,70,70,70,70,70,70,70,70,70,70,70],"card_choices":[{"not_picked":["Predator","All Out Attack","Poisoned Stab"],"picked":"SKIP","floor":1.0},{"not_picked":["Blade Dance","Choke"],"picked":"Escape Plan","floor":4.0},{"not_picked":["Sucker Punch","Poisoned Stab","Setup"],"picked":"SKIP","floor":7.0},{"not_picked":["Sucker Punch","Poisoned Stab","Setup"],"picked":"SKIP","floor":7.0},{"not_picked":["Heel Hook","Quick Slash"],"picked":"Acrobatics","floor":8.0},{"not_picked":["Bane","All Out Attack"],"picked":"Backflip","floor":10.0},{"not_picked":["Poisoned Stab","PiercingWail","Storm of Steel"],"picked":"SKIP","floor":11.0},{"not_picked":["PiercingWail","Underhanded Strike","Blade Dance"],"picked":"SKIP","floor":12.0},{"not_picked":["Endless Agony","Finisher","Bouncing Flask"],"picked":"SKIP","floor":13.0},{"not_picked":["Heel Hook","Finisher","Quick Slash"],"picked":"SKIP","floor":14.0},{"not_picked":["Bane","Footwork","Caltrops+1"],"picked":"SKIP","floor":18.0},{"not_picked":["Dagger Throw","Bane+1","Blade Dance+1"],"picked":"SKIP","floor":20.0},{"not_picked":["Quick Slash","Acrobatics","Deadly Poison"],"picked":"SKIP","floor":24.0},{"not_picked":["Sucker Punch","Backstab"],"picked":"Expertise","floor":25.0},{"not_picked":["Flying Knee","Night Terror","Underhanded Strike"],"picked":"SKIP","floor":28.0},{"not_picked":["Blur+1","Blade Dance","Dagger Throw"],"picked":"SKIP","floor":29.0},{"not_picked":["Cloak And Dagger","Deadly Poison","Underhanded Strike"],"picked":"SKIP","floor":30.0},{"not_picked":["Acrobatics","Predator","Slice"],"picked":"SKIP","floor":31},{"not_picked":[],"picked":"Escape Plan","floor":35},{"not_picked":["Infinite Blades+1"],"picked":"SKIP","floor":38},{"not_picked":["Deadly Poison+1"],"picked":"SKIP","floor":41},{"not_picked":["Dagger Spray+1"],"picked":"SKIP","floor":42},{"not_picked":["Deadly Poison+1"],"picked":"SKIP","floor":46},{"not_picked":["Underhanded Strike+1"],"picked":"SKIP","floor":47}],"player_experience":400847,"relics_obtained":[{"floor":5.0,"key":"Kunai"},{"floor":8.0,"key":"Tiny Chest"},{"floor":9.0,"key":"Paper Crane"},{"floor":11.0,"key":"The Specimen"},{"floor":25.0,"key":"Whetstone"},{"floor":26.0,"key":"Anchor"},{"floor":27.0,"key":"Shuriken"},{"floor":28.0,"key":"Bag of Marbles"},{"floor":41,"key":"Ice Cream"},{"floor":43,"key":"Centennial Puzzle"},{"floor":47,"key":"Oddly Smooth Stone"},{"floor":48,"key":"Juzu Bracelet"}],"event_choices":[{"cards_removed":["Envenom"],"damage_healed":0.0,"max_hp_gain":0.0,"max_hp_loss":0.0,"gold_gain":0.0,"event_name":"Golden Wing","player_choice":"Card Removal","floor":2.0,"gold_loss":0.0,"damage_taken":7.0},{"cards_removed":["Poisoned Stab"],"damage_healed":0.0,"max_hp_gain":0.0,"max_hp_loss":0.0,"gold_gain":0.0,"event_name":"The Cleric","player_choice":"Card Removal","floor":3.0,"gold_loss":50.0,"damage_taken":0.0},{"cards_removed":["Night Terror"],"damage_healed":0.0,"max_hp_gain":0.0,"max_hp_loss":0.0,"gold_gain":0.0,"event_name":"Back to Basics","player_choice":"Elegance","floor":21.0,"gold_loss":0.0,"damage_taken":0.0},{"damage_healed":0.0,"max_hp_gain":0.0,"max_hp_loss":0.0,"gold_gain":0.0,"event_name":"Upgrade Shrine","player_choice":"Upgraded","floor":22.0,"gold_loss":0.0,"damage_taken":0.0,"cards_upgraded":["Neutralize"]},{"damage_healed":0,"gold_gain":0,"player_choice":"Ignored","damage_taken":0,"max_hp_gain":0,"max_hp_loss":0,"event_name":"Tomb of Lord Red Mask","floor":36,"gold_loss":0},{"damage_healed":0,"gold_gain":0,"player_choice":"Ignored","damage_taken":0,"max_hp_gain":0,"max_hp_loss":0,"event_name":"Duplicator","floor":39,"gold_loss":0},{"damage_healed":0,"gold_gain":0,"player_choice":"Forge","damage_taken":0,"max_hp_gain":0,"max_hp_loss":0,"event_name":"Accursed Blacksmith","floor":45,"gold_loss":0,"cards_upgraded":["Well Laid Plans"]}],"is_beta":false,"boss_relics":[{"not_picked":["HoveringKite","Velvet Choker"],"picked":"Fusion Hammer"},{"not_picked":["Lizard Tail","Orrery"],"picked":"Busted Crown"}],"items_purged_floors":[19,37,44],"is_endless":false,"potions_floor_spawned":[1,8,11,12,16,25,29,33,38,47],"ascension_level":10}