{"gold_per_floor":[112,123,123,142,158,158,186,197,224,235,255,255,255,269,269,369,369,382,1,1,17,36,71,71,102,102,102,102,122,133,65,65,161,161,180,180,191,44,63,94,111,111,134,167,267,39,53,72,72,72],"floor_reached":51,"playtime":5212,"items_purged":[],"score":1019,"play_id":"2e53fca3-3205-4888-af4d-700b1eb6f27a","local_time":"20190214212220","is_ascension_mode":true,"campfire_choices":[{"data":"Headbutt","floor":6.0,"key":"SMITH"},{"data":"Reaper","floor":13.0,"key":"SMITH"},{"data":"Whirlwind","floor":15.0,"key":"SMITH"},{"data":"Apotheosis","floor":24.0,"key":"SMITH"},{"floor":27.0,"key":"REST"},{"data":"Offering","floor":28.0,"key":"SMITH"},{"floor":32.0,"key":"REST"},{"floor":42,"key":"REST"},{"floor":49,"key":"REST"}],"neow_cost":"NONE","seed_source_timestamp":183636068123411,"circlet_count":0,"master_deck":["Strike_R","Strike_R","Strike_R","Strike_R","Strike_R","Defend_R","Defend_R","Defend_R","Bash","Reaper+1","Shrug It Off+1","Offering+1","Headbutt+1","Metallicize","Metallicize","Dual Wield","Shrug It Off","Whirlwind+1","Impervious","Apotheosis+1","Sword Boomerang+1","Seeing Red","Double Tap","Disarm+1","Corruption","Exhume+1","True Grit+1","Spot Weakness+1","Feed","Flex+1","Exhume+1","Feel No Pain","Dual Wield+1"],"special_seed":0,"relics":["Burning Blood","Omamori","Bronze Scales","Busted Crown","Chemical X","WingedGreaves","Lantern","Vajra","Toxic Egg 2","Fusion Hammer","Anchor","Pantograph","Oddly Smooth Stone","Meat on the Bone","Charon\u0027s Ashes"],"potions_floor_usage":[40,44,44,50,50],"damage_taken":[{"damage":0.0,"enemies":"Small Slimes","floor":1.0,"turns":3.0},{"damage":32.0,"enemies":"Cultist","floor":2.0,"turns":7.0},{"damage":11.0,"enemies":"2 Louse","floor":4.0,"turns":3.0},{"damage":23.0,"enemies":"Lots of Slimes","floor":5.0,"turns":7.0},{"damage":42.0,"enemies":"Lagavulin","floor":7.0,"turns":9.0},{"damage":6.0,"enemies":"Red Slaver","floor":8.0,"turns":6.0},{"damage":11.0,"enemies":"Exordium Wildlife","floor":10.0,"turns":5.0},{"damage":3.0,"enemies":"Blue Slaver","floor":11.0,"turns":4.0},{"damage":15.0,"enemies":"Large Slime","floor":14.0,"turns":8.0},{"damage":51.0,"enemies":"The Guardian","floor":16.0,"turns":18.0},{"damage":20.0,"enemies":"Spheric Guardian","floor":18.0,"turns":6.0},{"damage":0.0,"enemies":"3 Byrds","floor":21.0,"turns":2.0},{"damage":8.0,"enemies":"Snake Plant","floor":22.0,"turns":3.0},{"damage":18.0,"enemies":"Gremlin Leader","floor":23.0,"turns":6.0},{"damage":34.0,"enemies":"Book of Stabbing","floor":25.0,"turns":5.0},{"damage":17.0,"enemies":"Snecko","floor":29.0,"turns":5.0},{"damage":6.0,"enemies":"Centurion and Healer","floor":30.0,"turns":1.0},{"damage":43.0,"enemies":"Automaton","floor":33.0,"turns":9.0},{"damage":19.0,"enemies":"3 Darklings","floor":35.0,"turns":3.0},{"damage":6,"enemies":"Orb Walker","floor":37,"turns":1},{"damage":27,"enemies":"Maw","floor":39,"turns":7},{"damage":51,"enemies":"Nemesis","floor":40,"turns":5},{"damage":0,"enemies":"Jaw Worm Horde","floor":41,"turns":2},{"damage":19,"enemies":"Giant Head","floor":44,"turns":5},{"damage":7,"enemies":"Mind Bloom Boss Battle","floor":45,"turns":8},{"damage":25,"enemies":"Spire Growth","floor":47,"turns":5},{"damage":18,"enemies":"3 Darklings","floor":48,"turns":4},{"damage":62,"enemies":"Donu and Deca","floor":50,"turns":5}],"seed_played":"4800574776529251490","potions_obtained":[{"floor":1.0,"key":"FearPotion"},{"floor":2.0,"key":"SteroidPotion"},{"floor":7.0,"key":"Weak Potion"},{"floor":16.0,"key":"Ancient Potion"},{"floor":25.0,"key":"Explosive Potion"},{"floor":33.0,"key":"Block Potion"},{"floor":39,"key":"Block Potion"},{"floor":40,"key":"Poison Potion"},{"floor":41,"key":"Swift Potion"},{"floor":47,"key":"Poison Potion"}],"is_trial":false,"path_per_floor":["M","M","?","M","M","R","E","M","T","M","M","?","R","M","R","B",null,"M","$","T","M","M","E","R","E","T","R","R","M","M","$","R","B",null,"M","?","M","$","M","E","M","R","T","E","?","$","M","M","R","B",null],"character_chosen":"IRONCLAD","items_purchased":["Apotheosis","Chemical X","Corruption","Anchor","Exhume+1","Feel No Pain"],"campfire_rested":4,"item_purchase_floors":[19,19,31,38,46,46],"current_hp_per_floor":[80,54,54,53,56,56,20,20,20,15,21,80,80,77,77,37,69,55,55,55,61,59,47,47,19,19,43,43,32,32,32,56,28,67,67,67,67,67,46,13,19,43,43,49,79,79,80,68,80,36],"gold":72,"neow_bonus":"ONE_RANDOM_RARE_CARD","is_prod":false,"is_daily":false,"chose_seed":false,"campfire_upgraded":5,"win_rate":0,"timestamp":1550197340,"path_taken":["M","M","?","?","M","R","E","M","T","M","M","?","R","M","R","BOSS","M","$","?","M","M","E","R","E","T","R","R","M","?","$","R","BOSS","M","?","M","$","M","E","M","R","T","E","?","$","M","M","R","BOSS"],"build_version":"2019-01-23","purchased_purges":0,"victory":true,"max_hp_per_floor":[80,80,80,80,80,80,80,80,80,80,80,80,80,80,80,80,80,80,80,80,80,80,80,80,80,80,80,80,80,80,80,80,80,80,80,80,80,80,80,80,80,80,80,80,80,80,80,80,80,80],"card_choices":[{"not_picked":["Intimidate","Thunderclap"],"picked":"Shrug It Off","floor":1.0},{"not_picked":["Wild Strike","Twin Strike"],"picked":"Offering","floor":2.0},{"not_picked":["Corruption","Warcry"],"picked":"Headbutt","floor":4.0},{"not_picked":["Corruption","Rupture"],"picked":"Intimidate","floor":5.0},{"not_picked":["Sword Boomerang","Warcry"],"picked":"Metallicize","floor":7.0},{"not_picked":["Iron Wave","Flex"],"picked":"Metallicize","floor":8.0},{"not_picked":["Inflame","Body Slam"],"picked":"Dual Wield","floor":10.0},{"not_picked":["Twin Strike","Burning Pact"],"picked":"Shrug It Off","floor":11.0},{"not_picked":["Fiend Fire","Clash"],"picked":"Whirlwind","floor":14.0},{"not_picked":["Fiend Fire","Offering"],"picked":"Impervious","floor":16.0},{"not_picked":["Cleave+1"],"picked":"SKIP","floor":18.0},{"not_picked":[],"picked":"Sword Boomerang+1","floor":21.0},{"not_picked":["Headbutt"],"picked":"SKIP","floor":22.0},{"not_picked":[],"picked":"Seeing Red","floor":23.0},{"not_picked":[],"picked":"Double Tap","floor":25.0},{"not_picked":[],"picked":"Disarm+1","floor":29.0},{"not_picked":["Heavy Blade"],"picked":"SKIP","floor":30.0},{"not_picked":[],"picked":"Exhume+1","floor":33.0},{"not_picked":["Body Slam+1"],"picked":"SKIP","floor":35.0},{"not_picked":[],"picked":"True Grit+1","floor":37},{"not_picked":[],"picked":"Spot Weakness+1","floor":39},{"not_picked":[],"picked":"Feed","floor":40},{"not_picked":["Body Slam"],"picked":"SKIP","floor":41},{"not_picked":[],"picked":"Flex+1","floor":44},{"not_picked":[],"picked":"Dual Wield+1","floor":47},{"not_picked":["Rampage+1"],"picked":"SKIP","floor":48}],"player_experience":431875,"relics_obtained":[{"floor":7.0,"key":"Omamori"},{"floor":9.0,"key":"Bronze Scales"},{"floor":20.0,"key":"WingedGreaves"},{"floor":23.0,"key":"Lantern"},{"floor":25.0,"key":"Vajra"},{"floor":26.0,"key":"Toxic Egg 2"},{"floor":40,"key":"Pantograph"},{"floor":43,"key":"Oddly Smooth Stone"},{"floor":44,"key":"Meat on the Bone"},{"floor":45,"key":"Charon\u0027s Ashes"}],"event_choices":[{"damage_healed":0.0,"max_hp_gain":0.0,"max_hp_loss":0.0,"gold_gain":0.0,"event_name":"Upgrade Shrine","player_choice":"Upgraded","floor":3.0,"gold_loss":0.0,"damage_taken":0.0,"cards_upgraded":["Shrug It Off"]},{"cards_removed":["Intimidate"],"damage_healed":59.0,"max_hp_gain":0.0,"max_hp_loss":0.0,"gold_gain":0.0,"event_name":"Bonfire Elementals","player_choice":"Offered Uncommon","floor":12.0,"gold_loss":0.0,"damage_taken":0.0},{"cards_removed":["Defend_R"],"damage_healed":0.0,"max_hp_gain":0.0,"max_hp_loss":0.0,"gold_gain":0.0,"event_name":"Falling","player_choice":"Removed Skill","floor":36.0,"gold_loss":0.0,"damage_taken":0.0},{"damage_healed":0,"gold_gain":0,"player_choice":"Fight","damage_taken":0,"max_hp_gain":0,"max_hp_loss":0,"event_name":"MindBloom","floor":45,"gold_loss":0}],"is_beta":false,"boss_relics":[{"not_picked":["Tiny House","Astrolabe"],"picked":"Busted Crown"},{"not_picked":["Lizard Tail","Sozu"],"picked":"Fusion Hammer"}],"items_purged_floors":[],"is_endless":false,"potions_floor_spawned":[1,2,7,10,16,18,25,33,39,40,41,47],"ascension_level":9}