{"gold_per_floor":[118,136,86,186,152,152,152,170,170,184,184,209,264,279,279,383,383,354,714,47,47],"floor_reached":21,"playtime":774,"items_purged":[],"score":177,"play_id":"5453b1a7-cbbb-448b-b26d-086cda154165","local_time":"20180918225724","is_ascension_mode":false,"campfire_choices":[{"data":"Bash","floor":6,"key":"SMITH"},{"data":"Twin Strike","floor":11,"key":"SMITH"},{"floor":15,"key":"REST"}],"neow_cost":"NONE","seed_source_timestamp":416832532463222,"circlet_count":0,"master_deck":["Strike_R","Strike_R","Strike_R","Strike_R","Defend_R","Defend_R","Defend_R","Defend_R","Bash+1","Twin Strike+1","Pommel Strike","Dropkick","Feel No Pain","Clothesline","Havoc","Warcry","True Grit","Feed","Sword Boomerang+1"],"relics":["Burning Blood","Juzu Bracelet","Bottled Flame","Ginger","Mark of Pain","Strawberry","Gambling Chip","Frozen Eye"],"potions_floor_usage":[13,16,16,16,16,16],"damage_taken":[{"damage":5,"enemies":"Small Slimes","floor":1,"turns":3},{"damage":6,"enemies":"Jaw Worm","floor":2,"turns":3},{"damage":1,"enemies":"Cultist","floor":8,"turns":3},{"damage":15,"enemies":"Looter","floor":10,"turns":3},{"damage":21,"enemies":"Lagavulin","floor":12,"turns":7},{"damage":31,"enemies":"Lagavulin Event","floor":13,"turns":4},{"damage":13,"enemies":"Lots of Slimes","floor":14,"turns":4},{"damage":47,"enemies":"Slime Boss","floor":16,"turns":17},{"damage":31,"enemies":"2 Thieves","floor":18,"turns":5},{"damage":0,"enemies":"3 Byrds","floor":21,"turns":2}],"seed_played":"3764247522613721781","potions_obtained":[{"floor":8,"key":"PowerPotion"},{"floor":10,"key":"Poison Potion"},{"floor":12,"key":"SpeedPotion"},{"floor":13,"key":"EntropicBrew"}],"is_trial":false,"path_per_floor":["M","M","?","?","$","R","$","M","T","M","R","E","?","M","R","B",null,"M","?","$"],"character_chosen":"IRONCLAD","items_purchased":["Feel No Pain","Strawberry","Gambling Chip","Frozen Eye"],"campfire_rested":1,"item_purchase_floors":[5,20,20,20],"current_hp_per_floor":[80,80,80,80,80,80,80,80,80,71,71,56,31,24,48,7,80,55,15,22,22],"gold":47,"neow_bonus":"THREE_CARDS","is_prod":false,"is_daily":false,"chose_seed":false,"campfire_upgraded":2,"win_rate":0,"timestamp":1537304244,"path_taken":["M","M","?","?","$","R","$","M","T","M","R","E","?","M","R","BOSS","M","?","$","M"],"build_version":"2018-09-06","purchased_purges":0,"victory":false,"max_hp_per_floor":[80,80,80,80,80,80,80,80,80,80,80,80,80,80,80,80,80,80,80,87,87],"card_choices":[{"not_picked":["Bloodletting","Flex"],"picked":"Twin Strike","floor":0},{"not_picked":["Flex","Cleave"],"picked":"Pommel Strike","floor":1},{"not_picked":["Flex","Blood for Blood"],"picked":"Dropkick","floor":2},{"not_picked":["Hemokinesis","Twin Strike"],"picked":"Clothesline","floor":8},{"not_picked":["Armaments","Dark Embrace"],"picked":"Havoc","floor":10},{"not_picked":["Bloodletting","Pommel Strike"],"picked":"Warcry","floor":12},{"not_picked":["Armaments","Battle Trance"],"picked":"True Grit","floor":13},{"not_picked":["Wild Strike","Havoc","Pommel Strike"],"picked":"SKIP","floor":14},{"not_picked":["Exhume","Impervious"],"picked":"Feed","floor":16},{"not_picked":["Perfected Strike","Shockwave+1"],"picked":"Sword Boomerang+1","floor":18}],"player_experience":1450768,"relics_obtained":[{"floor":9,"key":"Juzu Bracelet"},{"floor":12,"key":"Bottled Flame"}],"event_choices":[{"event_name":"The Cleric","player_choice":"Card Removal","floor":3,"damage_taken":0},{"event_name":"Golden Shrine","player_choice":"Pray","floor":4,"damage_taken":0},{"event_name":"Dead Adventurer","player_choice":"Searched \u00272\u0027 times","floor":13,"damage_taken":0},{"event_name":"Knowing Skull","player_choice":"GOLD GOLD GOLD GOLD ","floor":19,"damage_taken":0}],"is_beta":false,"boss_relics":[{"not_picked":["Black Star","Orrery"],"picked":"Mark of Pain"}],"items_purged_floors":[],"is_endless":false,"potions_floor_spawned":[8,10,12,13],"killed_by":"3 Byrds","ascension_level":0}