{"path_per_floor":["M","M","?","M","M","R","E","R","T","E","?","E","R","?","R","B",null,"M","?","$","M","T","R","E","R","T","E","M"],"character_chosen":"IRONCLAD","items_purchased":["Feel No Pain+1","Sentinel","Pen Nib"],"gold_per_floor":[109,120,120,132,144,144,170,170,197,222,222,248,248,213,213,290,290,300,350,61,72,72,72,97,97,97,122,141,141],"floor_reached":29,"campfire_rested":0,"playtime":1070,"item_purchase_floors":[20,20,20],"current_hp_per_floor":[65,65,65,71,64,64,42,42,42,18,75,58,58,75,75,23,62,38,38,38,46,46,46,40,40,40,18,15,0],"items_purged":[],"gold":141,"score":488,"play_id":"2023c87d-a82c-453d-bf1b-aed4195bd23a","local_time":"20180530132321","is_prod":false,"is_daily":false,"chose_seed":false,"is_ascension_mode":true,"campfire_upgraded":6,"win_rate":0,"timestamp":1527679401,"campfire_choices":[{"data":"Uppercut","floor":6,"key":"SMITH"},{"data":"Inflame","floor":8,"key":"SMITH"},{"data":"Feed","floor":13,"key":"SMITH"},{"data":"Disarm","floor":15,"key":"SMITH"},{"data":"Bash","floor":23,"key":"SMITH"},{"data":"Shrug It Off","floor":25,"key":"SMITH"}],"path_taken":["M","M","?","M","?","R","E","R","T","E","?","E","R","?","R","BOSS","M","?","$","M","?","R","E","R","T","E","M","M"],"build_version":"2018-05-29","seed_source_timestamp":1859473558603759,"purchased_purges":0,"victory":false,"master_deck":["Strike_R","Strike_R","Strike_R","Strike_R","Strike_R","Defend_R","Defend_R","Defend_R","Defend_R","Bash+1","AscendersBane","Inflame+1","Uppercut+1","Cleave","Disarm+1","Shrug It Off+1","Feed+1","Exhume","Corruption+1","Feel No Pain+1","Sentinel","Spot Weakness+1","Shrug It Off","Berserk+1","Shrug It Off+1"],"max_hp_per_floor":[75,75,75,75,75,75,75,75,75,75,75,75,75,75,75,75,75,79,79,79,83,83,83,83,83,83,83,83,83],"relics":["Burning Blood","Boot","Dream Catcher","Potion Belt","Frozen Egg 2","Sozu","Pen Nib","Smiling Mask","Juzu Bracelet","Ornamental Fan","Bird Faced Urn"],"card_choices":[{"not_picked":["Pommel Strike","Body Slam"],"picked":"Inflame","floor":1},{"not_picked":["Sword Boomerang","Body Slam"],"picked":"Uppercut","floor":2},{"not_picked":["Pommel Strike","Anger"],"picked":"Disarm","floor":4},{"not_picked":["Iron Wave","Perfected Strike"],"picked":"Shrug It Off","floor":5},{"not_picked":["Ghostly Armor","Rupture"],"picked":"Reckless Charge","floor":7},{"not_picked":["Sword Boomerang","Perfected Strike","Clash"],"picked":"SKIP","floor":10},{"not_picked":["Perfected Strike","Disarm"],"picked":"Feed","floor":12},{"not_picked":["Impervious","Dark Embrace+1"],"picked":"Exhume","floor":16},{"not_picked":["Whirlwind","Dual Wield"],"picked":"Corruption+1","floor":18},{"not_picked":["Sever Soul","Clothesline"],"picked":"Spot Weakness+1","floor":21},{"not_picked":["Entrench","Sword Boomerang"],"picked":"Shrug It Off","floor":24},{"not_picked":["Twin Strike","Anger"],"picked":"Berserk+1","floor":27},{"not_picked":["Twin Strike","Armaments"],"picked":"Shrug It Off+1","floor":28}],"player_experience":803366,"potions_floor_usage":[12,27,27,27],"damage_taken":[{"damage":9,"enemies":"Jaw Worm","floor":1,"turns":3},{"damage":6,"enemies":"Cultist","floor":2,"turns":3},{"damage":0,"enemies":"Small Slimes","floor":4,"turns":3},{"damage":13,"enemies":"Blue Slaver","floor":5,"turns":6},{"damage":28,"enemies":"Gremlin Nob","floor":7,"turns":5},{"damage":30,"enemies":"Lagavulin","floor":10,"turns":8},{"damage":23,"enemies":"3 Sentries","floor":12,"turns":5},{"damage":58,"enemies":"Hexaghost","floor":16,"turns":12},{"damage":34,"enemies":"3 Byrds","floor":18,"turns":6},{"damage":2,"enemies":"Chosen","floor":21,"turns":7},{"damage":12,"enemies":"Gremlin Leader","floor":24,"turns":7},{"damage":38,"enemies":"Slavers","floor":27,"turns":6},{"damage":13,"enemies":"Snecko","floor":28,"turns":6},{"damage":21,"enemies":"Sentry and Sphere","floor":29,"turns":3}],"relics_obtained":[{"floor":7,"key":"Boot"},{"floor":9,"key":"Dream Catcher"},{"floor":10,"key":"Potion Belt"},{"floor":12,"key":"Frozen Egg 2"},{"floor":22,"key":"Smiling Mask"},{"floor":24,"key":"Juzu Bracelet"},{"floor":26,"key":"Ornamental Fan"},{"floor":27,"key":"Bird Faced Urn"}],"event_choices":[{"event_name":"Match and Keep!","player_choice":"1 cards matched","floor":3,"damage_taken":0},{"event_name":"Bonfire Elementals","player_choice":"UNCOMMON","floor":11,"damage_taken":0},{"event_name":"The Cleric","player_choice":"Healed","floor":14,"damage_taken":0},{"event_name":"The Joust","player_choice":"Bet on Murderer","floor":19,"damage_taken":0}],"boss_relics":[{"not_picked":["Orrery","Snecko Eye"],"picked":"Sozu"}],"items_purged_floors":[],"potions_floor_spawned":[2,5,7,16,21,24],"seed_played":"6145726480954731755","killed_by":"Sentry and Sphere","ascension_level":15,"potions_obtained":[{"floor":2,"key":"Swift Potion"},{"floor":5,"key":"Explosive Potion"},{"floor":7,"key":"Ancient Potion"},{"floor":16,"key":"Regen Potion"}],"is_trial":false}