{"gold_per_floor":[115,127,146,162,162,192,207,242,293,305,331,331,360,75,75,173,223,242,270,270,270,286,286,315,315,315,315,315,347,357,272,272,367,367,386,397,53,63,63,89,100,100,100,100,130,141,169,391,391,391],"floor_reached":50,"playtime":3584,"items_purged":[],"score":735,"play_id":"d1c21b7c-13a0-487a-8939-150556497f76","local_time":"20190205012242","is_ascension_mode":true,"campfire_choices":[{"data":"Armaments","floor":12,"key":"SMITH"},{"data":"Flame Barrier","floor":15,"key":"SMITH"},{"data":"Feed","floor":23,"key":"SMITH"},{"data":"Pommel Strike","floor":25,"key":"SMITH"},{"data":"Evolve","floor":27,"key":"SMITH"},{"data":"Battle Trance","floor":32,"key":"SMITH"},{"data":"Bludgeon","floor":42,"key":"SMITH"},{"data":"Flex","floor":44,"key":"SMITH"},{"data":"Blind","floor":49,"key":"SMITH"}],"neow_cost":"NONE","seed_source_timestamp":123617733446097,"circlet_count":0,"master_deck":["Strike_R","Strike_R+1","Strike_R","Strike_R","Defend_R","Defend_R+1","Defend_R","Defend_R","Bash+1","Pommel Strike+1","Clash+1","Anger","Flame Barrier+1","Blood for Blood","Shockwave","Armaments+1","Iron Wave","Wild Strike","Evolve+1","Feed+1","Cleave","Shrug It Off","Whirlwind+1","Battle Trance+1","Flex+1","Necronomicurse","Rampage","Dual Wield","Bludgeon+1","Blind+1","Flex+1","Whirlwind+1","Burning Pact","Headbutt+1"],"relics":["Burning Blood","Dream Catcher","StoneCalendar","Thread and Needle","Whetstone","Sundial","Bronze Scales","Mercury Hourglass","Tiny House","Red Mask","Pen Nib","Pear","Blood Vial","Magic Flower","Necronomicon","Bottled Flame","Mummified Hand","Busted Crown","Sling","Regal Pillow","Self Forming Clay","War Paint","Paper Frog"],"potions_floor_usage":[8,11,13,19,24,30,33,40,40,50,50],"damage_taken":[{"damage":1,"enemies":"Cultist","floor":1,"turns":3},{"damage":10,"enemies":"Small Slimes","floor":2,"turns":4},{"damage":8,"enemies":"Jaw Worm","floor":3,"turns":4},{"damage":19,"enemies":"Exordium Wildlife","floor":4,"turns":3},{"damage":14,"enemies":"3 Sentries","floor":6,"turns":7},{"damage":15,"enemies":"3 Louse","floor":7,"turns":3},{"damage":3,"enemies":"Lagavulin","floor":8,"turns":3},{"damage":0,"enemies":"2 Fungi Beasts","floor":10,"turns":3},{"damage":5,"enemies":"Gremlin Nob","floor":11,"turns":4},{"damage":10,"enemies":"3 Sentries","floor":13,"turns":5},{"damage":7,"enemies":"Hexaghost","floor":16,"turns":7},{"damage":13,"enemies":"Spheric Guardian","floor":18,"turns":4},{"damage":22,"enemies":"Masked Bandits","floor":19,"turns":4},{"damage":9,"enemies":"2 Thieves","floor":22,"turns":4},{"damage":15,"enemies":"Book of Stabbing","floor":24,"turns":5},{"damage":15,"enemies":"Slavers","floor":29,"turns":5},{"damage":0,"enemies":"Centurion and Healer","floor":30,"turns":3},{"damage":52,"enemies":"Champ","floor":33,"turns":10},{"damage":4,"enemies":"3 Darklings","floor":35,"turns":3},{"damage":34,"enemies":"3 Shapes","floor":36,"turns":2},{"damage":9,"enemies":"Writhing Mass","floor":38,"turns":4},{"damage":11,"enemies":"Giant Head","floor":40,"turns":5},{"damage":0,"enemies":"Spire Growth","floor":41,"turns":2},{"damage":3,"enemies":"Nemesis","floor":45,"turns":5},{"damage":0,"enemies":"Maw","floor":46,"turns":4},{"damage":37,"enemies":"Reptomancer","floor":47,"turns":3},{"damage":73,"enemies":"Time Eater","floor":50,"turns":7}],"seed_played":"-4862706100996621727","potions_obtained":[{"floor":4,"key":"Swift Potion"},{"floor":7,"key":"AttackPotion"},{"floor":10,"key":"AttackPotion"},{"floor":11,"key":"Poison Potion"},{"floor":17,"key":"Swift Potion"},{"floor":24,"key":"SteroidPotion"},{"floor":30,"key":"EssenceOfSteel"},{"floor":33,"key":"SteroidPotion"},{"floor":35,"key":"Regen Potion"},{"floor":41,"key":"LiquidBronze"},{"floor":47,"key":"Fire Potion"}],"is_trial":false,"path_per_floor":["M","M","M","M","?","E","M","E","T","M","E","R","E","$","R","B",null,"M","?","T","?","M","R","E","R","T","R","?","E","M","?","R","B",null,"M","M","$","M","?","E","M","R","T","R","E","M","E","?","R","B"],"character_chosen":"IRONCLAD","items_purchased":["Evolve","Mercury Hourglass","Sling","Blind","Flex"],"campfire_rested":0,"item_purchase_floors":[14,14,37,37,37],"current_hp_per_floor":[80,76,74,61,61,53,44,47,47,53,54,54,50,50,50,49,85,78,65,65,75,72,72,63,63,63,63,47,44,56,56,56,16,98,98,73,73,76,76,98,98,98,98,98,98,98,70,70,70,0],"gold":391,"neow_bonus":"RANDOM_COMMON_RELIC","is_prod":false,"is_daily":false,"chose_seed":false,"campfire_upgraded":9,"win_rate":0,"timestamp":1549326162,"path_taken":["M","?","M","?","?","E","M","E","T","M","E","R","E","?","R","BOSS","M","?","?","?","M","R","E","R","T","R","?","E","?","?","R","BOSS","M","M","$","M","?","E","?","R","T","R","E","M","E","?","R","BOSS"],"build_version":"2019-01-23","purchased_purges":0,"victory":false,"max_hp_per_floor":[80,80,80,80,80,80,80,80,80,80,80,80,80,80,80,80,85,85,88,88,98,98,98,98,98,98,98,98,98,98,98,98,98,98,98,98,98,98,98,98,98,98,98,98,98,98,98,98,98,98],"card_choices":[{"not_picked":["Wild Strike","Body Slam"],"picked":"Pommel Strike","floor":1},{"not_picked":["Flex","Spot Weakness"],"picked":"Clash","floor":2},{"not_picked":["Shrug It Off","Intimidate"],"picked":"Anger","floor":3},{"not_picked":["Shockwave","Clothesline"],"picked":"Flame Barrier","floor":4},{"not_picked":["Heavy Blade","True Grit"],"picked":"Blood for Blood","floor":6},{"not_picked":["Rupture","Fire Breathing"],"picked":"Shockwave","floor":7},{"not_picked":["Impervious","Reckless Charge"],"picked":"Armaments","floor":8},{"not_picked":["Clothesline","Havoc"],"picked":"Iron Wave","floor":10},{"not_picked":["Armaments","True Grit","Headbutt"],"picked":"SKIP","floor":11},{"not_picked":["Bloodletting","Sentinel"],"picked":"Wild Strike","floor":13},{"not_picked":["Reaper","Impervious"],"picked":"Feed","floor":16},{"not_picked":["True Grit","Armaments"],"picked":"Cleave","floor":17},{"not_picked":["Body Slam+1","Rupture"],"picked":"Shrug It Off","floor":18},{"not_picked":["Clash","Armaments"],"picked":"Whirlwind+1","floor":19},{"not_picked":["Searing Blow+1","Havoc+1"],"picked":"Battle Trance","floor":22},{"not_picked":["Perfected Strike+1","Wild Strike"],"picked":"Flex","floor":24},{"not_picked":["Havoc","Rampage","Evolve"],"picked":"SKIP","floor":29},{"not_picked":["Havoc","Evolve"],"picked":"Rampage","floor":29},{"not_picked":["True Grit","Clash"],"picked":"Dual Wield","floor":30},{"not_picked":["Juggernaut","Limit Break"],"picked":"Bludgeon","floor":33},{"not_picked":["Shrug It Off"],"picked":"SKIP","floor":35},{"not_picked":["Warcry+1"],"picked":"SKIP","floor":36},{"not_picked":[],"picked":"Whirlwind+1","floor":38},{"not_picked":["Warcry+1"],"picked":"SKIP","floor":40},{"not_picked":["Second Wind"],"picked":"SKIP","floor":41},{"not_picked":[],"picked":"Burning Pact","floor":45},{"not_picked":["Heavy Blade+1"],"picked":"SKIP","floor":46},{"not_picked":["Headbutt+1"],"picked":"SKIP","floor":47},{"not_picked":[],"picked":"Headbutt+1","floor":47}],"player_experience":66330,"relics_obtained":[{"floor":6,"key":"StoneCalendar"},{"floor":8,"key":"Thread and Needle"},{"floor":9,"key":"Whetstone"},{"floor":11,"key":"Sundial"},{"floor":13,"key":"Bronze Scales"},{"floor":19,"key":"Red Mask"},{"floor":20,"key":"Pen Nib"},{"floor":24,"key":"Blood Vial"},{"floor":26,"key":"Magic Flower"},{"floor":28,"key":"Necronomicon"},{"floor":29,"key":"Bottled Flame"},{"floor":40,"key":"Regal Pillow"},{"floor":43,"key":"Self Forming Clay"},{"floor":45,"key":"War Paint"},{"floor":47,"key":"Paper Frog"}],"event_choices":[{"damage_healed":0,"gold_gain":0,"player_choice":"Bought 0 Potions","damage_taken":0,"max_hp_gain":0,"max_hp_loss":0,"event_name":"The Woman in Blue","floor":5,"gold_loss":0},{"damage_healed":0,"gold_gain":0,"player_choice":"Fought Bandits","damage_taken":0,"max_hp_gain":0,"max_hp_loss":0,"event_name":"Masked Bandits","floor":19,"gold_loss":0},{"damage_healed":0,"gold_gain":0,"player_choice":"Opened","damage_taken":0,"relics_obtained":["Pear"],"max_hp_gain":0,"max_hp_loss":0,"event_name":"The Mausoleum","floor":21,"gold_loss":0},{"damage_healed":0,"gold_gain":0,"player_choice":"Obtained Book","damage_taken":16,"max_hp_gain":0,"max_hp_loss":0,"event_name":"Cursed Tome","floor":28,"gold_loss":0},{"damage_healed":0,"gold_gain":0,"player_choice":"Obtained Relic","damage_taken":0,"relics_obtained":["Mummified Hand"],"max_hp_gain":0,"max_hp_loss":0,"event_name":"Addict","floor":31,"gold_loss":85},{"cards_removed":["Strike_R"],"damage_healed":0,"gold_gain":0,"player_choice":"Purged","damage_taken":0,"max_hp_gain":0,"max_hp_loss":0,"event_name":"Purifier","floor":39,"gold_loss":0},{"damage_healed":0,"gold_gain":222,"player_choice":"Wore Mask","damage_taken":0,"max_hp_gain":0,"max_hp_loss":0,"event_name":"Tomb of Lord Red Mask","floor":48,"gold_loss":0}],"is_beta":false,"boss_relics":[{"not_picked":["Ectoplasm","White Beast Statue"],"picked":"Tiny House"},{"not_picked":["Fusion Hammer","Eternal Feather"],"picked":"Busted Crown"}],"items_purged_floors":[],"is_endless":false,"potions_floor_spawned":[4,7,10,11,24,30,33,35,41,47],"killed_by":"Time Eater","ascension_level":2}