{"gold_per_floor":[211,228,28,39,59,59,94,94,94,94,44,24,39,1,1,97,97,113,37,54,67,67,67,67,95,121,121,121,121,137,137,137,137],"floor_reached":33,"playtime":1739,"items_purged":["Defend_G"],"score":461,"play_id":"854b2db9-92ef-4117-8cde-76833283e9f6","local_time":"20190207182549","is_ascension_mode":true,"campfire_choices":[{"data":"Predator","floor":6,"key":"SMITH"},{"data":"Neutralize","floor":8,"key":"SMITH"},{"data":"Blur","floor":10,"key":"SMITH"},{"data":"Dash","floor":15,"key":"SMITH"},{"data":"Burst","floor":23,"key":"SMITH"},{"data":"Leg Sweep","floor":27,"key":"SMITH"},{"data":"Backflip","floor":29,"key":"SMITH"},{"data":"Blur","floor":32,"key":"SMITH"}],"neow_cost":"NONE","seed_source_timestamp":73589862386300,"circlet_count":0,"master_deck":["AscendersBane","Defend_G","Defend_G","Defend_G","Defend_G","Strike_G","Strike_G","Strike_G","Strike_G","Survivor","Neutralize+1","Backflip+1","Blur+1","Predator+1","Backstab","Corpse Explosion","Dash+1","Dagger Throw","Burst+1","Cloak And Dagger+1","Blur+1","Backstab+1","Leg Sweep+1","Caltrops+1"],"relics":["Ring of the Snake","Membership Card","Dodecahedron","Bottled Lightning","Coffee Dripper","Bronze Scales","Frozen Egg 2","Gremlin Horn","Orichalcum","Smiling Mask"],"potions_floor_usage":[16,18,20,33],"damage_taken":[{"damage":1,"enemies":"Small Slimes","floor":1,"turns":5},{"damage":0,"enemies":"2 Louse","floor":2,"turns":5},{"damage":1,"enemies":"Jaw Worm","floor":4,"turns":7},{"damage":0,"enemies":"Blue Slaver","floor":5,"turns":6},{"damage":27,"enemies":"Gremlin Nob","floor":7,"turns":5},{"damage":2,"enemies":"Exordium Thugs","floor":13,"turns":6},{"damage":10,"enemies":"The Guardian","floor":16,"turns":13},{"damage":0,"enemies":"Chosen","floor":18,"turns":5},{"damage":3,"enemies":"2 Thieves","floor":20,"turns":2},{"damage":1,"enemies":"3 Cultists","floor":21,"turns":7},{"damage":16,"enemies":"Gremlin Leader","floor":25,"turns":6},{"damage":0,"enemies":"Centurion and Healer","floor":30,"turns":3},{"damage":17,"enemies":"Champ","floor":33,"turns":13}],"seed_played":"7864068674476678908","potions_obtained":[{"floor":2,"key":"SpeedPotion"},{"floor":7,"key":"SkillPotion"},{"floor":16,"key":"Ancient Potion"},{"floor":18,"key":"Swift Potion"},{"floor":20,"key":"FearPotion"}],"is_trial":false,"path_per_floor":["?","?","T","?","M","?"],"character_chosen":"THE_SILENT","items_purchased":["Membership Card","Dash","Bronze Scales"],"campfire_rested":0,"item_purchase_floors":[3,12,19],"current_hp_per_floor":[62,62,62,61,61,61,34,34,34,34,34,34,32,32,32,22,58,58,58,55,54,54,54,54,38,38,38,38,38,38,25,25,8],"gold":137,"neow_bonus":"HUNDRED_GOLD","is_prod":false,"is_daily":false,"chose_seed":false,"campfire_upgraded":8,"win_rate":0,"timestamp":1549531549,"path_taken":["M","M","$","M","M","R","E","R","T","R","?","$","M","$","R","BOSS","M","$","M","M","?","R","?","E","T","R","?","R","?","?","R","BOSS"],"build_version":"2019-01-23","purchased_purges":1,"victory":false,"max_hp_per_floor":[70,70,70,70,70,70,70,70,70,70,70,70,70,70,70,70,70,70,70,70,70,70,70,70,70,70,70,70,70,70,75,75,75],"card_choices":[{"not_picked":["Quick Slash","Predator"],"picked":"Backflip","floor":1},{"not_picked":["Deadly Poison","Slice"],"picked":"Blur","floor":2},{"not_picked":["Bane","Deflect"],"picked":"Predator","floor":4},{"not_picked":["Cloak And Dagger","Deflect"],"picked":"Backstab","floor":5},{"not_picked":["Flechettes","Deflect"],"picked":"Corpse Explosion","floor":7},{"not_picked":["Dash","Calculated Gamble"],"picked":"Dagger Throw","floor":13},{"not_picked":["Wraith Form v2","Adrenaline"],"picked":"Burst","floor":16},{"not_picked":["Flying Knee","Dagger Throw"],"picked":"Cloak And Dagger+1","floor":18},{"not_picked":["Prepared","Quick Slash"],"picked":"Blur","floor":20},{"not_picked":["Flying Knee","Catalyst"],"picked":"Backstab+1","floor":21},{"not_picked":["Sucker Punch","Well Laid Plans+1"],"picked":"Leg Sweep","floor":25},{"not_picked":["Sucker Punch","Predator"],"picked":"Caltrops+1","floor":30}],"player_experience":266176,"relics_obtained":[{"floor":7,"key":"Dodecahedron"},{"floor":9,"key":"Bottled Lightning"},{"floor":24,"key":"Frozen Egg 2"},{"floor":25,"key":"Gremlin Horn"},{"floor":26,"key":"Orichalcum"}],"event_choices":[{"cards_removed":["Strike_G"],"damage_healed":0,"gold_gain":0,"player_choice":"Card Removal","damage_taken":0,"max_hp_gain":0,"max_hp_loss":0,"event_name":"The Cleric","floor":11,"gold_loss":50},{"damage_healed":0,"gold_gain":0,"player_choice":"Ignored","damage_taken":0,"max_hp_gain":0,"max_hp_loss":0,"event_name":"Beggar","floor":22,"gold_loss":0},{"damage_healed":0,"gold_gain":0,"player_choice":"Opened","damage_taken":0,"relics_obtained":["Smiling Mask"],"max_hp_gain":0,"max_hp_loss":0,"event_name":"The Mausoleum","floor":28,"gold_loss":0},{"damage_healed":0,"gold_gain":0,"player_choice":"Shed Blood","damage_taken":18,"max_hp_gain":5,"max_hp_loss":0,"event_name":"Forgotten Altar","floor":31,"gold_loss":0}],"is_beta":false,"boss_relics":[{"not_picked":["Lizard Tail","Snecko Eye"],"picked":"Coffee Dripper"}],"items_purged_floors":[14],"is_endless":false,"potions_floor_spawned":[2,7,16,18,20],"killed_by":"Champ","ascension_level":12}