{"gold_per_floor":[113,38,38,113,123,123,139,139,188,188,204,283,299,324,324,429,429,449,449,463,81,81,107,121,121,148,163,78,78,97,129,129,233,233,249,267,25,25,25,25,57,57,57,74,74,90,190,10,10,10],"floor_reached":51,"playtime":2747,"items_purged":["Shame","Strike_R","Strike_R"],"score":1009,"play_id":"c71025bf-4a89-4f81-9ed3-1508481e114a","local_time":"20190213170919","is_ascension_mode":true,"campfire_choices":[{"data":"Armaments","floor":6.0,"key":"SMITH"},{"data":"Bash","floor":8.0,"key":"SMITH"},{"data":"Intimidate","floor":10.0,"key":"SMITH"},{"data":"Disarm","floor":15.0,"key":"SMITH"},{"data":"Evolve","floor":25.0,"key":"SMITH"},{"data":"Clothesline","floor":29.0,"key":"SMITH"},{"floor":32.0,"key":"REST"},{"data":"Discovery","floor":40.0,"key":"SMITH"},{"floor":42.0,"key":"REST"},{"data":"Madness","floor":45.0,"key":"SMITH"},{"data":"Apotheosis","floor":49.0,"key":"SMITH"}],"neow_cost":"CURSE","seed_source_timestamp":102605104889666,"circlet_count":0,"master_deck":["Strike_R","Defend_R","Defend_R","Defend_R","Defend_R","Bash+1","Armaments+1","Evolve+1","Intimidate+1","Anger","Disarm+1","Barricade+1","Wild Strike","Clothesline+1","Metallicize","Shrug It Off","Power Through","Disarm","Flame Barrier+1","Body Slam","Inflame+1","Discovery+1","Shrug It Off","Madness+1","Madness","Impervious","Ghostly Armor","Body Slam+1","Apotheosis+1"],"special_seed":0,"relics":["Burning Blood","Dream Catcher","Shuriken","Mummified Hand","Empty Cage","Oddly Smooth Stone","Ornamental Fan","Potion Belt","Magic Flower","Ancient Tea Set","Mark of Pain","FossilizedHelix","Sundial","Incense Burner"],"potions_floor_usage":[50,50,50],"damage_taken":[{"damage":0.0,"enemies":"Small Slimes","floor":1.0,"turns":3.0},{"damage":4.0,"enemies":"2 Louse","floor":5.0,"turns":3.0},{"damage":0.0,"enemies":"Jaw Worm","floor":7.0,"turns":3.0},{"damage":5.0,"enemies":"Large Slime","floor":11.0,"turns":7.0},{"damage":22.0,"enemies":"Lots of Slimes","floor":13.0,"turns":6.0},{"damage":10.0,"enemies":"3 Sentries","floor":14.0,"turns":7.0},{"damage":36.0,"enemies":"The Guardian","floor":16.0,"turns":9.0},{"damage":14.0,"enemies":"Shell Parasite","floor":18.0,"turns":9.0},{"damage":10.0,"enemies":"Chosen","floor":20.0,"turns":6.0},{"damage":12.0,"enemies":"Book of Stabbing","floor":23.0,"turns":7.0},{"damage":16.0,"enemies":"Centurion and Healer","floor":24.0,"turns":8.0},{"damage":12.0,"enemies":"Snake Plant","floor":27.0,"turns":8.0},{"damage":0.0,"enemies":"Snecko","floor":30.0,"turns":8.0},{"damage":22.0,"enemies":"Slavers","floor":31.0,"turns":9.0},{"damage":66.0,"enemies":"Collector","floor":33.0,"turns":15.0},{"damage":6.0,"enemies":"Orb Walker","floor":35.0,"turns":4.0},{"damage":0.0,"enemies":"3 Shapes","floor":36.0,"turns":8.0},{"damage":53.0,"enemies":"Reptomancer","floor":41.0,"turns":9.0},{"damage":0.0,"enemies":"Maw","floor":44.0,"turns":8.0},{"damage":16.0,"enemies":"Sphere and 2 Shapes","floor":46.0,"turns":8.0},{"damage":0.0,"enemies":"Mind Bloom Boss Battle","floor":47.0,"turns":8.0},{"damage":0,"enemies":"Time Eater","floor":50,"turns":10}],"seed_played":"6904740299492054683","potions_obtained":[{"floor":5.0,"key":"Fire Potion"},{"floor":7.0,"key":"Block Potion"},{"floor":11.0,"key":"AttackPotion"},{"floor":16.0,"key":"Regen Potion"},{"floor":20.0,"key":"BloodPotion"},{"floor":23.0,"key":"PowerPotion"},{"floor":30.0,"key":"LiquidBronze"},{"floor":31.0,"key":"Swift Potion"},{"floor":33.0,"key":"BloodPotion"},{"floor":36.0,"key":"Swift Potion"},{"floor":41.0,"key":"Dexterity Potion"},{"floor":47.0,"key":"Swift Potion"}],"is_trial":false,"path_per_floor":["M","$","?","?","M","R","M","R","T","R","M","T","M","E","R","B",null,"M","?","M","$","?","E","M","R","T","M","?","R","M","E","R","B",null,"M","M","$","?","?","R","E","R","T","M","R","M","?","$","R","B",null],"character_chosen":"IRONCLAD","items_purchased":["Oddly Smooth Stone","Metallicize","Shrug It Off","Discovery","Shrug It Off","Apotheosis"],"campfire_rested":2,"item_purchase_floors":[21,21,21,37,37,48],"current_hp_per_floor":[94,94,94,83,85,85,91,91,91,91,92,92,76,72,72,42,83,75,75,71,71,71,80,70,70,70,64,64,64,73,60,88,31,80,83,92,92,80,80,80,36,64,64,87,87,80,89,89,89,96],"gold":10,"neow_bonus":"TWENTY_PERCENT_HP_BONUS","is_prod":false,"is_daily":false,"chose_seed":false,"campfire_upgraded":9,"win_rate":0,"timestamp":1550074159,"path_taken":["M","$","?","?","M","R","M","R","T","R","M","?","M","E","R","BOSS","M","?","?","$","?","E","M","R","T","?","?","R","M","E","R","BOSS","M","M","$","?","?","R","E","R","T","M","R","?","?","$","R","BOSS"],"build_version":"2019-01-23","purchased_purges":3,"victory":true,"max_hp_per_floor":[96,96,96,96,96,96,96,96,96,96,96,96,96,96,96,96,96,96,96,96,96,96,96,96,96,96,96,96,96,96,96,96,96,96,96,96,96,96,96,96,96,96,96,96,96,96,96,96,96,96],"card_choices":[{"not_picked":["Perfected Strike","Havoc"],"picked":"Armaments","floor":1.0},{"not_picked":["Havoc","Warcry"],"picked":"Evolve","floor":5.0},{"not_picked":["Blood for Blood","Body Slam"],"picked":"Intimidate","floor":7.0},{"not_picked":["Combust","Burning Pact"],"picked":"Anger","floor":11.0},{"not_picked":["Entrench","Sword Boomerang","Perfected Strike"],"picked":"SKIP","floor":13.0},{"not_picked":["Warcry","Sentinel"],"picked":"Disarm","floor":14.0},{"not_picked":["Dark Embrace","Offering"],"picked":"Barricade","floor":16.0},{"not_picked":["Thunderclap","Sever Soul"],"picked":"Wild Strike","floor":18.0},{"not_picked":["Sentinel+1","Anger"],"picked":"Clothesline","floor":20.0},{"not_picked":["Warcry","Immolate"],"picked":"Power Through","floor":23.0},{"not_picked":["Heavy Blade","Evolve"],"picked":"Disarm","floor":24.0},{"not_picked":["Metallicize+1","Iron Wave"],"picked":"Flame Barrier+1","floor":27.0},{"not_picked":["Rampage","Reckless Charge+1"],"picked":"Body Slam","floor":30.0},{"not_picked":["Perfected Strike","Cleave","Clash"],"picked":"SKIP","floor":31.0},{"not_picked":["Heavy Blade","Flex"],"picked":"Inflame+1","floor":32.0},{"not_picked":["Sentinel","Armaments","Havoc"],"picked":"SKIP","floor":35.0},{"not_picked":["Feel No Pain","Perfected Strike","Headbutt+1"],"picked":"SKIP","floor":36.0},{"not_picked":["Iron Wave","Hemokinesis+1"],"picked":"Impervious","floor":41.0},{"not_picked":["Iron Wave+1","Armaments"],"picked":"Ghostly Armor","floor":44.0},{"not_picked":["Havoc","Evolve+1"],"picked":"Body Slam+1","floor":46.0}],"player_experience":85735,"relics_obtained":[{"floor":9.0,"key":"Dream Catcher"},{"floor":12.0,"key":"Shuriken"},{"floor":14.0,"key":"Mummified Hand"},{"floor":23.0,"key":"Ornamental Fan"},{"floor":26.0,"key":"Potion Belt"},{"floor":31.0,"key":"Ancient Tea Set"},{"floor":41.0,"key":"FossilizedHelix"},{"floor":43.0,"key":"Sundial"},{"floor":47.0,"key":"Incense Burner"}],"event_choices":[{"damage_healed":0.0,"max_hp_gain":0.0,"max_hp_loss":0.0,"gold_gain":0.0,"event_name":"The Cleric","player_choice":"Leave","floor":3.0,"gold_loss":0.0,"damage_taken":0.0},{"damage_healed":0.0,"max_hp_gain":0.0,"max_hp_loss":0.0,"gold_gain":75.0,"event_name":"World of Goop","player_choice":"Gather Gold","floor":4.0,"gold_loss":0.0,"damage_taken":11.0},{"damage_healed":0.0,"max_hp_gain":0.0,"max_hp_loss":0.0,"gold_gain":0.0,"event_name":"Upgrade Shrine","player_choice":"Upgraded","floor":19.0,"gold_loss":0.0,"damage_taken":0.0,"cards_upgraded":["Barricade"]},{"damage_healed":0.0,"max_hp_gain":0.0,"max_hp_loss":0.0,"gold_gain":0.0,"event_name":"The Woman in Blue","player_choice":"Bought 0 Potions","floor":22.0,"gold_loss":0.0,"damage_taken":0.0},{"damage_healed":0.0,"max_hp_gain":0.0,"max_hp_loss":0.0,"gold_gain":0.0,"event_name":"Addict","player_choice":"Obtained Relic","floor":28.0,"gold_loss":85.0,"damage_taken":0.0,"relics_obtained":["Magic Flower"]},{"damage_healed":0.0,"max_hp_gain":0.0,"max_hp_loss":0.0,"gold_gain":0.0,"event_name":"Winding Halls","player_choice":"Embrace Madness","floor":38.0,"gold_loss":0.0,"damage_taken":12.0,"cards_obtained":["Madness","Madness"]},{"damage_healed":0.0,"max_hp_gain":0.0,"max_hp_loss":0.0,"gold_gain":0.0,"event_name":"SecretPortal","player_choice":"Ignored","floor":39.0,"gold_loss":0.0,"damage_taken":0.0},{"damage_healed":0.0,"max_hp_gain":0.0,"max_hp_loss":0.0,"gold_gain":0.0,"event_name":"MindBloom","player_choice":"Fight","floor":47.0,"gold_loss":0.0,"damage_taken":0.0}],"is_beta":false,"boss_relics":[{"not_picked":["Fusion Hammer","Tiny House"],"picked":"Empty Cage"},{"not_picked":["Black Star","White Beast Statue"],"picked":"Mark of Pain"}],"items_purged_floors":[2,21,37],"is_endless":false,"potions_floor_spawned":[5,7,11,16,20,23,30,31,33,36,41,47],"ascension_level":6}