{"gold_per_floor":[112,122,136,151,166,166,166,198,198,123,157,176,176,192,192,294,294,311,345,197,215,215,215],"floor_reached":23,"playtime":1406,"items_purged":["Strike_G","Strike_G"],"score":274,"play_id":"80334f73-5609-4aa3-88ad-1892e583175c","local_time":"20190205171549","is_ascension_mode":true,"campfire_choices":[{"data":"Neutralize","floor":6,"key":"SMITH"},{"floor":15,"key":"REST"}],"neow_cost":"NONE","seed_source_timestamp":98181631328200,"circlet_count":0,"master_deck":["Defend_G","Defend_G","Defend_G","Defend_G","Defend_G","Survivor","Neutralize+1","Poisoned Stab","Deadly Poison","Dagger Spray","Poisoned Stab","Dodge and Roll+1","Poisoned Stab","Backflip","Flying Knee+1","Crippling Poison","Deadly Poison","After Image","Backflip+1","Dodge and Roll+1","Bane+1","Blur","Deadly Poison","Wraith Form v2"],"relics":["Ring of the Serpent","Omamori","Molten Egg 2","Paper Crane","Red Mask"],"potions_floor_usage":[8,16],"damage_taken":[{"damage":0,"enemies":"2 Louse","floor":1,"turns":3},{"damage":0,"enemies":"Cultist","floor":2,"turns":4},{"damage":5,"enemies":"Small Slimes","floor":3,"turns":5},{"damage":3,"enemies":"Blue Slaver","floor":4,"turns":5},{"damage":6,"enemies":"3 Louse","floor":5,"turns":3},{"damage":15,"enemies":"3 Sentries","floor":8,"turns":8},{"damage":7,"enemies":"Lagavulin","floor":11,"turns":5},{"damage":1,"enemies":"2 Fungi Beasts","floor":12,"turns":3},{"damage":0,"enemies":"Blue Slaver","floor":14,"turns":4},{"damage":27,"enemies":"Slime Boss","floor":16,"turns":10},{"damage":10,"enemies":"Spheric Guardian","floor":18,"turns":4},{"damage":54,"enemies":"Masked Bandits","floor":19,"turns":7},{"damage":0,"enemies":"Shell Parasite","floor":21,"turns":6},{"damage":0,"enemies":"Gremlin Leader","floor":23,"turns":3}],"seed_played":"1544633648924431523","potions_obtained":[{"floor":2,"key":"Ancient Potion"},{"floor":4,"key":"GamblersBrew"},{"floor":5,"key":"Dexterity Potion"},{"floor":11,"key":"Fire Potion"}],"is_trial":false,"path_per_floor":["?","$","M","?","?","?"],"character_chosen":"THE_SILENT","items_purchased":["Bane+1"],"campfire_rested":1,"item_purchase_floors":[20],"current_hp_per_floor":[70,70,65,62,56,56,56,41,41,41,34,33,33,33,56,29,65,55,1,1,1,1,1],"gold":215,"neow_bonus":"TEN_PERCENT_HP_BONUS","is_prod":false,"is_daily":false,"chose_seed":false,"campfire_upgraded":1,"win_rate":0,"timestamp":1549354549,"path_taken":["M","M","M","M","M","R","?","E","T","?","E","?","?","M","R","BOSS","M","?","$","M","?","E"],"build_version":"2019-01-23","purchased_purges":2,"victory":false,"max_hp_per_floor":[77,77,77,77,77,77,77,77,77,77,77,77,77,77,77,77,77,77,77,77,77,77,77],"card_choices":[{"not_picked":["PiercingWail","Dagger Throw"],"picked":"Poisoned Stab","floor":1},{"not_picked":["Backflip","Dodge and Roll"],"picked":"Deadly Poison","floor":2},{"not_picked":["Infinite Blades","Sucker Punch"],"picked":"Dagger Spray","floor":3},{"not_picked":["Flying Knee","Terror"],"picked":"Poisoned Stab","floor":4},{"not_picked":["Underhanded Strike","Quick Slash"],"picked":"Dodge and Roll","floor":5},{"not_picked":["Bullet Time","Backflip"],"picked":"Poisoned Stab","floor":8},{"not_picked":["Calculated Gamble","Deflect"],"picked":"Backflip","floor":11},{"not_picked":["Dodge and Roll","Dagger Spray+1"],"picked":"Flying Knee+1","floor":12},{"not_picked":["Choke+1","Cloak And Dagger"],"picked":"Deadly Poison","floor":14},{"not_picked":["Grand Finale+1","Bullet Time"],"picked":"After Image","floor":16},{"not_picked":["Calculated Gamble","Outmaneuver+1"],"picked":"Backflip+1","floor":18},{"not_picked":["Accuracy","Heel Hook+1"],"picked":"Dodge and Roll+1","floor":19},{"not_picked":["Acrobatics","Noxious Fumes"],"picked":"Blur","floor":21}],"player_experience":239521,"relics_obtained":[{"floor":8,"key":"Omamori"},{"floor":9,"key":"Molten Egg 2"},{"floor":11,"key":"Paper Crane"},{"floor":19,"key":"Red Mask"}],"event_choices":[{"damage_healed":0,"gold_gain":0,"player_choice":"Forge","damage_taken":0,"max_hp_gain":0,"max_hp_loss":0,"event_name":"Accursed Blacksmith","floor":7,"gold_loss":0,"cards_upgraded":["Dodge and Roll"]},{"damage_healed":0,"gold_gain":0,"cards_transformed":["Strike_G"],"player_choice":"Change","damage_taken":0,"max_hp_gain":0,"max_hp_loss":0,"event_name":"Living Wall","floor":13,"gold_loss":0,"cards_obtained":["Crippling Poison"]},{"damage_healed":0,"gold_gain":0,"player_choice":"Fought Bandits","damage_taken":0,"max_hp_gain":0,"max_hp_loss":0,"event_name":"Masked Bandits","floor":19,"gold_loss":0},{"damage_healed":0,"gold_gain":0,"cards_transformed":["Strike_G","Strike_G"],"player_choice":"Became Test Subject","damage_taken":0,"max_hp_gain":0,"max_hp_loss":0,"event_name":"Drug Dealer","floor":22,"gold_loss":0,"cards_obtained":["Deadly Poison","Wraith Form v2"]}],"is_beta":false,"boss_relics":[{"not_picked":["Orrery","Black Star"],"picked":"Ring of the Serpent"}],"items_purged_floors":[10,20],"is_endless":false,"potions_floor_spawned":[2,4,5,11],"killed_by":"Gremlin Leader","ascension_level":7}