{"gold_per_floor":[113,130,130,154,154,154,190,211,211,225,225,225,265,286,286,415,415,429,73,86,110,19,55,55,79,125,50,66,66,66,102,102,222,222,237,237,261,83,11,11,32,32,82,82,82,121,121,161,161,161],"floor_reached":51,"playtime":5429,"items_purged":["Expertise+1","Skewer"],"score":1101,"play_id":"22e98aca-5bcb-4456-b09a-31a0ea3599d3","local_time":"20190201024241","is_ascension_mode":true,"campfire_choices":[{"data":"Phantasmal Killer","floor":6.0,"key":"SMITH"},{"floor":12.0,"key":"REST"},{"data":"After Image","floor":15.0,"key":"SMITH"},{"floor":24.0,"key":"REST"},{"data":"Cloak And Dagger","floor":29.0,"key":"SMITH"},{"data":"Cloak And Dagger","floor":32.0,"key":"SMITH"},{"data":"Accuracy","floor":40.0,"key":"SMITH"},{"data":"Finisher","floor":42.0,"key":"SMITH"},{"data":"Neutralize","floor":44.0,"key":"SMITH"},{"data":"Survivor","floor":49.0,"key":"SMITH"}],"neow_cost":"NONE","seed_source_timestamp":99108936420900,"circlet_count":0,"master_deck":["Survivor+1","Neutralize+1","Phantasmal Killer+1","Cloak And Dagger+1","Cloak And Dagger+1","Dagger Throw","After Image+1","Flying Knee","Acrobatics","Escape Plan+1","Storm of Steel+1","Quick Slash","Crippling Poison+1","Reflex+1","Adrenaline+1","Backstab","Finisher+1","Master of Strategy+1","Blade Dance+1","Acrobatics+1","Blur+1","Bandage Up+1","Adrenaline+1","Accuracy+1","Calculated Gamble+1","Venomology+1","Finisher+1","Adrenaline+1","Infinite Blades","Escape Plan+1","Deep Breath+1","Violence+1"],"special_seed":0,"relics":["Ring of the Snake","Golden Idol","Bottled Lightning","Kunai","Toxic Egg 2","Pandora\u0027s Box","Membership Card","Strawberry","Snake Skull","Sundial","Coffee Dripper","Toy Ornithopter","Pen Nib","Vajra","Mango","Anchor"],"potions_floor_usage":[50],"damage_taken":[{"damage":2.0,"enemies":"Jaw Worm","floor":1.0,"turns":5.0},{"damage":1.0,"enemies":"Small Slimes","floor":2.0,"turns":3.0},{"damage":0.0,"enemies":"2 Louse","floor":4.0,"turns":2.0},{"damage":21.0,"enemies":"Lagavulin","floor":7.0,"turns":9.0},{"damage":4.0,"enemies":"Exordium Wildlife","floor":8.0,"turns":3.0},{"damage":0.0,"enemies":"Large Slime","floor":10.0,"turns":7.0},{"damage":13.0,"enemies":"3 Sentries","floor":13.0,"turns":8.0},{"damage":0.0,"enemies":"3 Louse","floor":14.0,"turns":3.0},{"damage":10.0,"enemies":"The Guardian","floor":16.0,"turns":17.0},{"damage":11.0,"enemies":"2 Thieves","floor":18.0,"turns":2.0},{"damage":0.0,"enemies":"Spheric Guardian","floor":20.0,"turns":2.0},{"damage":16.0,"enemies":"Shelled Parasite and Fungi","floor":21.0,"turns":2.0},{"damage":9.0,"enemies":"Slavers","floor":23.0,"turns":4.0},{"damage":0.0,"enemies":"Snecko","floor":25.0,"turns":3.0},{"damage":0.0,"enemies":"Cultist and Chosen","floor":28.0,"turns":3.0},{"damage":4.0,"enemies":"Book of Stabbing","floor":31.0,"turns":5.0},{"damage":0.0,"enemies":"Champ","floor":33.0,"turns":11.0},{"damage":0.0,"enemies":"3 Shapes","floor":35.0,"turns":2.0},{"damage":0.0,"enemies":"3 Darklings","floor":37.0,"turns":1.0},{"damage":0.0,"enemies":"Jaw Worm Horde","floor":41.0,"turns":2.0},{"damage":0.0,"enemies":"Reptomancer","floor":46.0,"turns":3.0},{"damage":0.0,"enemies":"Nemesis","floor":48.0,"turns":3.0},{"damage":20,"enemies":"Time Eater","floor":50,"turns":9}],"seed_played":"-2470311950930568974","potions_obtained":[{"floor":4.0,"key":"GhostInAJar"},{"floor":8.0,"key":"Ancient Potion"},{"floor":13.0,"key":"Ancient Potion"},{"floor":14.0,"key":"FearPotion"},{"floor":18.0,"key":"AttackPotion"},{"floor":25.0,"key":"Strength Potion"},{"floor":33.0,"key":"Swift Potion"},{"floor":35.0,"key":"Strength Potion"},{"floor":41.0,"key":"Dexterity Potion"}],"is_trial":false,"path_per_floor":["?","?","?","?","?","?","$","?","?"],"character_chosen":"THE_SILENT","items_purchased":["Membership Card","Master of Strategy+1","Blade Dance+1","Acrobatics+1","Bandage Up+1","Infinite Blades","Toy Ornithopter","Escape Plan+1","Pen Nib"],"campfire_rested":2,"item_purchase_floors":[19,19,19,19,22,38,38,38,39],"current_hp_per_floor":[61,60,43,43,43,43,22,18,18,18,41,62,49,49,49,39,62,51,51,51,35,35,39,62,68,68,68,74,74,74,76,76,77,77,77,77,77,77,77,77,77,77,77,77,67,87,87,91,91,71],"gold":161,"neow_bonus":"ONE_RANDOM_RARE_CARD","is_prod":false,"is_daily":false,"chose_seed":false,"campfire_upgraded":8,"win_rate":0,"timestamp":1548956561,"path_taken":["M","M","?","M","?","R","E","M","T","M","?","R","E","M","R","BOSS","M","$","M","M","$","E","R","M","T","?","M","R","?","E","R","BOSS","M","?","M","?","$","R","M","R","T","R","?","E","?","E","R","BOSS"],"build_version":"2019-01-23","purchased_purges":2,"victory":true,"max_hp_per_floor":[70,70,70,70,70,70,70,70,70,70,70,70,70,70,70,70,70,70,70,70,70,70,77,77,77,77,77,77,77,77,77,77,77,77,77,77,77,77,77,77,77,77,77,77,77,91,91,91,91,91],"card_choices":[{"not_picked":["Quick Slash","Noxious Fumes"],"picked":"Cloak And Dagger","floor":1.0},{"not_picked":["Poisoned Stab","Reflex"],"picked":"Cloak And Dagger","floor":2.0},{"not_picked":["Endless Agony","Backflip"],"picked":"Dagger Throw","floor":4.0},{"not_picked":["Dagger Throw","Flying Knee"],"picked":"After Image","floor":7.0},{"not_picked":["Dagger Throw","Dodge and Roll"],"picked":"Flying Knee","floor":8.0},{"not_picked":["Deadly Poison","Distraction"],"picked":"Acrobatics","floor":10.0},{"not_picked":["PiercingWail","Prepared"],"picked":"Glass Knife","floor":13.0},{"not_picked":["Concentrate+1","Distraction+1"],"picked":"Escape Plan+1","floor":14.0},{"not_picked":["Tools of the Trade","A Thousand Cuts"],"picked":"Storm of Steel+1","floor":16.0},{"not_picked":["Deflect+1","Flying Knee","Quick Slash"],"picked":"SKIP","floor":18.0},{"not_picked":["Poisoned Stab","Quick Slash","Dagger Throw"],"picked":"SKIP","floor":20.0},{"not_picked":["Poisoned Stab","Prepared+1"],"picked":"Blur+1","floor":21.0},{"not_picked":["Deflect+1","Noxious Fumes"],"picked":"Adrenaline+1","floor":23.0},{"not_picked":["Dagger Throw","Sucker Punch"],"picked":"Accuracy","floor":25.0},{"not_picked":["Deadly Poison+1","Dodge and Roll+1"],"picked":"Prepared+1","floor":28.0},{"not_picked":["Dodge and Roll+1","Accuracy"],"picked":"Calculated Gamble+1","floor":31.0},{"not_picked":["Malaise+1","Unload"],"picked":"Venomology+1","floor":33.0},{"not_picked":["Backstab+1","Outmaneuver+1"],"picked":"Finisher+1","floor":35.0},{"not_picked":["Poisoned Stab","Dagger Throw","Prepared+1"],"picked":"SKIP","floor":37.0},{"not_picked":["Predator","Poisoned Stab+1","Quick Slash"],"picked":"SKIP","floor":41.0},{"not_picked":["Forethought+1","Violence+1"],"picked":"Deep Breath+1","floor":45.0},{"not_picked":["Dramatic Entrance","Jack Of All Trades+1"],"picked":"Violence+1","floor":45.0},{"not_picked":["Distraction+1","PiercingWail+1","Setup+1"],"picked":"SKIP","floor":46.0},{"not_picked":["Sucker Punch","Heel Hook+1","Catalyst+1"],"picked":"SKIP","floor":48.0}],"player_experience":173885,"relics_obtained":[{"floor":7.0,"key":"Bottled Lightning"},{"floor":9.0,"key":"Kunai"},{"floor":13.0,"key":"Toxic Egg 2"},{"floor":23.0,"key":"Strawberry"},{"floor":26.0,"key":"Snake Skull"},{"floor":31.0,"key":"Sundial"},{"floor":43.0,"key":"Vajra"},{"floor":46.0,"key":"Mango"},{"floor":48.0,"key":"Anchor"}],"event_choices":[{"damage_healed":0.0,"max_hp_gain":0.0,"max_hp_loss":0.0,"gold_gain":0.0,"event_name":"Golden Idol","player_choice":"Take Damage","floor":3.0,"gold_loss":0.0,"damage_taken":17.0,"relics_obtained":["Golden Idol"]},{"damage_healed":0.0,"max_hp_gain":0.0,"max_hp_loss":0.0,"gold_gain":0.0,"cards_transformed":["Defend_G"],"event_name":"Living Wall","player_choice":"Change","floor":5.0,"gold_loss":0.0,"damage_taken":0.0,"cards_obtained":["Dagger Throw"]},{"damage_healed":23.0,"max_hp_gain":0.0,"max_hp_loss":0.0,"gold_gain":0.0,"event_name":"Big Fish","player_choice":"Banana","floor":11.0,"gold_loss":0.0,"damage_taken":0.0},{"cards_removed":["Dagger Throw"],"damage_healed":0.0,"max_hp_gain":0.0,"max_hp_loss":0.0,"gold_gain":0.0,"event_name":"Beggar","player_choice":"Gave Gold","floor":27.0,"gold_loss":75.0,"damage_taken":0.0},{"cards_removed":["Flying Knee"],"damage_healed":0.0,"max_hp_gain":0.0,"max_hp_loss":0.0,"gold_gain":0.0,"event_name":"Back to Basics","player_choice":"Elegance","floor":30.0,"gold_loss":0.0,"damage_taken":0.0},{"damage_healed":0.0,"max_hp_gain":0.0,"max_hp_loss":0.0,"gold_gain":0.0,"cards_transformed":["Prepared"],"event_name":"Transmorgrifier","player_choice":"Transformed","floor":36.0,"gold_loss":0.0,"damage_taken":0.0,"cards_obtained":["Adrenaline"]},{"damage_healed":0.0,"max_hp_gain":0.0,"max_hp_loss":0.0,"gold_gain":0.0,"event_name":"SensoryStone","player_choice":"Memory 3","floor":45.0,"gold_loss":0.0,"damage_taken":10.0},{"cards_removed":["Glass Knife"],"damage_healed":0.0,"max_hp_gain":0.0,"max_hp_loss":0.0,"gold_gain":0.0,"event_name":"Falling","player_choice":"Removed Attack","floor":47.0,"gold_loss":0.0,"damage_taken":0.0}],"is_beta":false,"boss_relics":[{"not_picked":["Fusion Hammer","Cursed Key"],"picked":"Pandora\u0027s Box"},{"not_picked":["White Beast Statue","Runic Pyramid"],"picked":"Coffee Dripper"}],"items_purged_floors":[19,22],"is_endless":false,"potions_floor_spawned":[4,8,13,14,18,25,33,35,41],"ascension_level":6}