{"path_per_floor":["M","M","?","$","M","R","E","R","T","E","?","M","E","M","R","B",null,"M","$","M","?","?","E","R","E","T","$","M","T","M"],"character_chosen":"IRONCLAD","items_purchased":["Evolve","Darkstone Periapt"],"gold_per_floor":[116,131,190,115,127,127,155,155,209,241,241,253,279,297,297,369,369,387,149,163,163,163,192,192,225,225,225,244,314,325,325],"floor_reached":31,"campfire_rested":3,"playtime":1081,"current_hp_per_floor":[74,75,75,75,75,75,26,48,48,44,44,42,33,31,57,27,74,61,61,67,46,46,23,49,10,16,16,11,17,20,0],"items_purged":[],"gold":325,"score":538,"play_id":"6f9dadf5-37f5-4c47-a1e7-f202dd474746","local_time":"20180504150231","is_prod":false,"is_daily":false,"chose_seed":false,"is_ascension_mode":true,"campfire_upgraded":1,"timestamp":1525438951,"path_taken":["M","?","?","?","M","R","E","R","T","E","?","M","E","M","R","BOSS","M","$","M","?","?","E","R","E","T","$","M","?","?","M"],"build_version":"2018-05-03","seed_source_timestamp":1816274883733379,"purchased_purges":0,"victory":false,"master_deck":["Strike_R","Strike_R","Strike_R","Strike_R","Defend_R","Defend_R","Defend_R","Defend_R","Bash","AscendersBane","Clothesline+1","Evolve","Shrug It Off","Seeing Red","Battle Trance","Spot Weakness","Havoc","Demon Form","Reaper","Sword Boomerang","Headbutt","Exhume","Feel No Pain","Clumsy","Heavy Blade","Injury","Reckless Charge"],"max_hp_per_floor":[75,75,75,75,75,75,75,75,75,89,89,89,89,89,89,89,89,89,89,89,89,89,89,89,89,95,95,95,101,101,101],"relics":["Burning Blood","NeowsBlessing","Bronze Scales","Bag of Preparation","Mango","Calipers","Cursed Key","Darkstone Periapt","Enchiridion","Ancient Tea Set","Unceasing Top","Blue Candle","Bottled Tornado"],"card_choices":[{"not_picked":["Armaments","Twin Strike"],"picked":"Clothesline","floor":1},{"not_picked":["Fire Breathing","Corruption"],"picked":"Shrug It Off","floor":5},{"not_picked":["Body Slam","Burning Pact"],"picked":"Seeing Red","floor":7},{"not_picked":["Searing Blow","Pommel Strike"],"picked":"Battle Trance","floor":10},{"not_picked":["Thunderclap","Iron Wave"],"picked":"Spot Weakness","floor":12},{"not_picked":["Intimidate","Sever Soul"],"picked":"Havoc","floor":13},{"not_picked":["Blood for Blood","Anger"],"picked":"Demon Form","floor":14},{"not_picked":["Exhume","Fiend Fire"],"picked":"Reaper","floor":16},{"not_picked":["Anger","Clothesline"],"picked":"Sword Boomerang","floor":18},{"not_picked":["Sever Soul","Rampage"],"picked":"Headbutt","floor":20},{"not_picked":["Heavy Blade","Iron Wave"],"picked":"Feel No Pain","floor":25},{"not_picked":["Sever Soul","Armaments"],"picked":"Heavy Blade","floor":28},{"not_picked":["Anger","Armaments"],"picked":"Reckless Charge","floor":30}],"player_experience":643912,"potions_floor_usage":[12,23,23,23],"damage_taken":[{"damage":0,"enemies":"Cultist","floor":1,"turns":1},{"damage":0,"enemies":"Jaw Worm","floor":2,"turns":1},{"damage":0,"enemies":"Small Slimes","floor":5,"turns":1},{"damage":55,"enemies":"Lagavulin","floor":7,"turns":9},{"damage":24,"enemies":"Gremlin Nob","floor":10,"turns":4},{"damage":8,"enemies":"Exordium Thugs","floor":12,"turns":5},{"damage":15,"enemies":"3 Sentries","floor":13,"turns":6},{"damage":8,"enemies":"Looter","floor":14,"turns":3},{"damage":36,"enemies":"The Guardian","floor":16,"turns":11},{"damage":19,"enemies":"Spheric Guardian","floor":18,"turns":4},{"damage":0,"enemies":"3 Byrds","floor":20,"turns":4},{"damage":29,"enemies":"Gremlin Leader","floor":23,"turns":6},{"damage":45,"enemies":"Book of Stabbing","floor":25,"turns":6},{"damage":19,"enemies":"Centurion and Healer","floor":28,"turns":7},{"damage":15,"enemies":"Snecko","floor":30,"turns":4},{"damage":26,"enemies":"Sentry and Sphere","floor":31,"turns":3}],"event_choices":[{"event_name":"Golden Wing","player_choice":"Gained Gold","floor":3,"damage_taken":0},{"event_name":"Liars Game","player_choice":"disagreed","floor":11,"damage_taken":0},{"event_name":"Cursed Tome","player_choice":"Obtained Book","floor":21,"damage_taken":0},{"event_name":"Transmorgrifier","player_choice":"Transform","floor":22,"damage_taken":0}],"boss_relics":[{"not_picked":["Sozu","Ectoplasm"],"picked":"Cursed Key"}],"potions_floor_spawned":[5,10,13,16,20,25,28],"seed_played":"1464768777502962452","killed_by":"Sentry and Sphere","ascension_level":15,"is_trial":false}