{"gold_per_floor":[118,129,142,153,167,199,199,199,224,253,269,287,287,297,297,400,400,400],"floor_reached":18,"playtime":1233,"items_purged":[],"score":185,"play_id":"b145d511-1f12-4432-b7ec-f100d7890a0c","local_time":"20190208044653","is_ascension_mode":true,"campfire_choices":[{"data":"Pommel Strike","floor":8,"key":"SMITH"},{"data":"Demon Form","floor":15,"key":"SMITH"}],"neow_cost":"NONE","seed_source_timestamp":886483382745000,"circlet_count":0,"master_deck":["Strike_R","Strike_R","Strike_R","Defend_R","Defend_R","Defend_R","Defend_R","Bash","Flame Barrier","Body Slam","Uppercut","Entrench","Pommel Strike+1","Demon Form+1","Second Wind","Seeing Red","Intimidate","True Grit","Impervious"],"relics":["Burning Blood","Ice Cream","Ancient Tea Set","Vajra","Philosopher\u0027s Stone"],"potions_floor_usage":[10,16],"damage_taken":[{"damage":4,"enemies":"2 Louse","floor":1,"turns":3},{"damage":0,"enemies":"Cultist","floor":2,"turns":5},{"damage":0,"enemies":"Small Slimes","floor":3,"turns":3},{"damage":4,"enemies":"Blue Slaver","floor":4,"turns":4},{"damage":11,"enemies":"Red Slaver","floor":5,"turns":4},{"damage":32,"enemies":"Gremlin Nob","floor":6,"turns":5},{"damage":34,"enemies":"3 Sentries","floor":10,"turns":10},{"damage":0,"enemies":"2 Fungi Beasts","floor":11,"turns":4},{"damage":0,"enemies":"Large Slime","floor":12,"turns":4},{"damage":11,"enemies":"Blue Slaver","floor":14,"turns":4},{"damage":21,"enemies":"Hexaghost","floor":16,"turns":7},{"damage":0,"enemies":"2 Thieves","floor":18,"turns":1}],"seed_played":"3094257791668112165","potions_obtained":[{"floor":1,"key":"PowerPotion"},{"floor":2,"key":"Block Potion"},{"floor":6,"key":"BloodPotion"},{"floor":10,"key":"Poison Potion"},{"floor":11,"key":"PowerPotion"},{"floor":14,"key":"Strength Potion"}],"is_trial":false,"path_per_floor":["M","M","M","M","M","E","?","R","T","E","M","M","?","M","R","B",null,"M"],"character_chosen":"IRONCLAD","items_purchased":[],"campfire_rested":0,"item_purchase_floors":[],"current_hp_per_floor":[88,88,88,88,83,57,57,57,57,37,43,49,42,37,37,22,88,88],"gold":400,"neow_bonus":"TEN_PERCENT_HP_BONUS","is_prod":false,"is_daily":false,"chose_seed":false,"campfire_upgraded":2,"win_rate":0,"timestamp":1549597613,"path_taken":["M","M","M","M","M","E","?","R","T","E","M","?","?","M","R","BOSS","M"],"build_version":"2019-01-23","purchased_purges":0,"victory":false,"max_hp_per_floor":[88,88,88,88,88,88,88,88,88,88,88,88,88,88,88,88,88,88],"card_choices":[{"not_picked":["Burning Pact","Rampage"],"picked":"Flame Barrier","floor":1},{"not_picked":["Clash","Perfected Strike"],"picked":"Body Slam","floor":2},{"not_picked":["Armaments","Anger"],"picked":"Uppercut","floor":3},{"not_picked":["Sentinel","Cleave"],"picked":"Entrench","floor":4},{"not_picked":["Iron Wave","Blood for Blood"],"picked":"Pommel Strike","floor":5},{"not_picked":["Pommel Strike","Armaments"],"picked":"Demon Form","floor":6},{"not_picked":["Twin Strike","Perfected Strike"],"picked":"Second Wind","floor":10},{"not_picked":["Searing Blow","Wild Strike"],"picked":"Seeing Red","floor":11},{"not_picked":["Fire Breathing","Clash"],"picked":"Intimidate","floor":12},{"not_picked":["Body Slam","Blood for Blood"],"picked":"True Grit","floor":14},{"not_picked":["Bludgeon","Juggernaut"],"picked":"Impervious","floor":16}],"player_experience":77128,"relics_obtained":[{"floor":6,"key":"Ice Cream"},{"floor":9,"key":"Ancient Tea Set"},{"floor":10,"key":"Vajra"}],"event_choices":[{"cards_removed":["Strike_R"],"damage_healed":0,"gold_gain":0,"player_choice":"Purged","damage_taken":0,"max_hp_gain":0,"max_hp_loss":0,"event_name":"Purifier","floor":7,"gold_loss":0},{"cards_removed":["Strike_R"],"damage_healed":0,"gold_gain":0,"player_choice":"Card Removal","damage_taken":7,"max_hp_gain":0,"max_hp_loss":0,"event_name":"Golden Wing","floor":13,"gold_loss":0}],"is_beta":false,"boss_relics":[{"not_picked":["Sozu","Busted Crown"],"picked":"Philosopher\u0027s Stone"}],"items_purged_floors":[],"is_endless":false,"potions_floor_spawned":[1,2,6,10,11,14],"killed_by":"2 Thieves","ascension_level":1}