{"gold_per_floor":[117,130,130,140,154,154,167,197,197,217,127,154,154,154,154,154],"floor_reached":16,"playtime":2057,"items_purged":[],"score":118,"play_id":"e3224236-0f2e-481e-868c-ad392d906e43","local_time":"20190208110629","is_ascension_mode":true,"campfire_choices":[{"data":"True Grit","floor":6,"key":"SMITH"},{"data":"Fiend Fire","floor":13,"key":"SMITH"},{"data":"Body Slam","floor":15,"key":"SMITH"}],"neow_cost":"NONE","seed_source_timestamp":908436523515800,"circlet_count":0,"master_deck":["Strike_R","Strike_R","Strike_R","Strike_R","Strike_R","Defend_R","Defend_R","Defend_R","Defend_R","Bash","Blind","Sentinel","Body Slam+1","Deep Breath","Infernal Blade","True Grit+1","Fiend Fire+1","Dual Wield","Heavy Blade","Dramatic Entrance","Clothesline","Injury"],"relics":["Burning Blood","Ancient Tea Set","StoneCalendar","Pear","Golden Idol"],"potions_floor_usage":[7,12,16,16],"damage_taken":[{"damage":0,"enemies":"Cultist","floor":1,"turns":3},{"damage":3,"enemies":"Jaw Worm","floor":2,"turns":5},{"damage":2,"enemies":"2 Louse","floor":4,"turns":2},{"damage":5,"enemies":"Looter","floor":5,"turns":3},{"damage":4,"enemies":"Exordium Thugs","floor":7,"turns":5},{"damage":44,"enemies":"3 Sentries","floor":8,"turns":9},{"damage":8,"enemies":"2 Fungi Beasts","floor":10,"turns":4},{"damage":20,"enemies":"Gremlin Nob","floor":12,"turns":4},{"damage":36,"enemies":"Hexaghost","floor":16,"turns":9}],"seed_played":"-907187254968943729","potions_obtained":[{"floor":2,"key":"AttackPotion"},{"floor":5,"key":"PowerPotion"},{"floor":8,"key":"Fire Potion"},{"floor":10,"key":"AttackPotion"}],"is_trial":false,"path_per_floor":["M","M","?","M","M","R","M","E","T","M","$","E","R","?","R","B"],"character_chosen":"IRONCLAD","items_purchased":["Dramatic Entrance"],"campfire_rested":0,"item_purchase_floors":[11],"current_hp_per_floor":[80,80,80,80,80,80,80,42,42,40,40,36,36,36,36,0],"gold":154,"neow_bonus":"RANDOM_COLORLESS","is_prod":false,"is_daily":false,"chose_seed":false,"campfire_upgraded":3,"win_rate":0,"timestamp":1549620389,"path_taken":["M","M","?","M","M","R","M","E","T","M","?","E","R","?","R","BOSS"],"build_version":"2019-01-23","purchased_purges":0,"victory":false,"max_hp_per_floor":[80,80,80,80,80,80,80,80,80,80,80,90,90,90,90,90],"card_choices":[{"not_picked":["Havoc","Rupture"],"picked":"Sentinel","floor":1},{"not_picked":["Sword Boomerang","Clash","Searing Blow"],"picked":"SKIP","floor":2},{"not_picked":["Flex","Whirlwind"],"picked":"Infernal Blade","floor":4},{"not_picked":["Wild Strike","Thunderclap"],"picked":"True Grit","floor":5},{"not_picked":["Clash","Rage"],"picked":"Fiend Fire","floor":7},{"not_picked":["Body Slam","Rupture"],"picked":"Dual Wield","floor":8},{"not_picked":["Corruption","Cleave"],"picked":"Heavy Blade","floor":10},{"not_picked":["Seeing Red","Flex"],"picked":"Clothesline","floor":12}],"player_experience":78361,"relics_obtained":[{"floor":8,"key":"Ancient Tea Set"},{"floor":9,"key":"StoneCalendar"},{"floor":12,"key":"Pear"}],"event_choices":[{"damage_healed":0,"gold_gain":0,"player_choice":"2 cards matched","damage_taken":0,"max_hp_gain":0,"max_hp_loss":0,"event_name":"Match and Keep!","floor":3,"gold_loss":0,"cards_obtained":["Body Slam","Deep Breath"]},{"damage_healed":0,"gold_gain":0,"player_choice":"Take Wound","damage_taken":0,"relics_obtained":["Golden Idol"],"max_hp_gain":0,"max_hp_loss":0,"event_name":"Golden Idol","floor":14,"gold_loss":0,"cards_obtained":["Injury"]}],"is_beta":false,"boss_relics":[],"items_purged_floors":[],"is_endless":false,"potions_floor_spawned":[2,5,8,10],"killed_by":"Hexaghost","ascension_level":1}