{"gold_per_floor":[111,131,131,131,58,58,72,90,90,106,106,116,148,148,148,221,221,236,236,7,7,7,7,7,7],"floor_reached":25,"playtime":605,"items_purged":[],"score":373,"play_id":"c4cf1a60-da71-4031-9836-1491b55d65e4","local_time":"20180707021129","is_ascension_mode":true,"campfire_choices":[{"data":"Bash","floor":6,"key":"SMITH"},{"data":"Armaments","floor":11,"key":"SMITH"},{"data":"True Grit","floor":15,"key":"SMITH"},{"data":"Perfected Strike","floor":23,"key":"SMITH"}],"neow_cost":"","seed_source_timestamp":910446253395352,"circlet_count":0,"master_deck":["Strike_R","Strike_R","Strike_R","Strike_R","Strike_R+1","Defend_R+1","Defend_R","Defend_R","Defend_R","Bash+1","AscendersBane","Perfected Strike+1","Iron Wave","Flame Barrier","Twin Strike","Armaments+1","Spot Weakness","Clothesline","True Grit+1","Parasite","Reaper","Perfected Strike+1","Perfected Strike+1","Perfected Strike+1","Spot Weakness+1","Shrug It Off+1"],"relics":["Burning Blood","The Courier","Kunai","Mark of Pain","DollysMirror","War Paint"],"potions_floor_usage":[8,16,16,25],"damage_taken":[{"damage":8,"enemies":"Jaw Worm","floor":1,"turns":4},{"damage":8,"enemies":"Small Slimes","floor":2,"turns":5},{"damage":0,"enemies":"Cultist","floor":7,"turns":3},{"damage":7,"enemies":"Large Slime","floor":8,"turns":5},{"damage":6,"enemies":"Exordium Wildlife","floor":10,"turns":3},{"damage":11,"enemies":"Looter","floor":12,"turns":3},{"damage":22,"enemies":"Lagavulin","floor":13,"turns":6},{"damage":26,"enemies":"Hexaghost","floor":16,"turns":10},{"damage":34,"enemies":"Spheric Guardian","floor":18,"turns":6},{"damage":62,"enemies":"Gremlin Leader","floor":25,"turns":7}],"seed_played":"-6969611582269896864","potions_obtained":[{"floor":2,"key":"Explosive Potion"},{"floor":12,"key":"SkillPotion"},{"floor":13,"key":"Weak Potion"},{"floor":16,"key":"Weak Potion"}],"is_trial":false,"path_per_floor":["M","M","?","?","$","R","M","M","T","M","R","M","E","?","R","B",null,"M","?","$","?","?","R","T"],"character_chosen":"IRONCLAD","items_purchased":["Flame Barrier","DollysMirror","Spot Weakness","Shrug It Off"],"campfire_rested":0,"item_purchase_floors":[5,20,20,20],"current_hp_per_floor":[66,64,41,41,41,41,47,46,46,46,46,41,25,43,43,23,62,34,34,34,34,49,49,49,0],"gold":7,"neow_bonus":"","is_prod":false,"is_daily":false,"chose_seed":false,"campfire_upgraded":4,"win_rate":0,"timestamp":1530922289,"path_taken":["M","M","?","?","$","R","M","M","T","M","R","M","E","?","R","BOSS","M","?","$","?","?","R","?","E"],"build_version":"2018-07-05","purchased_purges":0,"victory":false,"max_hp_per_floor":[75,75,75,75,75,75,75,75,75,75,75,75,75,75,75,75,75,75,75,75,75,75,75,75,75],"card_choices":[{"not_picked":["Body Slam","Anger"],"picked":"Perfected Strike","floor":1},{"not_picked":["Clash","Rampage"],"picked":"Iron Wave","floor":2},{"not_picked":["Iron Wave","Infernal Blade"],"picked":"Twin Strike","floor":7},{"not_picked":["Warcry","Body Slam"],"picked":"Armaments","floor":8},{"not_picked":["Corruption","Shockwave"],"picked":"Spot Weakness","floor":10},{"not_picked":["Hemokinesis","Sentinel"],"picked":"Clothesline","floor":12},{"not_picked":["Pommel Strike","Heavy Blade"],"picked":"True Grit","floor":13},{"not_picked":["Berserk","Fiend Fire"],"picked":"Reaper","floor":16},{"not_picked":["True Grit","Armaments","Perfected Strike"],"picked":"SKIP","floor":18},{"not_picked":["True Grit","Armaments"],"picked":"Perfected Strike","floor":18}],"player_experience":989720,"relics_obtained":[{"floor":9,"key":"The Courier"},{"floor":13,"key":"Kunai"},{"floor":24,"key":"War Paint"}],"event_choices":[{"event_name":"Shining Light","player_choice":"Entered Light","floor":3,"damage_taken":0},{"event_name":"Living Wall","player_choice":"Grow","floor":4,"damage_taken":0},{"event_name":"Mushrooms","player_choice":"Healed and dodged fight","floor":14,"damage_taken":0},{"event_name":"Duplicator","player_choice":"One dupe","floor":19,"damage_taken":0},{"event_name":"Beggar","player_choice":"Ignored","floor":21,"damage_taken":0},{"event_name":"The Library","player_choice":"Heal","floor":22,"damage_taken":0}],"boss_relics":[{"not_picked":["Ectoplasm","Coffee Dripper"],"picked":"Mark of Pain"}],"items_purged_floors":[],"is_endless":false,"potions_floor_spawned":[2,12,13,16],"killed_by":"Gremlin Leader","ascension_level":15}