{"gold_per_floor":[110,260,270,25,25,25,43,73,97,109,122,122,148,159,159,233,233,247,297,347,185,235,235,247,274,274,284,284,316,316,349,349,426,426,436,455,470,480,480,480,494,513,513,298,298,313,313,325,325,325],"floor_reached":51,"playtime":2277,"items_purged":["Doubt"],"score":1596,"play_id":"82b34b7d-9e9f-4a95-b29d-ffee9fbc49ed","local_time":"20180716163542","is_ascension_mode":true,"campfire_choices":[{"data":"Feel No Pain","floor":6,"key":"SMITH"},{"data":"Disarm","floor":12,"key":"SMITH"},{"data":"Pummel","floor":15,"key":"SMITH"},{"data":"Demon Form","floor":23,"key":"SMITH"},{"data":"True Grit","floor":28,"key":"SMITH"},{"floor":30,"key":"REST"},{"floor":32,"key":"REST"},{"data":"True Grit","floor":40,"key":"SMITH"},{"data":"True Grit","floor":47,"key":"SMITH"},{"floor":49,"key":"REST"}],"neow_cost":"NONE","seed_source_timestamp":490901189221925,"circlet_count":0,"master_deck":["Strike_R","Strike_R","Defend_R","Defend_R","Defend_R","Bash+1","AscendersBane","Feel No Pain+1","Feel No Pain","Twin Strike","Offering","Infernal Blade","Disarm+1","Pummel+1","Flame Barrier","Demon Form+1","Burning Pact","True Grit+1","Shockwave","Whirlwind","True Grit+1","Pommel Strike","Twin Strike+1","Impervious","Anger+1","Fire Breathing+1","Rage+1","Power Through","Infernal Blade+1","Pommel Strike+1","Armaments+1","Offering","True Grit+1"],"relics":["Burning Blood","Blood Vial","Shuriken","Oddly Smooth Stone","Bag of Marbles","Strawberry","Busted Crown","Orichalcum","Omamori","Red Skull","Mummified Hand","Pear","Astrolabe","Mango","Self Forming Clay"],"potions_floor_usage":[8,14,16,16,25,29,33,41,50,50],"damage_taken":[{"damage":12,"enemies":"Jaw Worm","floor":1,"turns":3},{"damage":10,"enemies":"Small Slimes","floor":3,"turns":5},{"damage":6,"enemies":"2 Louse","floor":7,"turns":3},{"damage":10,"enemies":"3 Sentries","floor":8,"turns":16},{"damage":28,"enemies":"Exordium Thugs","floor":10,"turns":6},{"damage":7,"enemies":"Blue Slaver","floor":11,"turns":5},{"damage":30,"enemies":"Gremlin Nob","floor":13,"turns":4},{"damage":0,"enemies":"Gremlin Gang","floor":14,"turns":3},{"damage":14,"enemies":"Hexaghost","floor":16,"turns":12},{"damage":5,"enemies":"Shell Parasite","floor":18,"turns":7},{"damage":13,"enemies":"Spheric Guardian","floor":24,"turns":4},{"damage":36,"enemies":"Slavers","floor":25,"turns":10},{"damage":6,"enemies":"Snecko","floor":27,"turns":4},{"damage":51,"enemies":"Gremlin Leader","floor":29,"turns":6},{"damage":17,"enemies":"Book of Stabbing","floor":31,"turns":4},{"damage":46,"enemies":"Automaton","floor":33,"turns":7},{"damage":14,"enemies":"Orb Walker","floor":35,"turns":3},{"damage":4,"enemies":"Flame Bruiser 1 Orb","floor":36,"turns":5},{"damage":28,"enemies":"Maw","floor":37,"turns":7},{"damage":10,"enemies":"Spire Growth","floor":38,"turns":5},{"damage":10,"floor":39,"turns":6},{"damage":36,"enemies":"Transient","floor":41,"turns":5},{"damage":2,"enemies":"Sphere and 2 Shapes","floor":42,"turns":5},{"damage":7,"enemies":"Spire Growth","floor":46,"turns":4},{"damage":13,"enemies":"Transient","floor":48,"turns":5},{"damage":25,"enemies":"Time Eater","floor":50,"turns":9}],"seed_played":"-7969356584978856143","potions_obtained":[{"floor":1,"key":"SkillPotion"},{"floor":8,"key":"PowerPotion"},{"floor":10,"key":"Explosive Potion"},{"floor":14,"key":"LiquidBronze"},{"floor":18,"key":"SkillPotion"},{"floor":25,"key":"SkillPotion"},{"floor":31,"key":"Swift Potion"},{"floor":33,"key":"AttackPotion"},{"floor":36,"key":"Ancient Potion"},{"floor":41,"key":"SkillPotion"}],"is_trial":false,"path_per_floor":["M","?","M","$","?","R","M","E","T","M","M","R","E","M","R","B",null,"M","?","T","$","?","R","M","E","T","M","R","E","R","E","R","B",null,"M","M","M","M","?","R","M","M","T","$","?","M","R","M","R","B"],"character_chosen":"IRONCLAD","items_purchased":["Shuriken","True Grit","Shockwave","Whirlwind","Offering"],"campfire_rested":3,"item_purchase_floors":[4,21,21,21,44],"current_hp_per_floor":[64,64,62,62,62,62,64,62,62,42,46,46,31,39,39,33,70,73,73,73,73,73,73,68,52,52,54,54,11,35,36,63,25,75,69,73,53,51,63,63,35,41,41,41,41,42,42,37,68,51],"gold":325,"neow_bonus":"RANDOM_COMMON_RELIC","is_prod":false,"is_daily":false,"chose_seed":false,"campfire_upgraded":7,"win_rate":0,"timestamp":1531751742,"path_taken":["M","?","M","$","?","R","M","E","T","M","M","R","E","?","R","BOSS","M","?","?","$","?","R","M","E","T","M","R","E","R","E","R","BOSS","M","?","M","M","?","R","M","M","T","$","?","?","R","M","R","BOSS"],"build_version":"2018-07-12","purchased_purges":1,"victory":true,"max_hp_per_floor":[75,75,75,75,75,75,75,75,75,75,75,75,82,82,82,82,82,82,82,82,82,82,82,82,82,82,82,82,82,82,92,92,92,92,92,92,92,92,106,106,106,106,106,106,106,106,106,106,106,106],"card_choices":[{"not_picked":["Rupture","Combust"],"picked":"Feel No Pain","floor":1},{"not_picked":["Clash","Wild Strike"],"picked":"Feel No Pain","floor":3},{"not_picked":["Combust","Warcry"],"picked":"Twin Strike","floor":7},{"not_picked":["Shockwave","Shrug It Off"],"picked":"Offering","floor":8},{"not_picked":["Heavy Blade","Pommel Strike"],"picked":"Infernal Blade","floor":10},{"not_picked":["Sword Boomerang","Heavy Blade"],"picked":"Disarm","floor":11},{"not_picked":["Cleave","Feel No Pain"],"picked":"Pummel","floor":13},{"not_picked":["Thunderclap","Warcry"],"picked":"Flame Barrier","floor":14},{"not_picked":["Bludgeon","Fiend Fire"],"picked":"Demon Form","floor":16},{"not_picked":[],"picked":"Burning Pact","floor":18},{"not_picked":["Anger"],"picked":"SKIP","floor":24},{"not_picked":[],"picked":"True Grit","floor":25},{"not_picked":[],"picked":"Pommel Strike","floor":27},{"not_picked":["Body Slam"],"picked":"SKIP","floor":29},{"not_picked":[],"picked":"Twin Strike+1","floor":31},{"not_picked":[],"picked":"Impervious","floor":33},{"not_picked":[],"picked":"Power Through","floor":35},{"not_picked":[],"picked":"Infernal Blade+1","floor":36},{"not_picked":["Twin Strike"],"picked":"SKIP","floor":37},{"not_picked":[],"picked":"Pommel Strike+1","floor":38},{"not_picked":[],"picked":"Armaments+1","floor":39},{"not_picked":["Hemokinesis+1"],"picked":"SKIP","floor":41},{"not_picked":["Iron Wave"],"picked":"SKIP","floor":42},{"not_picked":[],"picked":"True Grit","floor":46},{"not_picked":["Heavy Blade"],"picked":"SKIP","floor":48}],"player_experience":1061082,"relics_obtained":[{"floor":8,"key":"Oddly Smooth Stone"},{"floor":9,"key":"Bag of Marbles"},{"floor":13,"key":"Strawberry"},{"floor":20,"key":"Orichalcum"},{"floor":25,"key":"Omamori"},{"floor":26,"key":"Red Skull"},{"floor":29,"key":"Mummified Hand"},{"floor":31,"key":"Pear"},{"floor":39,"key":"Mango"},{"floor":43,"key":"Self Forming Clay"}],"event_choices":[{"event_name":"Liars Game","player_choice":"agreed","floor":2,"damage_taken":0},{"event_name":"Living Wall","player_choice":"Grow","floor":5,"damage_taken":0},{"event_name":"The Joust","player_choice":"Bet on Murderer","floor":19,"damage_taken":0},{"event_name":"Nest","player_choice":"Stole From Cult","floor":22,"damage_taken":0},{"event_name":"MindBloom","player_choice":"Fight","floor":39,"damage_taken":0},{"event_name":"Falling","player_choice":"Removed Attack","floor":45,"damage_taken":0}],"boss_relics":[{"not_picked":["Black Blood","Eternal Feather"],"picked":"Busted Crown"},{"not_picked":["Empty Cage","Black Star"],"picked":"Astrolabe"}],"items_purged_floors":[44],"is_endless":false,"potions_floor_spawned":[1,8,10,11,14,18,25,31,33,36,38,41],"ascension_level":15}