{"gold_per_floor":[118,43,43,56,71,71,82,82,131,93,132,155,184,53,53,151,151,169,169,186,13,25,56,56,56,80,80,91,91,16,16,16,121,121,131,150,250,269,283,283,298,298,374,384,180,128,128,142,142,142],"floor_reached":51,"playtime":4597,"items_purged":["Strike_R","Strike_R","Defend_R"],"score":609,"play_id":"93f628aa-118f-4ea5-9c4f-15a3c223600d","local_time":"20190211203957","is_ascension_mode":false,"campfire_choices":[{"data":"Pommel Strike","floor":6,"key":"SMITH"},{"data":"True Grit","floor":8,"key":"SMITH"},{"data":"Body Slam","floor":15,"key":"SMITH"},{"data":"Body Slam","floor":24,"key":"SMITH"},{"data":"True Grit","floor":29,"key":"SMITH"},{"data":"Inflame","floor":32,"key":"SMITH"},{"data":"Armaments","floor":40,"key":"SMITH"},{"data":"Shrug It Off","floor":42,"key":"SMITH"},{"data":"Armaments","floor":47,"key":"SMITH"},{"floor":49,"key":"REST"}],"neow_cost":"NONE","seed_source_timestamp":18098377569500,"circlet_count":0,"master_deck":["Defend_R","Defend_R","Bash","Pommel Strike+1","Shrug It Off","Inflame+1","Body Slam+1","True Grit+1","Body Slam+1","Infernal Blade","Armaments+1","Carnage","True Grit+1","Demon Form","Disarm","Cleave","Shrug It Off+1","Headbutt","Twin Strike","Iron Wave","Cleave+1","Barricade","Cleave+1","Headbutt+1","Uppercut+1","Battle Trance+1","Clash","Shockwave","Armaments+1"],"relics":["Burning Blood","MawBank","Bronze Scales","Snecko Eye","PreservedInsect","Centennial Puzzle","Self Forming Clay","Velvet Choker","Sundial"],"potions_floor_usage":[16,33,33,41,50,50],"damage_taken":[{"damage":1,"enemies":"Cultist","floor":1,"turns":3},{"damage":0,"enemies":"2 Louse","floor":4,"turns":4},{"damage":0,"enemies":"Jaw Worm","floor":5,"turns":4},{"damage":2,"enemies":"3 Louse","floor":7,"turns":4},{"damage":0,"enemies":"Exordium Wildlife","floor":12,"turns":3},{"damage":2,"enemies":"Blue Slaver","floor":13,"turns":4},{"damage":41,"enemies":"Hexaghost","floor":16,"turns":9},{"damage":0,"enemies":"Chosen","floor":18,"turns":3},{"damage":3,"enemies":"3 Byrds","floor":20,"turns":3},{"damage":5,"enemies":"Shelled Parasite and Fungi","floor":22,"turns":3},{"damage":2,"enemies":"Book of Stabbing","floor":23,"turns":6},{"damage":5,"enemies":"Cultist and Chosen","floor":28,"turns":6},{"damage":61,"enemies":"Collector","floor":33,"turns":8},{"damage":4,"enemies":"Orb Walker","floor":35,"turns":3},{"damage":4,"enemies":"3 Shapes","floor":36,"turns":3},{"damage":22,"enemies":"Jaw Worm Horde","floor":38,"turns":3},{"damage":0,"enemies":"Maw","floor":39,"turns":6},{"damage":20,"enemies":"3 Darklings","floor":41,"turns":4},{"damage":16,"enemies":"Jaw Worm Horde","floor":44,"turns":3},{"damage":23,"enemies":"4 Shapes","floor":48,"turns":4},{"damage":28,"enemies":"Awakened One","floor":50,"turns":11}],"seed_played":"3725550287644448627","potions_obtained":[{"floor":5,"key":"Explosive Potion"},{"floor":7,"key":"LiquidBronze"},{"floor":13,"key":"LiquidBronze"},{"floor":16,"key":"Regen Potion"},{"floor":22,"key":"FearPotion"},{"floor":28,"key":"Energy Potion"},{"floor":36,"key":"LiquidBronze"},{"floor":41,"key":"Explosive Potion"},{"floor":44,"key":"FearPotion"}],"is_trial":false,"path_per_floor":["M","$","?","M","M","R","M","R","T","?","T","M","M","$","R","B",null,"M","?","M","$","M","E","R","?","T","T","M","R","?","$","R","B",null,"M","M","?","M","M","R","M","R","T","M","$","$","R","M","R","B",null],"character_chosen":"IRONCLAD","items_purchased":["Armaments","Carnage","True Grit","Shrug It Off","Headbutt","Shockwave","Armaments"],"campfire_rested":1,"item_purchase_floors":[14,14,14,21,21,45,46],"current_hp_per_floor":[80,80,80,80,80,80,80,80,80,80,80,80,80,80,80,45,80,80,80,80,80,80,80,80,80,80,80,80,80,80,80,80,25,80,80,80,80,64,70,70,56,56,56,46,46,46,46,29,53,31],"gold":142,"neow_bonus":"THREE_CARDS","is_prod":false,"is_daily":false,"chose_seed":false,"campfire_upgraded":9,"win_rate":0.0,"timestamp":1549935597,"path_taken":["M","$","?","M","?","R","M","R","T","?","?","M","M","$","R","BOSS","M","?","M","$","M","E","R","?","T","?","?","R","?","$","R","BOSS","M","M","?","?","M","R","M","R","T","M","?","$","R","M","R","BOSS"],"build_version":"2019-01-23","purchased_purges":3,"victory":true,"max_hp_per_floor":[80,80,80,80,80,80,80,80,80,80,80,80,80,80,80,80,80,80,80,80,80,80,80,80,80,80,80,80,80,80,80,80,80,80,80,80,80,80,80,80,80,80,80,80,80,80,80,80,80,80],"card_choices":[{"not_picked":["True Grit","Power Through"],"picked":"Pommel Strike","floor":0},{"not_picked":["Clothesline","Sword Boomerang"],"picked":"Shrug It Off","floor":1},{"not_picked":["Clash","Heavy Blade"],"picked":"Inflame","floor":4},{"not_picked":["Pommel Strike","Twin Strike"],"picked":"Body Slam","floor":5},{"not_picked":["Thunderclap","Uppercut"],"picked":"True Grit","floor":7},{"not_picked":["Clash","Feel No Pain"],"picked":"Body Slam","floor":12},{"not_picked":["Fire Breathing","Bludgeon"],"picked":"Infernal Blade","floor":13},{"not_picked":["Fiend Fire","Berserk"],"picked":"Demon Form","floor":16},{"not_picked":["Sword Boomerang","Perfected Strike"],"picked":"Disarm","floor":18},{"not_picked":["Intimidate","Metallicize"],"picked":"Cleave","floor":20},{"not_picked":["Warcry","Rupture"],"picked":"Twin Strike","floor":22},{"not_picked":["Uppercut","Reaper"],"picked":"Iron Wave","floor":23},{"not_picked":["Corruption","Clothesline"],"picked":"Cleave+1","floor":28},{"not_picked":["Fiend Fire","Double Tap"],"picked":"Barricade","floor":33},{"not_picked":["Shrug It Off","Infernal Blade+1"],"picked":"Cleave+1","floor":35},{"not_picked":["Sever Soul+1","Warcry+1"],"picked":"Headbutt+1","floor":36},{"not_picked":["Twin Strike","Shrug It Off+1"],"picked":"Uppercut+1","floor":38},{"not_picked":["Burning Pact","Thunderclap+1","Sword Boomerang"],"picked":"SKIP","floor":39},{"not_picked":["Iron Wave+1","Anger"],"picked":"Battle Trance+1","floor":41},{"not_picked":["Thunderclap+1","Brutality"],"picked":"Clash","floor":44},{"not_picked":["Thunderclap","Perfected Strike","Clothesline"],"picked":"SKIP","floor":48}],"player_experience":30358,"relics_obtained":[{"floor":9,"key":"MawBank"},{"floor":11,"key":"Bronze Scales"},{"floor":23,"key":"PreservedInsect"},{"floor":26,"key":"Centennial Puzzle"},{"floor":27,"key":"Self Forming Clay"},{"floor":43,"key":"Sundial"}],"event_choices":[{"cards_removed":["Strike_R"],"damage_healed":0,"gold_gain":0,"player_choice":"Purged","damage_taken":0,"max_hp_gain":0,"max_hp_loss":0,"event_name":"Purifier","floor":3,"gold_loss":0},{"cards_removed":["Strike_R"],"damage_healed":0,"gold_gain":0,"player_choice":"Card Removal","damage_taken":0,"max_hp_gain":0,"max_hp_loss":0,"event_name":"The Cleric","floor":10,"gold_loss":50},{"cards_removed":["Strike_R"],"damage_healed":0,"gold_gain":0,"player_choice":"Elegance","damage_taken":0,"max_hp_gain":0,"max_hp_loss":0,"event_name":"Back to Basics","floor":19,"gold_loss":0},{"damage_healed":0,"gold_gain":0,"player_choice":"Ignored","damage_taken":0,"max_hp_gain":0,"max_hp_loss":0,"event_name":"Cursed Tome","floor":25,"gold_loss":0},{"cards_removed":["Defend_R"],"damage_healed":0,"gold_gain":0,"player_choice":"Gave Gold","damage_taken":0,"max_hp_gain":0,"max_hp_loss":0,"event_name":"Beggar","floor":30,"gold_loss":75},{"damage_healed":0,"gold_gain":100,"player_choice":"Pray","damage_taken":0,"max_hp_gain":0,"max_hp_loss":0,"event_name":"Golden Shrine","floor":37,"gold_loss":0}],"is_beta":false,"boss_relics":[{"not_picked":["Calling Bell","Astrolabe"],"picked":"Snecko Eye"},{"not_picked":["Sozu","Empty Cage"],"picked":"Velvet Choker"}],"items_purged_floors":[2,21,45],"is_endless":false,"potions_floor_spawned":[5,7,13,16,22,28,36,41,44],"ascension_level":0}