{"path_per_floor":["M","?","?","?","M","R","E","$","T","$","M","M","?","M","R","B",null,"M","?","$","M","?","E","R","?","T","M","$","M","$","M","R","B",null,"M","?","?","M","$"],"character_chosen":"IRONCLAD","items_purchased":["Flex","Paper Frog","Regen Potion"],"gold_per_floor":[114,114,114,114,126,126,156,114,114,114,130,147,147,163,163,267,267,267,267,60,60,60,60,60,60,60,60,60,60,19,19,19,19,19,19,19,19,19,19],"floor_reached":40,"campfire_rested":3,"playtime":1091,"current_hp_per_floor":[80,73,73,73,69,69,21,21,21,21,27,22,6,12,36,13,80,71,56,56,34,34,10,35,19,19,14,14,19,19,25,50,43,85,81,81,70,70,70],"items_purged":[],"gold":19,"score":404,"play_id":"591f6c75-906c-4a83-9204-279fb1df4bf9","local_time":"20180314022642","is_prod":false,"is_daily":false,"is_ascension_mode":false,"campfire_upgraded":1,"timestamp":1520990802,"path_taken":["M","?","?","?","M","R","E","$","T","$","?","M","?","M","R","BOSS","M","?","$","M","?","E","R","?","T","?","?","M","$","M","R","BOSS","M","?","?","?","$","E"],"build_version":"2018-03-09","purchased_purges":0,"victory":false,"master_deck":["Strike_R","Strike_R","Strike_R","Strike_R","Strike_R","Defend_R","Defend_R","Defend_R","Bash","Cleave","Searing Blow+1","Clash+1","Flex+1","Flex","Limit Break","Heavy Blade+1","Clash","Necronomicurse","Limit Break","Madness","Madness"],"max_hp_per_floor":[80,80,80,80,80,80,80,80,80,80,80,80,80,80,80,80,80,80,85,85,85,85,85,85,85,85,85,85,85,85,85,85,85,85,85,85,85,85,85],"relics":["Burning Blood","Lantern","Art of War","The Courier","Thread and Needle","Du-Vu Doll","Ectoplasm","Paper Frog","Frozen Egg 2","Necronomicon","Orichalcum","Philosopher\u0027s Stone"],"card_choices":[{"not_picked":["Combust","Infernal Blade"],"picked":"Cleave"},{"not_picked":["Infernal Blade","Combust"],"picked":"Searing Blow"},{"not_picked":["Pommel Strike","Power Through"],"picked":"Clash"},{"not_picked":["Corruption","Clash"],"picked":"Flex"},{"not_picked":["Double Tap","Brutality"],"picked":"Limit Break"},{"not_picked":["Anger","Cleave"],"picked":"Heavy Blade"},{"not_picked":["Shrug It Off","Havoc"],"picked":"Clash"},{"not_picked":["Berserk","Immolate"],"picked":"Limit Break"}],"player_experience":289523,"potions_floor_usage":[16,33,33],"damage_taken":[{"damage":3,"enemies":"2 Louse","floor":1,"turns":4},{"damage":10,"enemies":"Jaw Worm","floor":5,"turns":4},{"damage":54,"enemies":"Lagavulin","floor":7,"turns":8},{"damage":0,"enemies":"Cultist","floor":11,"turns":2},{"damage":11,"enemies":"Large Slime","floor":12,"turns":3},{"damage":0,"enemies":"2 Fungi Beasts","floor":14,"turns":3},{"damage":29,"enemies":"The Guardian","floor":16,"turns":10},{"damage":15,"enemies":"Spheric Guardian","floor":18,"turns":4},{"damage":28,"enemies":"3 Byrds","floor":21,"turns":5},{"damage":30,"enemies":"Slavers","floor":23,"turns":6},{"damage":11,"enemies":"3 Cultists","floor":27,"turns":4},{"damage":1,"enemies":"Centurion and Healer","floor":29,"turns":3},{"damage":0,"enemies":"Sentry and Sphere","floor":31,"turns":3},{"damage":22,"enemies":"Automaton","floor":33,"turns":5},{"damage":10,"enemies":"Orb Walker","floor":35,"turns":3},{"damage":6,"enemies":"3 Shapes","floor":38,"turns":4},{"damage":81,"enemies":"Nemesis","floor":40,"turns":4}],"event_choices":[{"event_name":"Scrap Ooze","player_choice":"success","floor":2,"damage_taken":7},{"event_name":"Big Fish","player_choice":"Box","floor":3,"damage_taken":0},{"event_name":"Fountain of Cleansing","player_choice":"Removed Curse","floor":4,"damage_taken":0},{"event_name":"Shining Light","player_choice":"Entered Light","floor":13,"damage_taken":0},{"event_name":"Forgotten Altar","player_choice":"Shed Blood","floor":19,"damage_taken":0},{"event_name":"Addict","player_choice":"Ignored","floor":22,"damage_taken":0},{"event_name":"Cursed Tome","player_choice":"Obtained Book","floor":25,"damage_taken":0},{"event_name":"Winding Halls","player_choice":"Embrace Madness","floor":37,"damage_taken":0}],"boss_relics":[{"not_picked":["Astrolabe","Tiny House"],"picked":"Ectoplasm"},{"not_picked":["Calling Bell","Black Star"],"picked":"Philosopher\u0027s Stone"}],"potions_floor_spawned":[7,11,12,21,33],"seed_played":"3069737306229608045","killed_by":"Nemesis","ascension_level":0,"is_trial":false}