{"gold_per_floor":[219,219,232,250,250,276,276,308,377,408,408,427,439,455,455,550,550,540,540,640,660,660,660],"floor_reached":23,"playtime":2413,"items_purged":[],"score":243,"play_id":"cb8569f6-b270-438a-a602-45a1eae566fe","local_time":"20190214212609","is_ascension_mode":true,"campfire_choices":[{"floor":7,"key":"REST"},{"floor":11,"key":"REST"},{"data":"Armaments","floor":15,"key":"SMITH"}],"neow_cost":"NONE","seed_source_timestamp":34554575220900,"circlet_count":0,"master_deck":["Strike_R","Strike_R","Strike_R","Strike_R","Defend_R","Defend_R","Defend_R","Defend_R","Bash","Flame Barrier","Anger","Clothesline","Carnage","Metallicize","Headbutt","Demon Form","Inflame","Armaments+1","Disarm","Impervious","Metallicize","Heavy Blade"],"relics":["Burning Blood","Gambling Chip","Dream Catcher","Sundial","The Courier","Boot","Mark of Pain","Magic Flower","Letter Opener"],"potions_floor_usage":[6,14,16],"damage_taken":[{"damage":9,"enemies":"2 Louse","floor":1,"turns":4},{"damage":12,"enemies":"Cultist","floor":3,"turns":6},{"damage":7,"enemies":"Jaw Worm","floor":4,"turns":4},{"damage":33,"enemies":"Lagavulin","floor":6,"turns":7},{"damage":26,"enemies":"3 Sentries","floor":8,"turns":11},{"damage":29,"enemies":"Lagavulin","floor":10,"turns":8},{"damage":4,"enemies":"Looter","floor":12,"turns":4},{"damage":13,"enemies":"Large Slime","floor":13,"turns":6},{"damage":5,"enemies":"Lots of Slimes","floor":14,"turns":7},{"damage":8,"enemies":"Hexaghost","floor":16,"turns":9},{"damage":15,"enemies":"2 Thieves","floor":18,"turns":4},{"damage":12,"enemies":"Colosseum Slavers","floor":20,"turns":6},{"damage":39,"enemies":"Colosseum Nobs","floor":20,"turns":7},{"damage":0,"enemies":"Chosen","floor":21,"turns":4},{"damage":29,"enemies":"Slavers","floor":23,"turns":2}],"seed_played":"502926731936586043","potions_obtained":[{"floor":1,"key":"SpeedPotion"},{"floor":4,"key":"Swift Potion"},{"floor":10,"key":"Swift Potion"}],"is_trial":false,"path_per_floor":["M","?","M","M","?","E","R","E","T","E","R","M","M","M","R","B",null,"M","?","?","M","?","E"],"character_chosen":"IRONCLAD","items_purchased":[],"campfire_rested":2,"item_purchase_floors":[],"current_hp_per_floor":[77,70,64,63,63,36,60,40,40,17,41,43,36,37,37,35,80,71,56,17,26,26,0],"gold":660,"neow_bonus":"HUNDRED_GOLD","is_prod":false,"is_daily":false,"chose_seed":false,"campfire_upgraded":1,"win_rate":0,"timestamp":1550175969,"path_taken":["M","?","M","M","?","E","R","E","T","E","R","M","M","?","R","BOSS","M","?","?","M","?","E"],"build_version":"2019-01-23","purchased_purges":0,"victory":false,"max_hp_per_floor":[80,80,80,80,80,80,80,80,80,80,80,80,80,80,80,80,80,80,85,85,85,85,85],"card_choices":[{"not_picked":["Corruption","Searing Blow"],"picked":"Flame Barrier","floor":1},{"not_picked":["Flex","Burning Pact"],"picked":"Anger","floor":3},{"not_picked":["Clash","Heavy Blade"],"picked":"Clothesline","floor":4},{"not_picked":["Perfected Strike","Burning Pact","Clothesline"],"picked":"SKIP","floor":6},{"not_picked":["Cleave","Exhume"],"picked":"Metallicize","floor":7},{"not_picked":["Carnage","Clothesline"],"picked":"Headbutt","floor":8},{"not_picked":["Pommel Strike","Clothesline"],"picked":"Demon Form","floor":10},{"not_picked":["Sword Boomerang","Cleave"],"picked":"Inflame","floor":11},{"not_picked":["Anger","Thunderclap"],"picked":"Armaments","floor":12},{"not_picked":["Headbutt","Sword Boomerang"],"picked":"Disarm","floor":13},{"not_picked":["Anger","Bludgeon","Inflame"],"picked":"SKIP","floor":14},{"not_picked":["Juggernaut","Brutality"],"picked":"Impervious","floor":16},{"not_picked":["Flame Barrier","Flex"],"picked":"Metallicize","floor":18},{"not_picked":["Clash","Carnage"],"picked":"Heavy Blade","floor":21}],"player_experience":197400,"relics_obtained":[{"floor":6,"key":"Dream Catcher"},{"floor":8,"key":"Sundial"},{"floor":9,"key":"The Courier"},{"floor":10,"key":"Boot"},{"floor":20,"key":"Magic Flower"},{"floor":20,"key":"Letter Opener"}],"event_choices":[{"damage_healed":0,"gold_gain":0,"player_choice":"Success","damage_taken":7,"relics_obtained":["Gambling Chip"],"max_hp_gain":0,"max_hp_loss":0,"event_name":"Scrap Ooze","floor":2,"gold_loss":0},{"damage_healed":0,"gold_gain":0,"cards_transformed":["Strike_R"],"player_choice":"Transformed","damage_taken":0,"max_hp_gain":0,"max_hp_loss":0,"event_name":"Transmorgrifier","floor":5,"gold_loss":0,"cards_obtained":["Carnage"]},{"damage_healed":0,"gold_gain":0,"player_choice":"Shed Blood","damage_taken":20,"max_hp_gain":5,"max_hp_loss":0,"event_name":"Forgotten Altar","floor":19,"gold_loss":0},{"damage_healed":0,"gold_gain":0,"player_choice":"Fight","damage_taken":0,"max_hp_gain":0,"max_hp_loss":0,"event_name":"Colosseum","floor":20,"gold_loss":0},{"damage_healed":0,"gold_gain":0,"player_choice":"Fought Nobs","damage_taken":0,"max_hp_gain":0,"max_hp_loss":0,"event_name":"Colosseum","floor":20,"gold_loss":0},{"damage_healed":0,"gold_gain":0,"player_choice":"Ignored","damage_taken":0,"max_hp_gain":0,"max_hp_loss":0,"event_name":"Ghosts","floor":22,"gold_loss":0}],"is_beta":false,"boss_relics":[{"not_picked":["Lizard Tail","Eternal Feather"],"picked":"Mark of Pain"}],"items_purged_floors":[],"is_endless":false,"potions_floor_spawned":[1,4,10],"killed_by":"Slavers","ascension_level":3}