{"gold_per_floor":[361,380,28,45,59,92,92,121,121,121,121,150,165,340,340,443,443,453,464,481,90,90,115,135,168,193,205,233,233,65,65,65,65],"floor_reached":33,"playtime":2369,"items_purged":[],"score":358,"play_id":"4dd162d8-e3fe-4271-9c9f-c3ba97452c6d","local_time":"20190203193133","is_ascension_mode":true,"campfire_choices":[{"data":"Reaper","floor":7,"key":"SMITH"},{"data":"Bash","floor":11,"key":"SMITH"},{"data":"Mind Blast","floor":15,"key":"SMITH"},{"data":"Clothesline","floor":29,"key":"SMITH"},{"data":"Power Through","floor":32,"key":"SMITH"}],"neow_cost":"TEN_PERCENT_HP_LOSS","seed_source_timestamp":17377246977912,"circlet_count":0,"master_deck":["Strike_R","Strike_R","Strike_R","Strike_R","Strike_R","Defend_R","Defend_R","Defend_R","Defend_R","Bash+1","Cleave","Clothesline+1","Mind Blast+1","Intimidate","Rage+1","Reaper+1","Reckless Charge","Hemokinesis","Shrug It Off","Doubt","Juggernaut+1","Fire Breathing+1","Power Through+1","Evolve+1","Pommel Strike","Clothesline+1","Power Through+1","Anger","Shockwave+1","Panache+1"],"relics":["Burning Blood","Frozen Egg 2","Champion Belt","Pear","Shuriken","Vajra","Coffee Dripper","Paper Frog","Bag of Preparation","Dream Catcher","Juzu Bracelet","Anchor","Centennial Puzzle"],"potions_floor_usage":[6,6,8,16,25,28,33,33,33],"damage_taken":[{"damage":15,"enemies":"Jaw Worm","floor":1,"turns":9},{"damage":7,"enemies":"Small Slimes","floor":2,"turns":3},{"damage":1,"enemies":"Cultist","floor":4,"turns":3},{"damage":8,"enemies":"Exordium Wildlife","floor":5,"turns":4},{"damage":12,"enemies":"3 Sentries","floor":6,"turns":8},{"damage":30,"enemies":"Lagavulin","floor":8,"turns":11},{"damage":20,"enemies":"Gremlin Nob","floor":12,"turns":4},{"damage":11,"enemies":"Large Slime","floor":13,"turns":6},{"damage":42,"enemies":"The Guardian","floor":16,"turns":11},{"damage":24,"enemies":"Shell Parasite","floor":18,"turns":4},{"damage":27,"enemies":"Spheric Guardian","floor":19,"turns":4},{"damage":10,"enemies":"Snecko","floor":20,"turns":4},{"damage":30,"enemies":"Book of Stabbing","floor":23,"turns":6},{"damage":19,"enemies":"Centurion and Healer","floor":24,"turns":6},{"damage":19,"enemies":"Gremlin Leader","floor":25,"turns":9},{"damage":8,"enemies":"Snake Plant","floor":27,"turns":5},{"damage":28,"enemies":"Slavers","floor":28,"turns":5},{"damage":42,"enemies":"Champ","floor":33,"turns":7}],"seed_played":"-5147690558739888504","potions_obtained":[{"floor":2,"key":"Fire Potion"},{"floor":4,"key":"LiquidBronze"},{"floor":6,"key":"EssenceOfSteel"},{"floor":12,"key":"SkillPotion"},{"floor":18,"key":"Fire Potion"},{"floor":20,"key":"SkillPotion"},{"floor":25,"key":"SkillPotion"},{"floor":27,"key":"FearPotion"},{"floor":28,"key":"FearPotion"}],"is_trial":false,"path_per_floor":["M","M","$","M","M","E","R","E","T","?","R","E","M","?","R","B",null,"M","M","M","$","?","E","M","E","T","M","E","R","$","?","R","B"],"character_chosen":"IRONCLAD","items_purchased":["Frozen Egg 2","Mind Blast","Paper Frog","Bag of Preparation","Panache+1"],"campfire_rested":0,"item_purchase_floors":[3,3,21,21,30],"current_hp_per_floor":[63,62,62,67,65,59,59,51,51,51,51,43,44,44,44,16,82,73,57,53,53,53,36,35,40,40,41,33,33,33,33,33,0],"gold":65,"neow_bonus":"TWO_FIFTY_GOLD","is_prod":false,"is_daily":false,"chose_seed":false,"campfire_upgraded":5,"win_rate":0,"timestamp":1549218693,"path_taken":["M","M","$","M","M","E","R","E","T","?","R","E","M","?","R","BOSS","M","M","M","$","?","E","?","E","T","M","E","R","$","?","R","BOSS"],"build_version":"2019-01-23","purchased_purges":0,"victory":false,"max_hp_per_floor":[72,72,72,72,72,72,72,82,82,82,82,82,82,82,82,82,82,82,82,82,82,82,82,82,82,82,82,82,82,82,82,82,82],"card_choices":[{"not_picked":["True Grit","Armaments"],"picked":"Cleave","floor":1},{"not_picked":["Disarm","Combust"],"picked":"Clothesline","floor":2},{"not_picked":["Iron Wave","Dual Wield"],"picked":"Intimidate","floor":4},{"not_picked":["Entrench","Anger"],"picked":"Rage","floor":5},{"not_picked":["Armaments","Heavy Blade"],"picked":"Reaper","floor":6},{"not_picked":["Dark Embrace+1","Battle Trance"],"picked":"Reckless Charge","floor":8},{"not_picked":["Intimidate","Pummel"],"picked":"Hemokinesis","floor":12},{"not_picked":["Body Slam","True Grit"],"picked":"Shrug It Off","floor":13},{"not_picked":["Immolate","Demon Form+1"],"picked":"Juggernaut+1","floor":16},{"not_picked":["Twin Strike","Carnage"],"picked":"Fire Breathing+1","floor":18},{"not_picked":["Heavy Blade","Twin Strike"],"picked":"Power Through+1","floor":19},{"not_picked":["Searing Blow","Iron Wave"],"picked":"Evolve+1","floor":20},{"not_picked":["Sword Boomerang+1","Warcry"],"picked":"Pommel Strike","floor":23},{"not_picked":["Cleave","Bloodletting"],"picked":"Clothesline","floor":24},{"not_picked":["Brutality+1","Twin Strike"],"picked":"Power Through","floor":25},{"not_picked":["True Grit","Sever Soul"],"picked":"Anger","floor":27},{"not_picked":["Blood for Blood+1","Flex+1"],"picked":"Shockwave+1","floor":28}],"player_experience":43569,"relics_obtained":[{"floor":6,"key":"Champion Belt"},{"floor":8,"key":"Pear"},{"floor":9,"key":"Shuriken"},{"floor":12,"key":"Vajra"},{"floor":23,"key":"Dream Catcher"},{"floor":25,"key":"Juzu Bracelet"},{"floor":26,"key":"Anchor"},{"floor":28,"key":"Centennial Puzzle"}],"event_choices":[{"damage_healed":0,"gold_gain":0,"player_choice":"Grow","damage_taken":0,"max_hp_gain":0,"max_hp_loss":0,"event_name":"Living Wall","floor":10,"gold_loss":0,"cards_upgraded":["Clothesline"]},{"damage_healed":0,"gold_gain":175,"player_choice":"AGREE","damage_taken":0,"max_hp_gain":0,"max_hp_loss":0,"event_name":"Liars Game","floor":14,"gold_loss":0,"cards_obtained":["Doubt"]},{"damage_healed":0,"gold_gain":0,"player_choice":"Forge","damage_taken":0,"max_hp_gain":0,"max_hp_loss":0,"event_name":"Accursed Blacksmith","floor":22,"gold_loss":0,"cards_upgraded":["Rage"]},{"damage_healed":0,"gold_gain":0,"player_choice":"Ignored","damage_taken":0,"max_hp_gain":0,"max_hp_loss":0,"event_name":"Beggar","floor":31,"gold_loss":0}],"is_beta":false,"boss_relics":[{"not_picked":["Black Blood","Runic Dome"],"picked":"Coffee Dripper"}],"items_purged_floors":[],"is_endless":false,"potions_floor_spawned":[2,4,6,12,18,20,25,27,28],"killed_by":"Champ","ascension_level":2}