{"gold_per_floor":[119,137,157,171,171,205,215,229,280,294,294,264,264,275,275,376,376,386,386,400,37,57,91,91,105,105,124,124,43,62,62,62,158,158,178,191,191,207,0,30,30,55,55,55,55,72,72,84,84,84],"floor_reached":51,"playtime":3334,"items_purged":["Strike_B"],"score":678,"play_id":"f461101b-52fd-4ee1-9fa2-e383b4cfc111","local_time":"20190214181328","is_ascension_mode":false,"campfire_choices":[{"data":"Capacitor","floor":11.0,"key":"SMITH"},{"floor":13.0,"key":"REST"},{"data":"Consume","floor":15.0,"key":"SMITH"},{"floor":24.0,"key":"REST"},{"floor":32.0,"key":"REST"},{"data":"Glacier","floor":41.0,"key":"SMITH"},{"data":"Defragment","floor":45.0,"key":"SMITH"},{"floor":47.0,"key":"REST"},{"floor":49.0,"key":"REST"}],"neow_cost":"NONE","seed_source_timestamp":0,"circlet_count":0,"master_deck":["Strike_B","Strike_B","Strike_B","Defend_B","Defend_B","Defend_B","Defend_B","Zap","Capacitor+1","Steam","Consume+1","Iron Wave","Cold Snap","Sweeping Beam","Glacier+1","Consume","Self Repair","Echo Form","Coolheaded","Double Energy","Capacitor","Defragment+1","Storm","BootSequence","Creative AI","Ball Lightning+1","Turbo+1","Hello World"],"special_seed":0,"relics":["Cracked Core","Bottled Tornado","Orichalcum","Nuclear Battery","Nunchaku","Shovel","Omamori","Sozu","Red Mask","Pantograph","Bronze Scales","Bottled Lightning"],"potions_floor_usage":[],"damage_taken":[{"damage":1.0,"enemies":"Small Slimes","floor":1.0,"turns":3.0},{"damage":0.0,"enemies":"Cultist","floor":2.0,"turns":3.0},{"damage":2.0,"enemies":"2 Louse","floor":3.0,"turns":2.0},{"damage":7.0,"enemies":"Blue Slaver","floor":4.0,"turns":3.0},{"damage":29.0,"enemies":"3 Sentries","floor":6.0,"turns":8.0},{"damage":0.0,"enemies":"Looter","floor":7.0,"turns":3.0},{"damage":12.0,"enemies":"Large Slime","floor":8.0,"turns":8.0},{"damage":0.0,"enemies":"Lots of Slimes","floor":10.0,"turns":2.0},{"damage":3.0,"enemies":"Looter","floor":12.0,"turns":4.0},{"damage":0.0,"enemies":"Blue Slaver","floor":14.0,"turns":4.0},{"damage":15.0,"enemies":"The Guardian","floor":16.0,"turns":13.0},{"damage":16.0,"enemies":"Shell Parasite","floor":18.0,"turns":12.0},{"damage":15.0,"enemies":"3 Byrds","floor":20.0,"turns":6.0},{"damage":14.0,"enemies":"Centurion and Healer","floor":22.0,"turns":10.0},{"damage":56.0,"enemies":"Slavers","floor":23.0,"turns":11.0},{"damage":22.0,"enemies":"Shelled Parasite and Fungi","floor":25.0,"turns":11.0},{"damage":0.0,"enemies":"Snecko","floor":27.0,"turns":7.0},{"damage":4.0,"enemies":"Chosen and Byrds","floor":30.0,"turns":4.0},{"damage":3.0,"enemies":"Automaton","floor":33.0,"turns":16.0},{"damage":21.0,"enemies":"3 Darklings","floor":35.0,"turns":6.0},{"damage":3.0,"enemies":"Orb Walker","floor":36.0,"turns":5.0},{"damage":23.0,"enemies":"3 Darklings","floor":38.0,"turns":7.0},{"damage":31.0,"enemies":"Reptomancer","floor":40.0,"turns":7.0},{"damage":28.0,"enemies":"4 Shapes","floor":46.0,"turns":6.0},{"damage":0.0,"enemies":"Sphere and 2 Shapes","floor":48.0,"turns":6.0},{"damage":67,"enemies":"Awakened One","floor":50,"turns":10}],"seed_played":"782843639963036540","potions_obtained":[{"floor":2.0,"key":"SkillPotion"},{"floor":3.0,"key":"Swift Potion"},{"floor":6.0,"key":"GamblersBrew"},{"floor":27.0,"key":"Energy Potion"},{"floor":33.0,"key":"AttackPotion"}],"is_trial":false,"path_per_floor":["M","M","M","M","?","E","M","M","T","M","R","M","R","M","R","B",null,"M","?","M","$","M","E","R","M","T","M","$","$","M","?","R","B",null,"M","M","?","M","?","E","R","T","T","?","R","M","R","M","R","B",null],"character_chosen":"DEFECT","items_purchased":["Nunchaku","Storm"],"campfire_rested":5,"item_purchase_floors":[21,29],"current_hp_per_floor":[81,81,79,72,72,43,43,31,31,31,31,28,52,52,52,44,82,73,73,65,65,58,9,33,18,18,25,25,25,21,21,45,56,82,75,82,78,62,62,38,38,38,38,38,38,17,40,47,70,18],"gold":84,"neow_bonus":"TEN_PERCENT_HP_BONUS","is_prod":false,"is_daily":false,"chose_seed":false,"campfire_upgraded":4,"win_rate":0.0,"timestamp":1550186008,"path_taken":["M","M","M","M","?","E","M","M","T","M","R","M","R","M","R","BOSS","M","?","M","$","M","E","R","M","T","M","?","$","M","?","R","BOSS","M","M","?","M","?","E","R","?","T","?","R","M","R","M","R","BOSS"],"build_version":"2019-01-23","purchased_purges":1,"victory":true,"max_hp_per_floor":[82,82,82,82,82,82,82,82,82,82,82,82,82,82,82,82,82,82,82,82,82,82,82,82,82,82,82,82,82,82,82,82,82,82,82,82,78,78,78,78,78,78,78,78,78,78,78,78,78,78],"card_choices":[{"not_picked":["Stack","Ball Lightning"],"picked":"Capacitor","floor":1.0},{"not_picked":["Turbo","Beam Cell"],"picked":"Steam","floor":2.0},{"not_picked":["Redo","Coolheaded"],"picked":"Sweeping Beam","floor":3.0},{"not_picked":["Undo","Steam Power"],"picked":"Consume","floor":4.0},{"not_picked":["Scrape","Reboot"],"picked":"Cold Snap","floor":6.0},{"not_picked":["Stack","Rip and Tear"],"picked":"Sweeping Beam","floor":7.0},{"not_picked":["Conserve Battery","FTL"],"picked":"Glacier","floor":8.0},{"not_picked":["Chaos","Steam Power"],"picked":"Consume","floor":10.0},{"not_picked":["Sweeping Beam","Heatsinks","Ball Lightning"],"picked":"SKIP","floor":12.0},{"not_picked":["Go for the Eyes","Rebound"],"picked":"Self Repair","floor":14.0},{"not_picked":["Core Surge","Hyperbeam"],"picked":"Echo Form","floor":16.0},{"not_picked":["Darkness","Streamline"],"picked":"Coolheaded","floor":18.0},{"not_picked":["Beam Cell+1","Stack","Aggregate"],"picked":"SKIP","floor":20.0},{"not_picked":["Heatsinks","Melter"],"picked":"Double Energy","floor":22.0},{"not_picked":["Storm","Redo"],"picked":"Capacitor","floor":23.0},{"not_picked":["Go for the Eyes+1","Ball Lightning"],"picked":"Defragment","floor":25.0},{"not_picked":["Hologram","Stack","Sweeping Beam+1"],"picked":"SKIP","floor":27.0},{"not_picked":["Coolheaded","Streamline"],"picked":"BootSequence","floor":30.0},{"not_picked":["Multi-Cast","Core Surge"],"picked":"Creative AI","floor":33.0},{"not_picked":["Coolheaded+1","Hologram+1"],"picked":"Ball Lightning+1","floor":35.0},{"not_picked":["FTL","Streamline+1","Compile Driver"],"picked":"SKIP","floor":36.0},{"not_picked":["Steam+1","Streamline"],"picked":"Turbo+1","floor":38.0},{"not_picked":["Biased Cognition","Ball Lightning+1"],"picked":"Hello World","floor":40.0},{"not_picked":["Cold Snap","FTL","Sweeping Beam+1"],"picked":"SKIP","floor":46.0},{"not_picked":["Gash","Hologram+1","Leap+1"],"picked":"SKIP","floor":48.0}],"player_experience":428541,"relics_obtained":[{"floor":6.0,"key":"Bottled Tornado"},{"floor":9.0,"key":"Orichalcum"},{"floor":23.0,"key":"Shovel"},{"floor":26.0,"key":"Omamori"},{"floor":40.0,"key":"Pantograph"},{"floor":42.0,"key":"Bronze Scales"},{"floor":43.0,"key":"Bottled Lightning"}],"event_choices":[{"cards_removed":["Sweeping Beam"],"damage_healed":0.0,"max_hp_gain":0.0,"max_hp_loss":0.0,"gold_gain":0.0,"event_name":"NoteForYourself","player_choice":"Took Card","floor":5.0,"gold_loss":0.0,"damage_taken":0.0,"cards_obtained":["Iron Wave"]},{"damage_healed":0.0,"max_hp_gain":0.0,"max_hp_loss":0.0,"gold_gain":0.0,"event_name":"The Woman in Blue","player_choice":"Bought 0 Potions","floor":19.0,"gold_loss":0.0,"damage_taken":0.0},{"damage_healed":0.0,"max_hp_gain":0.0,"max_hp_loss":0.0,"gold_gain":0.0,"event_name":"Beggar","player_choice":"Ignored","floor":31.0,"gold_loss":0.0,"damage_taken":0.0},{"damage_healed":0.0,"max_hp_gain":0.0,"max_hp_loss":4.0,"gold_gain":0.0,"event_name":"Winding Halls","player_choice":"Max HP","floor":37.0,"gold_loss":0.0,"damage_taken":0.0},{"damage_healed":0.0,"max_hp_gain":0.0,"max_hp_loss":0.0,"gold_gain":0.0,"event_name":"Tomb of Lord Red Mask","player_choice":"Paid","floor":39.0,"gold_loss":207.0,"damage_taken":0.0,"relics_obtained":["Red Mask"]},{"cards_removed":["Dualcast"],"damage_healed":0.0,"max_hp_gain":0.0,"max_hp_loss":0.0,"gold_gain":0.0,"event_name":"Falling","player_choice":"Removed Skill","floor":44.0,"gold_loss":0.0,"damage_taken":0.0}],"is_beta":false,"boss_relics":[{"not_picked":["Black Star","Pandora\u0027s Box"],"picked":"Nuclear Battery"},{"not_picked":["Cursed Key","Velvet Choker"],"picked":"Sozu"}],"items_purged_floors":[21],"is_endless":false,"potions_floor_spawned":[2,3,6,14,20,23,27,33,38,48],"ascension_level":0}