{"gold_per_floor":[109,109,34,54,71,71,85,85,131,131,146,7,24,24,24,24],"floor_reached":16,"playtime":1135,"items_purged":["Strike_G","Strike_G"],"score":92,"play_id":"d4ba53a6-2246-4707-bd21-c0e1e85267fc","local_time":"20190207000251","is_ascension_mode":false,"campfire_choices":[{"data":"Quick Slash","floor":6,"key":"SMITH"},{"data":"Die Die Die","floor":8,"key":"SMITH"},{"data":"Infinite Blades","floor":15,"key":"SMITH"}],"neow_cost":"NONE","seed_source_timestamp":294091933635565,"circlet_count":0,"master_deck":["Defend_G","Defend_G","Defend_G","Defend_G","Defend_G","Strike_G","Strike_G","Strike_G","Survivor","Neutralize","Deflect","Quick Slash+1","Dash","Die Die Die+1","Doppelganger","Dark Shackles","Cloak And Dagger","Infinite Blades+1","Blade Dance"],"relics":["Ring of the Snake","Boot","Lantern","Golden Idol"],"potions_floor_usage":[16],"damage_taken":[{"damage":0,"enemies":"Jaw Worm","floor":1,"turns":4},{"damage":0,"enemies":"2 Louse","floor":4,"turns":4},{"damage":0,"enemies":"Cultist","floor":5,"turns":4},{"damage":11,"enemies":"Exordium Wildlife","floor":7,"turns":9},{"damage":3,"enemies":"3 Louse","floor":11,"turns":3},{"damage":3,"enemies":"Lots of Slimes","floor":13,"turns":3},{"damage":39,"enemies":"Hexaghost","floor":16,"turns":16}],"seed_played":"-8748645699555636062","potions_obtained":[{"floor":5,"key":"SpeedPotion"}],"is_trial":false,"path_per_floor":["M","?","$","M","M","R","M","R","T","?","M","$","M","?","R","B"],"character_chosen":"THE_SILENT","items_purchased":["Infinite Blades"],"campfire_rested":0,"item_purchase_floors":[12],"current_hp_per_floor":[77,70,70,70,70,70,59,59,59,59,56,56,53,34,34,0],"gold":24,"neow_bonus":"TEN_PERCENT_HP_BONUS","is_prod":false,"is_daily":false,"chose_seed":false,"campfire_upgraded":3,"win_rate":0.0,"timestamp":1549494171,"path_taken":["M","?","$","M","M","R","M","R","T","?","?","$","M","?","R","BOSS"],"build_version":"2019-01-23","purchased_purges":2,"victory":false,"max_hp_per_floor":[77,77,77,77,77,77,77,77,77,77,77,77,77,77,77,77],"card_choices":[{"not_picked":["Dodge and Roll","Outmaneuver"],"picked":"Deflect","floor":1},{"not_picked":["Prepared","Escape Plan"],"picked":"Quick Slash","floor":4},{"not_picked":["Masterful Stab","Sucker Punch"],"picked":"Dash","floor":5},{"not_picked":["Flying Knee","Reflex"],"picked":"Die Die Die","floor":7},{"not_picked":["Blade Dance","Crippling Poison"],"picked":"Cloak And Dagger","floor":11},{"not_picked":["Deadly Poison","All Out Attack"],"picked":"Blade Dance","floor":13}],"player_experience":77984,"relics_obtained":[{"floor":9,"key":"Lantern"}],"event_choices":[{"damage_healed":0,"gold_gain":0,"player_choice":"Success","damage_taken":7,"relics_obtained":["Boot"],"max_hp_gain":0,"max_hp_loss":0,"event_name":"Scrap Ooze","floor":2,"gold_loss":0},{"damage_healed":0,"gold_gain":0,"player_choice":"2 cards matched","damage_taken":0,"max_hp_gain":0,"max_hp_loss":0,"event_name":"Match and Keep!","floor":10,"gold_loss":0,"cards_obtained":["Doppelganger","Dark Shackles"]},{"damage_healed":0,"gold_gain":0,"player_choice":"Take Damage","damage_taken":19,"relics_obtained":["Golden Idol"],"max_hp_gain":0,"max_hp_loss":0,"event_name":"Golden Idol","floor":14,"gold_loss":0}],"is_beta":false,"boss_relics":[],"items_purged_floors":[3,12],"is_endless":false,"potions_floor_spawned":[5],"killed_by":"Hexaghost","ascension_level":0}