{"gold_per_floor":[110,126,16,16,35,35,5,5,5,34,34,34,46,76,76,173,173,191,210,220,157,31,31,46,46,46,59,59,59,59,72,72,168,168,180,55,72,92,106,106,120,120,202,216,234,248,98,111,111,111],"floor_reached":51,"playtime":4328,"items_purged":["Strike_R","Strike_R","Strike_R","Shame"],"score":695,"play_id":"373ccb05-607d-4a04-9cb4-12131b17b8a8","local_time":"20190212003551","is_ascension_mode":true,"campfire_choices":[{"data":"Body Slam","floor":6,"key":"SMITH"},{"data":"Cleave","floor":12,"key":"SMITH"},{"floor":15,"key":"REST"},{"floor":23,"key":"REST"},{"data":"Demon Form","floor":25,"key":"SMITH"},{"floor":30,"key":"REST"},{"floor":32,"key":"REST"},{"data":"Armaments","floor":40,"key":"SMITH"},{"data":"Pommel Strike","floor":42,"key":"SMITH"},{"floor":49,"key":"REST"}],"neow_cost":"NONE","seed_source_timestamp":32517766219200,"circlet_count":0,"master_deck":["Strike_R","Defend_R","Defend_R","Defend_R","Defend_R","Bash","Cleave+1","Body Slam+1","Carnage","Disarm","Thunderclap","Carnage","Pommel Strike+1","Heavy Blade+1","Feed+1","Heavy Blade+1","Demon Form+1","Clash+1","Body Slam+1","Rampage+1","Entrench+1","Pommel Strike+1","Double Tap","Armaments+1","Iron Wave+1","Iron Wave+1","Pommel Strike+1","Parasite","Body Slam+1","Headbutt+1","Parasite"],"relics":["Burning Blood","Red Skull","Meat on the Bone","Nunchaku","Molten Egg 2","Philosopher\u0027s Stone","Happy Flower","Gremlin Horn","Cursed Key","Mummified Hand"],"potions_floor_usage":[5,14,16,16,20,27,46,48,50,50],"damage_taken":[{"damage":16,"enemies":"Jaw Worm","floor":1,"turns":5},{"damage":7,"enemies":"Cultist","floor":2,"turns":5},{"damage":0,"enemies":"2 Louse","floor":5,"turns":3},{"damage":0,"enemies":"Looter","floor":7,"turns":4},{"damage":25,"enemies":"3 Sentries","floor":10,"turns":7},{"damage":8,"enemies":"Gremlin Gang","floor":13,"turns":5},{"damage":22,"enemies":"Lagavulin","floor":14,"turns":5},{"damage":64,"enemies":"Hexaghost","floor":16,"turns":12},{"damage":36,"enemies":"3 Byrds","floor":18,"turns":6},{"damage":25,"enemies":"Spheric Guardian","floor":19,"turns":4},{"damage":27,"enemies":"Centurion and Healer","floor":20,"turns":4},{"damage":36,"enemies":"Sentry and Sphere","floor":24,"turns":5},{"damage":33,"enemies":"Snake Plant","floor":27,"turns":4},{"damage":31,"enemies":"Snecko","floor":31,"turns":5},{"damage":17,"enemies":"Champ","floor":33,"turns":7},{"damage":24,"enemies":"3 Shapes","floor":35,"turns":3},{"damage":6,"enemies":"Orb Walker","floor":37,"turns":2},{"damage":14,"enemies":"Spire Growth","floor":38,"turns":4},{"damage":1,"enemies":"Jaw Worm Horde","floor":39,"turns":3},{"damage":30,"enemies":"Writhing Mass","floor":41,"turns":8},{"damage":27,"enemies":"Maw","floor":44,"turns":5},{"damage":28,"enemies":"4 Shapes","floor":45,"turns":4},{"damage":12,"enemies":"Writhing Mass","floor":46,"turns":4},{"damage":7,"enemies":"Sphere and 2 Shapes","floor":48,"turns":3},{"damage":97,"enemies":"Time Eater","floor":50,"turns":8}],"seed_played":"4408539548823174214","potions_obtained":[{"floor":4,"key":"Energy Potion"},{"floor":4,"key":"EssenceOfSteel"},{"floor":4,"key":"FairyPotion"},{"floor":10,"key":"SneckoOil"},{"floor":13,"key":"SteroidPotion"},{"floor":14,"key":"BloodPotion"},{"floor":19,"key":"BloodPotion"},{"floor":20,"key":"Poison Potion"},{"floor":33,"key":"SpeedPotion"},{"floor":37,"key":"Explosive Potion"},{"floor":46,"key":"Regen Potion"},{"floor":48,"key":"LiquidBronze"}],"is_trial":false,"path_per_floor":["M","M","$","?","M","R","M","?","T","E","?","R","M","E","R","B",null,"M","M","M","?","$","R","M","R","T","M","$","?","R","M","R","B",null,"M","$","M","M","M","R","M","R","T","M","M","M","$","M","R","B",null],"character_chosen":"IRONCLAD","items_purchased":["Carnage","Body Slam+1"],"campfire_rested":5,"item_purchase_floors":[3,22],"current_hp_per_floor":[70,69,69,69,75,75,80,80,80,61,61,61,59,55,79,41,80,54,47,46,46,46,71,53,53,53,38,38,38,63,50,75,64,84,70,70,74,66,75,75,67,67,67,58,48,54,54,62,92,28],"gold":111,"neow_bonus":"RANDOM_COMMON_RELIC","is_prod":false,"is_daily":false,"chose_seed":false,"campfire_upgraded":5,"win_rate":0,"timestamp":1549949751,"path_taken":["M","M","$","?","?","R","M","?","T","E","?","R","?","E","R","BOSS","M","M","M","?","$","R","M","R","T","M","?","?","R","M","R","BOSS","M","$","M","M","M","R","M","R","T","M","M","M","$","M","R","BOSS"],"build_version":"2019-01-23","purchased_purges":4,"victory":true,"max_hp_per_floor":[80,80,80,80,80,80,80,80,80,80,80,80,80,80,80,80,80,84,84,84,84,84,84,84,84,84,84,84,84,84,84,84,84,84,88,88,92,92,96,96,100,100,100,100,100,100,100,100,100,100],"card_choices":[{"not_picked":["Shockwave","Sword Boomerang"],"picked":"Cleave","floor":1},{"not_picked":["Twin Strike","Flex"],"picked":"Body Slam","floor":2},{"not_picked":["Searing Blow","Double Tap"],"picked":"Disarm","floor":5},{"not_picked":["Dual Wield","Cleave"],"picked":"Thunderclap","floor":7},{"not_picked":["Intimidate","Second Wind"],"picked":"Carnage","floor":10},{"not_picked":["Thunderclap","Cleave"],"picked":"Pommel Strike","floor":13},{"not_picked":["Uppercut","Flame Barrier"],"picked":"Heavy Blade","floor":14},{"not_picked":["Juggernaut","Brutality"],"picked":"Feed+1","floor":16},{"not_picked":["Anger+1","Evolve"],"picked":"Heavy Blade+1","floor":18},{"not_picked":["Heavy Blade+1","Perfected Strike+1"],"picked":"Demon Form","floor":19},{"not_picked":["Carnage+1","Sword Boomerang+1"],"picked":"Clash+1","floor":20},{"not_picked":["Anger+1","Headbutt+1"],"picked":"Rampage+1","floor":24},{"not_picked":["Seeing Red+1","Power Through"],"picked":"Entrench+1","floor":27},{"not_picked":["Headbutt+1","Reckless Charge+1"],"picked":"Pommel Strike+1","floor":31},{"not_picked":["Brutality","Dark Embrace"],"picked":"Double Tap","floor":33},{"not_picked":["Cleave+1","Clothesline+1"],"picked":"Armaments","floor":35},{"not_picked":["Perfected Strike+1","Dual Wield+1"],"picked":"Iron Wave+1","floor":37},{"not_picked":["Pummel+1","Heavy Blade+1"],"picked":"Iron Wave+1","floor":38},{"not_picked":["Headbutt+1","Fire Breathing"],"picked":"Pommel Strike+1","floor":39},{"not_picked":["Double Tap","Flex"],"picked":"Body Slam+1","floor":41},{"not_picked":["Rage","Hemokinesis+1"],"picked":"Headbutt+1","floor":44},{"not_picked":["Warcry+1","Wild Strike+1","Demon Form"],"picked":"SKIP","floor":45},{"not_picked":["Headbutt+1","Armaments","Flex"],"picked":"SKIP","floor":46},{"not_picked":["Perfected Strike+1","Battle Trance","Brutality"],"picked":"SKIP","floor":48}],"player_experience":38762,"relics_obtained":[{"floor":9,"key":"Meat on the Bone"},{"floor":10,"key":"Nunchaku"},{"floor":14,"key":"Molten Egg 2"},{"floor":26,"key":"Gremlin Horn"},{"floor":43,"key":"Mummified Hand"}],"event_choices":[{"damage_healed":0,"gold_gain":0,"player_choice":"Got Potions","damage_taken":0,"max_hp_gain":0,"max_hp_loss":0,"event_name":"Lab","floor":4,"gold_loss":0},{"damage_healed":0,"gold_gain":0,"player_choice":"Leave","damage_taken":0,"max_hp_gain":0,"max_hp_loss":0,"event_name":"The Cleric","floor":8,"gold_loss":0},{"cards_removed":["Strike_R"],"damage_healed":0,"gold_gain":0,"player_choice":"Purged","damage_taken":0,"max_hp_gain":0,"max_hp_loss":0,"event_name":"Purifier","floor":11,"gold_loss":0},{"damage_healed":0,"gold_gain":0,"player_choice":"Paid Gold","damage_taken":0,"relics_obtained":["Happy Flower"],"max_hp_gain":0,"max_hp_loss":0,"event_name":"WeMeetAgain","floor":21,"gold_loss":63},{"damage_healed":0,"gold_gain":0,"player_choice":"Ignored","damage_taken":0,"max_hp_gain":0,"max_hp_loss":0,"event_name":"Cursed Tome","floor":29,"gold_loss":0}],"is_beta":false,"boss_relics":[{"not_picked":["Fusion Hammer","Calling Bell"],"picked":"Philosopher\u0027s Stone"},{"not_picked":["Sozu","Coffee Dripper"],"picked":"Cursed Key"}],"items_purged_floors":[3,22,36,47],"is_endless":false,"potions_floor_spawned":[10,13,14,19,20,33,37,45,46,48],"ascension_level":1}