{"gold_per_floor":[361,536,547,547,127,127,143,171,248,268,294,314,314,331,331,428,428,444,454,464,64,80,80,80,95,95,95,112,22,50,69,69,171,171,181,198,0,0,18,43,43,56,105,117,4,4,4,17,17,17],"floor_reached":51,"playtime":4215,"items_purged":["Doubt"],"score":1001,"play_id":"de30cb28-3ed1-492c-b5d4-0f41b85118ba","local_time":"20190205211906","is_ascension_mode":true,"campfire_choices":[{"data":"Neutralize","floor":6.0,"key":"SMITH"},{"data":"After Image","floor":13.0,"key":"SMITH"},{"data":"Caltrops","floor":15.0,"key":"SMITH"},{"data":"Adrenaline","floor":23,"key":"SMITH"},{"data":"Blade Dance","floor":27,"key":"SMITH"},{"data":"Calculated Gamble","floor":32,"key":"SMITH"},{"floor":44,"key":"REST"},{"floor":49,"key":"REST"}],"neow_cost":"TEN_PERCENT_HP_LOSS","seed_source_timestamp":0,"circlet_count":0,"master_deck":["Defend_G+1","Defend_G+1","Defend_G+1","Defend_G+1","Strike_G+1","Strike_G+1","Survivor+1","Neutralize+1","Underhanded Strike+1","Caltrops+1","Dash+1","Terror+1","After Image+1","Blade Dance+1","Well Laid Plans+1","Outmaneuver+1","Sucker Punch+1","Unload+1","Cloak And Dagger+1","Quick Slash+1","Blade Dance+1","Adrenaline+1","Acrobatics+1","Caltrops+1","Blade Dance+1","Riddle With Holes+1","Flying Knee+1","Doppelganger+1","Blade Dance+1","Blade Dance+1","Calculated Gamble+1","After Image+1","Underhanded Strike+1","Blur+1","Backflip+1","Accuracy+1","Footwork+1","Finesse+1","Cloak And Dagger+1"],"special_seed":0,"relics":["Ring of the Snake","Lantern","TwistedFunnel","Blood Vial","Frozen Egg 2","Happy Flower","Sozu","Bronze Scales","Oddly Smooth Stone","Juzu Bracelet","Fusion Hammer","Red Mask","Boot","MawBank","Mark of the Bloom"],"potions_floor_usage":[],"damage_taken":[{"damage":1.0,"enemies":"Small Slimes","floor":1.0,"turns":6.0},{"damage":21.0,"enemies":"Jaw Worm","floor":3.0,"turns":9.0},{"damage":0.0,"enemies":"Cultist","floor":7.0,"turns":3.0},{"damage":13.0,"enemies":"Gremlin Nob","floor":8.0,"turns":4.0},{"damage":0.0,"enemies":"Exordium Wildlife","floor":10.0,"turns":5.0},{"damage":3.0,"enemies":"3 Sentries","floor":11.0,"turns":9.0},{"damage":0.0,"enemies":"Looter","floor":12.0,"turns":4.0},{"damage":0.0,"enemies":"Lots of Slimes","floor":14.0,"turns":2.0},{"damage":9.0,"enemies":"Slime Boss","floor":16.0,"turns":11.0},{"damage":0.0,"enemies":"Chosen","floor":18.0,"turns":4.0},{"damage":0.0,"enemies":"3 Byrds","floor":19.0,"turns":4.0},{"damage":14.0,"enemies":"Snake Plant","floor":20.0,"turns":5.0},{"damage":0.0,"enemies":"Snecko","floor":22.0,"turns":5.0},{"damage":5,"enemies":"Centurion and Healer","floor":25,"turns":5},{"damage":0,"enemies":"Shelled Parasite and Fungi","floor":28,"turns":4},{"damage":0,"enemies":"Gremlin Leader","floor":30,"turns":7},{"damage":4,"enemies":"Snake Plant","floor":31,"turns":3},{"damage":18,"enemies":"Champ","floor":33,"turns":10},{"damage":0,"enemies":"3 Darklings","floor":35,"turns":5},{"damage":5,"enemies":"3 Shapes","floor":36,"turns":4},{"damage":0,"enemies":"Spire Growth","floor":39,"turns":5},{"damage":21,"enemies":"Reptomancer","floor":40,"turns":6},{"damage":0,"enemies":"Sphere and 2 Shapes","floor":42,"turns":4},{"damage":0,"enemies":"4 Shapes","floor":48,"turns":4},{"damage":18,"enemies":"Awakened One","floor":50,"turns":11}],"seed_played":"1233352034324152889","potions_obtained":[{"floor":1.0,"key":"LiquidBronze"},{"floor":8.0,"key":"SteroidPotion"},{"floor":11.0,"key":"GhostInAJar"},{"floor":16.0,"key":"Energy Potion"}],"is_trial":false,"path_per_floor":["?","?","M","?","?","?","?","?","?"],"character_chosen":"THE_SILENT","items_purchased":["Lantern","TwistedFunnel","Adrenaline","Acrobatics","Bronze Scales","Caltrops+1","Footwork+1","Finesse"],"campfire_rested":2,"item_purchase_floors":[5,5,21,21,21,21,45,45],"current_hp_per_floor":[62,62,41,41,41,41,41,28,28,30,29,31,31,33,33,26,54,56,58,46,46,48,48,48,45,45,45,47,47,49,47,47,31,55,57,54,54,54,56,37,37,39,39,57,57,57,57,57,57,39],"gold":17,"neow_bonus":"TWO_FIFTY_GOLD","is_prod":false,"is_daily":false,"chose_seed":false,"campfire_upgraded":6,"win_rate":0,"timestamp":1549369146,"path_taken":["M","?","M","?","$","R","M","E","T","M","E","M","R","M","R","BOSS","M","M","M","$","?","R","?","M","T","R","M","?","E","M","R","BOSS","M","M","?","?","M","E","?","M","T","R","$","?","$","M","R","BOSS"],"build_version":"2019-01-23","purchased_purges":1,"victory":true,"max_hp_per_floor":[63,63,63,63,63,63,63,63,63,63,63,63,63,63,63,63,63,63,63,63,63,63,63,63,63,63,63,63,63,63,63,63,63,63,63,63,63,60,60,60,60,60,60,60,60,60,60,60,60,60],"card_choices":[{"not_picked":["Calculated Gamble","Concentrate"],"picked":"Underhanded Strike","floor":1.0},{"not_picked":["Cloak And Dagger","Dash"],"picked":"Caltrops","floor":3.0},{"not_picked":["Slice","Acrobatics"],"picked":"Terror","floor":7.0},{"not_picked":["PiercingWail","Caltrops"],"picked":"After Image","floor":8.0},{"not_picked":["Underhanded Strike","Dash"],"picked":"Blade Dance","floor":10.0},{"not_picked":["Slice","Quick Slash"],"picked":"Well Laid Plans+1","floor":11.0},{"not_picked":["Sucker Punch","Heel Hook"],"picked":"Outmaneuver","floor":12.0},{"not_picked":["Blade Dance","Underhanded Strike"],"picked":"Sucker Punch","floor":14.0},{"not_picked":["Wraith Form v2+1","Bullet Time"],"picked":"Unload","floor":16.0},{"not_picked":["Quick Slash","Concentrate+1"],"picked":"Cloak And Dagger+1","floor":18.0},{"not_picked":["Bouncing Flask","Sucker Punch"],"picked":"Quick Slash","floor":19.0},{"not_picked":["Slice","Poisoned Stab"],"picked":"Blade Dance","floor":20.0},{"not_picked":["Bouncing Flask","Underhanded Strike"],"picked":"Blade Dance","floor":22},{"not_picked":["Heel Hook","Outmaneuver"],"picked":"Doppelganger","floor":25},{"not_picked":["Slice","Dagger Spray"],"picked":"Blade Dance+1","floor":28},{"not_picked":["Prepared","Bane"],"picked":"Blade Dance+1","floor":30},{"not_picked":["Sucker Punch+1","Poisoned Stab"],"picked":"Calculated Gamble","floor":31},{"not_picked":["Unload","Burst"],"picked":"After Image+1","floor":33},{"not_picked":["Outmaneuver","Deflect+1"],"picked":"Underhanded Strike+1","floor":35},{"not_picked":["Deflect+1","Poisoned Stab","Outmaneuver"],"picked":"SKIP","floor":36},{"not_picked":["Terror+1","Glass Knife"],"picked":"Blur","floor":39},{"not_picked":["Malaise","Quick Slash+1"],"picked":"Backflip+1","floor":40},{"not_picked":["Underhanded Strike","All Out Attack"],"picked":"Accuracy+1","floor":42},{"not_picked":["Acrobatics","Reflex"],"picked":"Cloak And Dagger+1","floor":48}],"player_experience":244410,"relics_obtained":[{"floor":8.0,"key":"Blood Vial"},{"floor":9.0,"key":"Frozen Egg 2"},{"floor":11.0,"key":"Happy Flower"},{"floor":26,"key":"Oddly Smooth Stone"},{"floor":30,"key":"Juzu Bracelet"},{"floor":40,"key":"Boot"},{"floor":43,"key":"MawBank"}],"event_choices":[{"damage_healed":0.0,"max_hp_gain":0.0,"max_hp_loss":0.0,"gold_gain":175.0,"event_name":"Liars Game","player_choice":"AGREE","floor":2.0,"gold_loss":0.0,"damage_taken":0.0,"cards_obtained":["Doubt"]},{"damage_healed":0.0,"max_hp_gain":0.0,"max_hp_loss":0.0,"gold_gain":0.0,"cards_transformed":["Strike_G"],"event_name":"Transmorgrifier","player_choice":"Transformed","floor":4.0,"gold_loss":0.0,"damage_taken":0.0,"cards_obtained":["Dash"]},{"damage_healed":0,"gold_gain":0,"cards_transformed":["Defend_G","Strike_G"],"player_choice":"Became Test Subject","damage_taken":0,"max_hp_gain":0,"max_hp_loss":0,"event_name":"Drug Dealer","floor":24,"gold_loss":0,"cards_obtained":["Riddle With Holes","Flying Knee"]},{"cards_removed":["Strike_G"],"damage_healed":0,"gold_gain":0,"player_choice":"Upgrade and Remove","damage_taken":0,"max_hp_gain":0,"max_hp_loss":0,"event_name":"Designer","floor":29,"gold_loss":90,"cards_upgraded":["Acrobatics"]},{"damage_healed":0,"gold_gain":0,"player_choice":"Paid","damage_taken":0,"relics_obtained":["Red Mask"],"max_hp_gain":0,"max_hp_loss":0,"event_name":"Tomb of Lord Red Mask","floor":37,"gold_loss":198},{"damage_healed":0,"gold_gain":0,"player_choice":"Max HP","damage_taken":0,"max_hp_gain":0,"max_hp_loss":3,"event_name":"Winding Halls","floor":38,"gold_loss":0},{"damage_healed":0,"gold_gain":0,"player_choice":"Ignored","damage_taken":0,"max_hp_gain":0,"max_hp_loss":0,"event_name":"SecretPortal","floor":41,"gold_loss":0},{"damage_healed":0,"gold_gain":0,"player_choice":"Upgrade","damage_taken":0,"relics_obtained":["Mark of the Bloom"],"max_hp_gain":0,"max_hp_loss":0,"event_name":"MindBloom","floor":46,"gold_loss":0,"cards_upgraded":["Defend_G","Defend_G","Defend_G","Defend_G","Strike_G","Strike_G","Survivor","Underhanded Strike","Dash","Terror","Outmaneuver","Sucker Punch","Unload","Quick Slash","Blade Dance","Blade Dance","Riddle With Holes","Flying Knee","Doppelganger","Blur","Finesse"]}],"is_beta":false,"boss_relics":[{"not_picked":["White Beast Statue","Cursed Key"],"picked":"Sozu"},{"not_picked":["Coffee Dripper","Ring of the Serpent"],"picked":"Fusion Hammer"}],"items_purged_floors":[5],"is_endless":false,"potions_floor_spawned":[1,8,11,16,20,22,31,33,36,39,40,42],"ascension_level":7}