{"path_per_floor":["M","$","M","?","$","R","E","R","T","?","M","M","M","$","R","B",null,"M","M","$","M","?"],"character_chosen":"IRONCLAD","items_purchased":[],"gold_per_floor":[116,116,132,132,57,57,89,89,89,89,109,125,136,36,36,140,140,154,172,47,58,328],"floor_reached":23,"campfire_rested":0,"playtime":969,"current_hp_per_floor":[80,80,80,80,80,80,80,80,80,64,69,70,65,65,65,45,80,79,75,75,77,45],"items_purged":["Regret","Defend_R","Normality"],"gold":328,"score":216,"play_id":"3f7d6480-7004-457b-9441-156677be1242","local_time":"20180302210202","is_prod":false,"is_daily":false,"is_ascension_mode":false,"campfire_upgraded":3,"timestamp":1520020922,"path_taken":["M","$","M","?","$","R","E","R","T","?","?","M","M","$","R","BOSS","M","M","$","M","?","E"],"build_version":"2018-03-01-PROD1","purchased_purges":3,"victory":false,"master_deck":["Strike_R","Strike_R","Strike_R","Strike_R+1","Strike_R","Defend_R","Defend_R","Defend_R","Bash+1","Clash+1","True Grit+1","Juggernaut+1","Uppercut+1","Ghostly Armor","Armaments","Offering","Injury","Injury","Iron Wave","Feel No Pain+1","Dual Wield"],"max_hp_per_floor":[80,80,80,80,80,80,80,80,80,80,80,80,80,80,80,80,80,80,80,80,80,80],"relics":["Burning Blood","NeowsBlessing","Happy Flower","Frozen Egg 2","Sundial","Calling Bell","Ancient Tea Set","Toolbox","Paper Frog"],"card_choices":[{"not_picked":["Burning Pact","Heavy Blade"],"picked":"Clash"},{"not_picked":["Anger","Heavy Blade"],"picked":"True Grit"},{"not_picked":["Battle Trance","Fiend Fire"],"picked":"Juggernaut"},{"not_picked":["Battle Trance","Pommel Strike"],"picked":"Uppercut"},{"not_picked":["Infernal Blade","Heavy Blade"],"picked":"Ghostly Armor"},{"not_picked":["Rupture","Pummel"],"picked":"Armaments"},{"not_picked":["Feed","Barricade"],"picked":"Offering"},{"not_picked":["Wild Strike","Dark Embrace"],"picked":"Iron Wave"},{"not_picked":["Wild Strike","Second Wind"],"picked":"Feel No Pain"},{"not_picked":["Warcry","Iron Wave"],"picked":"Dual Wield"}],"player_experience":174033,"potions_floor_usage":[23,23],"damage_taken":[{"damage":0,"enemies":"Jaw Worm","floor":1,"turns":1},{"damage":0,"enemies":"2 Louse","floor":3,"turns":1},{"damage":0,"enemies":"Gremlin Nob","floor":7,"turns":1},{"damage":1,"enemies":"Small Slimes","floor":11,"turns":3},{"damage":5,"enemies":"3 Louse","floor":12,"turns":3},{"damage":11,"enemies":"Gremlin Gang","floor":13,"turns":7},{"damage":26,"enemies":"Slime Boss","floor":16,"turns":8},{"damage":7,"enemies":"Shell Parasite","floor":18,"turns":3},{"damage":10,"enemies":"Chosen","floor":19,"turns":6},{"damage":4,"enemies":"Snecko","floor":21,"turns":5},{"damage":53,"enemies":"Gremlin Leader","floor":23,"turns":6}],"event_choices":[{"event_name":"Big Fish","player_choice":"Box","floor":4,"damage_taken":0},{"event_name":"Shining Light","player_choice":"Entered Light","floor":10,"damage_taken":0},{"event_name":"Knowing Skull","player_choice":"GOLD GOLD GOLD ","floor":22,"damage_taken":0}],"boss_relics":[{"not_picked":["Runic Dome","Velvet Choker"],"picked":"Calling Bell"}],"potions_floor_spawned":[12,16,19],"seed_played":"-6900622686422173530","killed_by":"Gremlin Leader","ascension_level":0,"is_trial":false}