{"gold_per_floor":[118,135,310,324,276,276,295,295,344,344,379,379,407,141,141,245,245,257,12,26,45,60,60,70,70,70,70,70,82,82,37,37,132,132,147,162,174,25,43,43,0,0,48,48,48,59,59,73,73,73],"floor_reached":50,"playtime":1989,"items_purged":["Doubt","Defend_R"],"score":635,"play_id":"6880426b-4e11-4cb2-9247-36fb34505668","local_time":"20190115115701","is_ascension_mode":true,"campfire_choices":[{"data":"Perfected Strike","floor":6.0,"key":"SMITH"},{"data":"Bash","floor":10.0,"key":"SMITH"},{"floor":12.0,"key":"REST"},{"floor":15.0,"key":"REST"},{"floor":23.0,"key":"REST"},{"floor":25.0,"key":"REST"},{"floor":28.0,"key":"REST"},{"data":"True Grit","floor":32.0,"key":"SMITH"},{"data":"Limit Break","floor":40.0,"key":"SMITH"},{"floor":42.0,"key":"REST"},{"data":"J.A.X.","floor":47.0,"key":"SMITH"},{"floor":49.0,"key":"REST"}],"neow_cost":"NONE","seed_source_timestamp":55957347833971,"circlet_count":0,"master_deck":["Strike_R","Strike_R","Strike_R","Strike_R","Strike_R","Defend_R","Defend_R","Defend_R+1","Bash+1","Thunderclap","Perfected Strike+1","Twin Strike","Armaments+1","Wild Strike","Thunderclap","Cleave","Perfected Strike+1","Clash+1","Uppercut+1","Twin Strike","J.A.X.+1","Twin Strike","True Grit+1","Limit Break+1","Pommel Strike","Rage+1","Power Through+1","Perfected Strike+1","Pummel+1"],"special_seed":0,"relics":["Burning Blood","Bronze Scales","Smiling Mask","Frozen Egg 2","Matryoshka","Strange Spoon","Lizard Tail","Lee\u0027s Waffle","Red Skull","Blue Candle","Snecko Eye","Vajra","Red Mask","War Paint","PreservedInsect"],"potions_floor_usage":[50],"damage_taken":[{"damage":0.0,"enemies":"Small Slimes","floor":1.0,"turns":2.0},{"damage":11.0,"enemies":"Jaw Worm","floor":2.0,"turns":4.0},{"damage":1.0,"enemies":"Cultist","floor":4.0,"turns":3.0},{"damage":11.0,"enemies":"Blue Slaver","floor":7.0,"turns":4.0},{"damage":25.0,"enemies":"Lagavulin","floor":11.0,"turns":6.0},{"damage":35.0,"enemies":"3 Sentries","floor":13.0,"turns":8.0},{"damage":8.0,"enemies":"Slime Boss","floor":16.0,"turns":8.0},{"damage":39.0,"enemies":"Spheric Guardian","floor":18.0,"turns":5.0},{"damage":7.0,"enemies":"3 Byrds","floor":20.0,"turns":4.0},{"damage":53.0,"enemies":"Shelled Parasite and Fungi","floor":21.0,"turns":4.0},{"damage":46.0,"enemies":"3 Cultists","floor":22.0,"turns":5.0},{"damage":25.0,"enemies":"Cultist and Chosen","floor":24.0,"turns":5.0},{"damage":13.0,"enemies":"Snecko","floor":29.0,"turns":3.0},{"damage":101.0,"enemies":"Champ","floor":33.0,"turns":9.0},{"damage":44.0,"enemies":"3 Shapes","floor":35.0,"turns":6.0},{"damage":0.0,"enemies":"Orb Walker","floor":36.0,"turns":1.0},{"damage":27.0,"enemies":"Sphere and 2 Shapes","floor":37.0,"turns":5.0},{"damage":23.0,"enemies":"Maw","floor":39.0,"turns":5.0},{"damage":48.0,"enemies":"4 Shapes","floor":46.0,"turns":6.0},{"damage":29.0,"enemies":"Sphere and 2 Shapes","floor":48.0,"turns":5.0},{"damage":68,"enemies":"Donu and Deca","floor":50,"turns":5}],"seed_played":"6073500465471063600","potions_obtained":[{"floor":1.0,"key":"AttackPotion"},{"floor":4.0,"key":"Swift Potion"},{"floor":11.0,"key":"Regen Potion"},{"floor":20.0,"key":"LiquidBronze"},{"floor":35.0,"key":"EssenceOfSteel"},{"floor":37.0,"key":"Energy Potion"},{"floor":46.0,"key":"Block Potion"}],"is_trial":false,"path_per_floor":["M","M","?","M","$","R","M","?","T","R","E","R","E","$","R","B",null,"M","$","M","M","M","R","M","R","T","?","R","M","?","$","R","B",null,"M","M","M","$","M","R","?","R","T","$","?","M","R","M","R","B"],"character_chosen":"IRONCLAD","items_purchased":["Armaments","Strange Spoon","Cleave","Lee\u0027s Waffle","True Grit","Vajra"],"campfire_rested":7,"item_purchase_floors":[5,14,14,19,31,38],"current_hp_per_floor":[78,73,73,78,78,78,73,61,61,61,42,66,37,37,61,59,75,42,87,87,40,12,38,19,45,45,45,71,64,47,47,47,14,73,44,50,29,29,24,24,24,51,51,51,102,60,60,37,67,0],"gold":73,"neow_bonus":"THREE_CARDS","is_prod":false,"is_daily":false,"chose_seed":false,"campfire_upgraded":5,"win_rate":0,"timestamp":1547571421,"path_taken":["M","M","?","M","$","R","M","?","T","R","E","R","E","?","R","BOSS","M","$","M","M","M","R","?","R","T","?","R","M","?","$","R","BOSS","M","M","M","$","M","R","?","R","T","$","?","M","R","?","R","BOSS"],"build_version":"2019-01-10","purchased_purges":2,"victory":false,"max_hp_per_floor":[80,80,80,80,80,80,80,80,80,80,80,80,80,80,80,80,80,80,87,87,87,87,87,87,87,87,87,87,87,92,92,92,92,92,92,92,92,92,92,92,92,92,92,92,102,102,102,102,102,102],"card_choices":[{"not_picked":["Twin Strike","Rampage"],"picked":"Thunderclap","floor":0.0},{"not_picked":["Entrench","True Grit"],"picked":"Perfected Strike","floor":1.0},{"not_picked":["Rampage","Anger","Combust"],"picked":"SKIP","floor":2.0},{"not_picked":["Rage","Battle Trance"],"picked":"Twin Strike","floor":4.0},{"not_picked":["Thunderclap","Havoc","Cleave"],"picked":"SKIP","floor":7.0},{"not_picked":["Anger","Sever Soul"],"picked":"Wild Strike","floor":11.0},{"not_picked":["Spot Weakness","Headbutt"],"picked":"Thunderclap","floor":13.0},{"not_picked":["Impervious","Bludgeon"],"picked":"Reaper","floor":16.0},{"not_picked":["Evolve+1","Hemokinesis+1"],"picked":"Perfected Strike+1","floor":18.0},{"not_picked":["Warcry","Armaments+1"],"picked":"Clash+1","floor":20.0},{"not_picked":["Clothesline+1","Havoc"],"picked":"Uppercut+1","floor":21.0},{"not_picked":["Uppercut","Body Slam","Anger"],"picked":"SKIP","floor":22.0},{"not_picked":["Pummel","True Grit"],"picked":"Twin Strike","floor":24.0},{"not_picked":["Reckless Charge+1","Headbutt+1"],"picked":"Twin Strike","floor":29.0},{"not_picked":["Offering","Fiend Fire"],"picked":"Limit Break","floor":33.0},{"not_picked":["Body Slam","Entrench","Thunderclap+1"],"picked":"SKIP","floor":35.0},{"not_picked":["Headbutt+1","Metallicize+1"],"picked":"Pommel Strike","floor":36.0},{"not_picked":["Havoc","True Grit"],"picked":"Rage+1","floor":37.0},{"not_picked":["Corruption+1","Blood for Blood"],"picked":"Power Through+1","floor":39.0},{"not_picked":["Sword Boomerang","Anger"],"picked":"Perfected Strike+1","floor":46.0},{"not_picked":["Rampage","Barricade+1"],"picked":"Pummel+1","floor":48.0}],"player_experience":377561,"relics_obtained":[{"floor":9.0,"key":"Smiling Mask"},{"floor":11.0,"key":"Frozen Egg 2"},{"floor":13.0,"key":"Matryoshka"},{"floor":26.0,"key":"Red Skull"},{"floor":26.0,"key":"Blue Candle"},{"floor":43.0,"key":"War Paint"},{"floor":43.0,"key":"PreservedInsect"}],"event_choices":[{"damage_healed":0.0,"max_hp_gain":0.0,"max_hp_loss":0.0,"gold_gain":175.0,"event_name":"Liars Game","player_choice":"AGREE","floor":3.0,"gold_loss":0.0,"damage_taken":0.0,"cards_obtained":["Doubt"]},{"damage_healed":0.0,"max_hp_gain":0.0,"max_hp_loss":0.0,"gold_gain":0.0,"event_name":"Scrap Ooze","player_choice":"Success","floor":8.0,"gold_loss":0.0,"damage_taken":12.0,"relics_obtained":["Bronze Scales"]},{"damage_healed":0.0,"max_hp_gain":0.0,"max_hp_loss":0.0,"gold_gain":0.0,"event_name":"Drug Dealer","player_choice":"Obtain J.A.X.","floor":27.0,"gold_loss":0.0,"damage_taken":0.0,"cards_obtained":["J.A.X."]},{"damage_healed":0.0,"max_hp_gain":5.0,"max_hp_loss":0.0,"gold_gain":0.0,"event_name":"Forgotten Altar","player_choice":"Shed Blood","floor":30.0,"gold_loss":0.0,"damage_taken":22.0},{"damage_healed":0.0,"max_hp_gain":0.0,"max_hp_loss":0.0,"gold_gain":0.0,"event_name":"Tomb of Lord Red Mask","player_choice":"Paid","floor":41.0,"gold_loss":43.0,"damage_taken":0.0,"relics_obtained":["Red Mask"]},{"cards_removed":["Reaper"],"damage_healed":41.0,"max_hp_gain":10.0,"max_hp_loss":0.0,"gold_gain":0.0,"event_name":"Bonfire Elementals","player_choice":"Offered Rare","floor":45.0,"gold_loss":0.0,"damage_taken":0.0}],"is_beta":false,"boss_relics":[{"not_picked":["Runic Cube","Runic Dome"],"picked":"Lizard Tail"},{"not_picked":["Velvet Choker","Black Star"],"picked":"Snecko Eye"}],"items_purged_floors":[14,19],"is_endless":false,"potions_floor_spawned":[1,4,11,16,20,24,29,35,37,46],"killed_by":"Donu and Deca","ascension_level":7}