{"gold_per_floor":[159,170,25,25,200,200,220,220,220,220,250,265,265,279,279,382,382,382],"floor_reached":18,"playtime":1188,"items_purged":["Strike_B"],"score":168,"play_id":"acda3a0c-6585-4fd5-af2a-3fb4626db396","local_time":"20190211133955","is_ascension_mode":true,"campfire_choices":[{"data":"Coolheaded","floor":6.0,"key":"SMITH"},{"data":"Loop","floor":10.0,"key":"SMITH"},{"data":"Self Repair","floor":13.0,"key":"SMITH"},{"data":"Compile Driver","floor":15.0,"key":"SMITH"}],"neow_cost":"NONE","seed_source_timestamp":1280381775060498,"circlet_count":0,"master_deck":["Strike_B","Strike_B+1","Defend_B","Defend_B","Defend_B","Defend_B","Zap+1","Dualcast","Coolheaded+1","Leap","Glacier+1","Loop+1","Doubt","Self Repair+1","Force Field","Compile Driver+1","Auto Shields","Buffer"],"special_seed":0,"relics":["Tiny House","Kunai","Omamori","Velvet Choker"],"potions_floor_usage":[16],"damage_taken":[{"damage":3.0,"enemies":"Small Slimes","floor":1.0,"turns":6.0},{"damage":1.0,"enemies":"Cultist","floor":2.0,"turns":4.0},{"damage":1.0,"enemies":"Jaw Worm","floor":7.0,"turns":5.0},{"damage":1.0,"enemies":"Lagavulin","floor":11.0,"turns":12.0},{"damage":8.0,"enemies":"Looter","floor":12.0,"turns":4.0},{"damage":5.0,"enemies":"3 Louse","floor":14.0,"turns":5.0},{"damage":25,"enemies":"Slime Boss","floor":16,"turns":16},{"damage":0,"enemies":"Shell Parasite","floor":18,"turns":3}],"seed_played":"1756875093081014246","potions_obtained":[{"floor":0.0,"key":"SkillPotion"},{"floor":2.0,"key":"Fire Potion"},{"floor":11.0,"key":"Ancient Potion"},{"floor":16,"key":"Swift Potion"}],"is_trial":false,"path_per_floor":["M","M","$","?","?","R","M","?","T","R","E","M","R","M","R","B",null,"M"],"character_chosen":"DEFECT","items_purchased":["Loop"],"campfire_rested":0,"item_purchase_floors":[3],"current_hp_per_floor":[77,76,76,60,60,60,59,59,59,59,65,64,64,69,69,54,80,80],"gold":382,"neow_bonus":"BOSS_RELIC","is_prod":false,"is_daily":false,"chose_seed":false,"campfire_upgraded":4,"win_rate":0,"timestamp":1549888795,"path_taken":["M","M","$","?","?","R","M","?","T","R","E","?","R","M","R","BOSS","M"],"build_version":"2019-01-23","purchased_purges":1,"victory":false,"max_hp_per_floor":[80,80,80,80,80,80,80,80,80,80,80,80,80,80,80,80,80,80],"card_choices":[{"not_picked":["Blizzard","Steam"],"picked":"Coolheaded","floor":0.0},{"not_picked":["Blizzard","Compile Driver"],"picked":"Leap","floor":1.0},{"not_picked":["Rebound","Reboot"],"picked":"Glacier","floor":2.0},{"not_picked":["Force Field","Turbo"],"picked":"Self Repair","floor":7.0},{"not_picked":["Steam","Rebound","Beam Cell"],"picked":"SKIP","floor":11.0},{"not_picked":["Hologram","Meteor Strike"],"picked":"Compile Driver","floor":12.0},{"not_picked":["Force Field","Darkness"],"picked":"Auto Shields","floor":14.0},{"not_picked":["Hyperbeam","Thunder Strike"],"picked":"Buffer","floor":16}],"player_experience":57938,"relics_obtained":[{"floor":9.0,"key":"Kunai"},{"floor":11.0,"key":"Omamori"}],"event_choices":[{"damage_healed":0.0,"max_hp_gain":0.0,"max_hp_loss":0.0,"gold_gain":0.0,"event_name":"Shining Light","player_choice":"Entered Light","floor":4.0,"gold_loss":0.0,"damage_taken":16.0,"cards_upgraded":["Zap","Glacier"]},{"damage_healed":0.0,"max_hp_gain":0.0,"max_hp_loss":0.0,"gold_gain":175.0,"event_name":"Liars Game","player_choice":"AGREE","floor":5.0,"gold_loss":0.0,"damage_taken":0.0,"cards_obtained":["Doubt"]},{"damage_healed":0.0,"max_hp_gain":0.0,"max_hp_loss":0.0,"gold_gain":0.0,"cards_transformed":["Strike_B"],"event_name":"Transmorgrifier","player_choice":"Transformed","floor":8.0,"gold_loss":0.0,"damage_taken":0.0,"cards_obtained":["Force Field"]}],"is_beta":false,"boss_relics":[{"not_picked":["White Beast Statue","Astrolabe"],"picked":"Velvet Choker"}],"items_purged_floors":[3],"is_endless":false,"potions_floor_spawned":[2,11,14,16],"killed_by":"Shell Parasite","ascension_level":1}