{"gold_per_floor":[113,123,123,141,141,141,160,174,199,199,220,295,310,351,351,472,472,492,506,506,520,62,62,161,161,187,210,210,223,248,266,266,266],"floor_reached":33,"playtime":3428,"items_purged":["Strike_R"],"score":253,"play_id":"ad598dd0-3a22-43fc-b7be-7340497bddd4","local_time":"20190211020811","is_ascension_mode":false,"campfire_choices":[{"data":"Pommel Strike","floor":6,"key":"SMITH"},{"data":"Armaments","floor":10,"key":"SMITH"},{"floor":15,"key":"REST"},{"data":"True Grit","floor":23,"key":"SMITH"},{"data":"Pommel Strike","floor":25,"key":"SMITH"},{"floor":32,"key":"REST"}],"neow_cost":"NONE","seed_source_timestamp":317406093057000,"circlet_count":0,"master_deck":["Strike_R","Strike_R","Strike_R","Strike_R","Defend_R","Defend_R","Defend_R","Defend_R","Bash","Pommel Strike+1","True Grit+1","Anger","Armaments+1","Pommel Strike","Cleave","Twin Strike","Pommel Strike+1","Offering","Clash+1","Ghostly Armor","Power Through+1","Clash","Flame Barrier","Entrench","Infernal Blade","Whirlwind+1","Clash+1"],"relics":["Burning Blood","Golden Idol","Anchor","Red Skull","Velvet Choker","MutagenicStrength","Kunai","Happy Flower","Girya"],"potions_floor_usage":[8,16,16,33],"damage_taken":[{"damage":2,"enemies":"2 Louse","floor":1,"turns":3},{"damage":5,"enemies":"Small Slimes","floor":2,"turns":3},{"damage":4,"enemies":"Jaw Worm","floor":4,"turns":5},{"damage":6,"enemies":"Red Slaver","floor":7,"turns":5},{"damage":7,"enemies":"Blue Slaver","floor":8,"turns":3},{"damage":10,"enemies":"3 Louse","floor":11,"turns":4},{"damage":0,"enemies":"Looter","floor":13,"turns":3},{"damage":29,"enemies":"Gremlin Nob","floor":14,"turns":5},{"damage":32,"enemies":"Hexaghost","floor":16,"turns":9},{"damage":6,"enemies":"Chosen","floor":18,"turns":4},{"damage":6,"enemies":"Shell Parasite","floor":19,"turns":3},{"damage":15,"enemies":"Snecko","floor":21,"turns":3},{"damage":23,"enemies":"Sentry and Sphere","floor":27,"turns":6},{"damage":11,"enemies":"Snake Plant","floor":29,"turns":5},{"damage":24,"enemies":"3 Cultists","floor":30,"turns":6},{"damage":0,"enemies":"Snecko","floor":31,"turns":4},{"damage":68,"enemies":"Champ","floor":33,"turns":14}],"seed_played":"65922837216047085","potions_obtained":[{"floor":0,"key":"Strength Potion"},{"floor":0,"key":"Fruit Juice"},{"floor":0,"key":"SmokeBomb"},{"floor":1,"key":"SkillPotion"},{"floor":8,"key":"SpeedPotion"},{"floor":16,"key":"Fire Potion"},{"floor":19,"key":"GamblersBrew"},{"floor":21,"key":"Weak Potion"},{"floor":27,"key":"SteroidPotion"}],"is_trial":false,"path_per_floor":["M","M","?","M","?","R","M","M","T","R","M","?","M","E","R","B",null,"M","M","?","M","$","R","?","R","T","M","T","M","M","M","R","B"],"character_chosen":"IRONCLAD","items_purchased":["Kunai","Clash","Flame Barrier"],"campfire_rested":2,"item_purchase_floors":[22,22,22],"current_hp_per_floor":[80,80,80,80,60,60,60,64,64,64,60,49,55,32,57,31,85,85,85,85,76,76,76,76,76,76,59,59,54,36,42,67,0],"gold":266,"neow_bonus":"THREE_SMALL_POTIONS","is_prod":false,"is_daily":false,"chose_seed":false,"campfire_upgraded":4,"win_rate":0.0,"timestamp":1549868891,"path_taken":["M","M","?","M","?","R","M","M","T","R","M","?","M","E","R","BOSS","M","M","?","M","$","R","?","R","T","M","?","M","?","M","R","BOSS"],"build_version":"2019-01-23","purchased_purges":1,"victory":false,"max_hp_per_floor":[80,80,80,80,80,80,80,85,85,85,85,85,85,85,85,85,85,85,85,85,85,85,85,85,85,85,85,85,85,85,85,85,85],"card_choices":[{"not_picked":["Feel No Pain","Body Slam"],"picked":"Pommel Strike","floor":1},{"not_picked":["Warcry","Clash"],"picked":"True Grit","floor":2},{"not_picked":["Perfected Strike","Blood for Blood"],"picked":"Anger","floor":4},{"not_picked":["Twin Strike","Fiend Fire"],"picked":"Armaments","floor":7},{"not_picked":["Power Through","Body Slam"],"picked":"Pommel Strike","floor":8},{"not_picked":["Warcry","Dual Wield"],"picked":"Cleave","floor":11},{"not_picked":["Thunderclap","Barricade"],"picked":"Twin Strike","floor":13},{"not_picked":["Cleave","Corruption"],"picked":"Pommel Strike","floor":14},{"not_picked":["Double Tap","Berserk"],"picked":"Offering","floor":16},{"not_picked":["Dropkick","Burning Pact"],"picked":"Clash+1","floor":18},{"not_picked":["Iron Wave","Pommel Strike"],"picked":"Ghostly Armor","floor":19},{"not_picked":["Warcry","Entrench"],"picked":"Power Through+1","floor":21},{"not_picked":["Perfected Strike","Rupture+1"],"picked":"Entrench","floor":27},{"not_picked":["Thunderclap","Sword Boomerang+1"],"picked":"Infernal Blade","floor":29},{"not_picked":["Inflame+1","Clothesline+1"],"picked":"Whirlwind+1","floor":30},{"not_picked":["Blood for Blood+1","Headbutt+1"],"picked":"Clash+1","floor":31}],"player_experience":4701,"relics_obtained":[{"floor":9,"key":"Anchor"},{"floor":14,"key":"Red Skull"},{"floor":26,"key":"Happy Flower"},{"floor":28,"key":"Girya"}],"event_choices":[{"damage_healed":0,"gold_gain":0,"player_choice":"Ignored","damage_taken":0,"max_hp_gain":0,"max_hp_loss":0,"event_name":"Liars Game","floor":3,"gold_loss":0},{"damage_healed":0,"gold_gain":0,"player_choice":"Take Damage","damage_taken":20,"relics_obtained":["Golden Idol"],"max_hp_gain":0,"max_hp_loss":0,"event_name":"Golden Idol","floor":5,"gold_loss":0},{"damage_healed":0,"gold_gain":75,"player_choice":"Gather Gold","damage_taken":11,"max_hp_gain":0,"max_hp_loss":0,"event_name":"World of Goop","floor":12,"gold_loss":0},{"damage_healed":0,"gold_gain":0,"player_choice":"Inject Mutagens","damage_taken":0,"relics_obtained":["MutagenicStrength"],"max_hp_gain":0,"max_hp_loss":0,"event_name":"Drug Dealer","floor":20,"gold_loss":0},{"damage_healed":0,"gold_gain":99,"player_choice":"Stole From Cult","damage_taken":0,"max_hp_gain":0,"max_hp_loss":0,"event_name":"Nest","floor":24,"gold_loss":0}],"is_beta":false,"boss_relics":[{"not_picked":["Black Star","Empty Cage"],"picked":"Velvet Choker"}],"items_purged_floors":[22],"is_endless":false,"potions_floor_spawned":[1,2,8,16,19,21,27,29],"killed_by":"Champ","ascension_level":0}