{"gold_per_floor":[117,131,131,141,160,189,200,213,292,306,333,362,362,376,376,480,480,497,510,354,354,354,354,389,389,436,462,57,57,77,110,110,212,212,226,226,326,326,336,336,363,16,67,87,87,107,107,129,141,153],"floor_reached":51,"playtime":5128,"items_purged":["Strike_R+1"],"score":808,"play_id":"60cba4eb-06c2-410a-aa78-ea568ba60ceb","local_time":"20190128182219","is_ascension_mode":true,"campfire_choices":[{"data":"Bloodletting","floor":13,"key":"SMITH"},{"data":"Whirlwind","floor":15,"key":"SMITH"},{"data":"Juggernaut","floor":23,"key":"SMITH"},{"data":"Seeing Red","floor":29,"key":"SMITH"},{"data":"Metallicize","floor":32,"key":"SMITH"},{"floor":45,"key":"DIG"},{"floor":49,"key":"DIG"}],"neow_cost":"PERCENT_DAMAGE","seed_source_timestamp":1466572298200,"circlet_count":0,"master_deck":["Strike_R+1","Strike_R+1","Strike_R+1","Defend_R+1","Defend_R+1","Defend_R+1","Bash","Bloodletting+1","Ghostly Armor","Pummel","Rage+1","Whirlwind+1","Metallicize+1","Twin Strike+1","Fire Breathing","Hemokinesis","Heavy Blade","Perfected Strike","Juggernaut+1","Body Slam+1","Power Through+1","Blood for Blood","Seeing Red+1","Dark Shackles+1","Shrug It Off+1","Barricade","Reckless Charge","Good Instincts+1","Bandage Up+1","Mayhem","Writhe","Power Through+1","Seeing Red+1"],"relics":["Burning Blood","Pocketwatch","Pear","Whetstone","Incense Burner","Runic Pyramid","Vajra","Magic Flower","War Paint","Dream Catcher","Toxic Egg 2","Ancient Tea Set","Mark of Pain","Shovel","Sundial","ClockworkSouvenir","Pen Nib","Strawberry","Red Skull","MawBank","Oddly Smooth Stone"],"potions_floor_usage":[12,12,16,19,19,27,30,31,33,39,50,50],"damage_taken":[{"damage":12,"enemies":"Small Slimes","floor":1,"turns":6},{"damage":0,"enemies":"Cultist","floor":2,"turns":4},{"damage":4,"enemies":"Jaw Worm","floor":4,"turns":3},{"damage":10,"enemies":"Blue Slaver","floor":5,"turns":4},{"damage":29,"enemies":"3 Sentries","floor":6,"turns":8},{"damage":4,"enemies":"Exordium Wildlife","floor":7,"turns":3},{"damage":5,"enemies":"Looter","floor":8,"turns":4},{"damage":13,"enemies":"2 Fungi Beasts","floor":10,"turns":4},{"damage":3,"enemies":"Gremlin Nob","floor":12,"turns":2},{"damage":0,"enemies":"3 Louse","floor":14,"turns":3},{"damage":15,"enemies":"Slime Boss","floor":16,"turns":8},{"damage":5,"enemies":"Chosen","floor":18,"turns":4},{"damage":14,"enemies":"Shell Parasite","floor":19,"turns":5},{"damage":33,"enemies":"Slavers","floor":24,"turns":6},{"damage":23,"enemies":"Gremlin Leader","floor":27,"turns":7},{"damage":1,"enemies":"Snake Plant","floor":30,"turns":5},{"damage":19,"enemies":"Slavers","floor":31,"turns":5},{"damage":29,"enemies":"Automaton","floor":33,"turns":11},{"damage":3,"enemies":"3 Darklings","floor":35,"turns":1},{"damage":26,"enemies":"Mind Bloom Boss Battle","floor":37,"turns":6},{"damage":3,"enemies":"3 Shapes","floor":39,"turns":7},{"damage":12,"enemies":"Reptomancer","floor":41,"turns":6},{"damage":8,"enemies":"Sphere and 2 Shapes","floor":44,"turns":5},{"damage":26,"enemies":"Transient","floor":46,"turns":5},{"damage":20,"enemies":"Maw","floor":48,"turns":8},{"damage":80,"enemies":"Donu and Deca","floor":50,"turns":9}],"seed_played":"5880172702381787032","potions_obtained":[{"floor":2,"key":"AttackPotion"},{"floor":8,"key":"FearPotion"},{"floor":10,"key":"Swift Potion"},{"floor":12,"key":"PowerPotion"},{"floor":14,"key":"SteroidPotion"},{"floor":16,"key":"FearPotion"},{"floor":19,"key":"Fire Potion"},{"floor":27,"key":"Regen Potion"},{"floor":30,"key":"Explosive Potion"},{"floor":35,"key":"FearPotion"},{"floor":37,"key":"SmokeBomb"},{"floor":44,"key":"BloodPotion"},{"floor":48,"key":"Energy Potion"}],"is_trial":false,"path_per_floor":["M","M","?","M","M","E","M","M","T","M","T","E","R","M","R","B",null,"M","M","$","?","?","R","E","?","T","E","$","R","M","E","R","B",null,"M","?","?","?","M","?","E","$","T","M","R","M","T","M","R","B",null],"character_chosen":"IRONCLAD","items_purchased":["Vajra","Toxic Egg 2","Dark Shackles+1","ClockworkSouvenir","Pen Nib"],"campfire_rested":0,"item_purchase_floors":[20,28,28,42,42],"current_hp_per_floor":[50,56,80,80,76,53,55,56,66,59,59,62,62,68,68,59,90,90,82,82,82,82,82,55,55,55,41,41,41,71,61,61,41,90,90,80,72,90,90,90,90,90,97,97,97,80,80,78,78,30],"gold":165,"neow_bonus":"TRANSFORM_TWO_CARDS","is_prod":false,"is_daily":false,"chose_seed":false,"campfire_upgraded":5,"win_rate":0,"timestamp":1548696139,"path_taken":["M","M","?","M","M","E","M","M","T","?","?","E","R","M","R","BOSS","M","M","$","?","?","R","E","?","T","E","$","R","M","E","R","BOSS","M","?","?","?","M","?","E","$","T","M","R","?","?","M","R","BOSS"],"build_version":"2019-01-23","purchased_purges":1,"victory":true,"max_hp_per_floor":[80,80,80,80,80,80,80,80,90,90,90,90,90,90,90,90,90,90,90,90,90,90,90,90,90,90,90,90,90,90,90,90,90,90,90,90,90,90,90,90,90,90,97,97,97,97,97,97,97,97],"card_choices":[{"not_picked":["Armaments","Twin Strike"],"picked":"Ghostly Armor","floor":1},{"not_picked":["Inflame","Shockwave"],"picked":"Pummel","floor":2},{"not_picked":["Thunderclap","Reckless Charge"],"picked":"Rage","floor":4},{"not_picked":["Twin Strike","Shrug It Off"],"picked":"Whirlwind","floor":5},{"not_picked":["Perfected Strike","Dark Embrace"],"picked":"Metallicize","floor":6},{"not_picked":["True Grit","Thunderclap"],"picked":"Twin Strike","floor":7},{"not_picked":["Iron Wave","Twin Strike"],"picked":"Fire Breathing","floor":8},{"not_picked":["Fire Breathing","True Grit"],"picked":"Hemokinesis","floor":10},{"not_picked":["Corruption","Twin Strike"],"picked":"Heavy Blade","floor":12},{"not_picked":["Twin Strike","Heavy Blade"],"picked":"Perfected Strike","floor":14},{"not_picked":["Dark Embrace","Bludgeon"],"picked":"Juggernaut","floor":16},{"not_picked":["Twin Strike","Metallicize"],"picked":"Body Slam+1","floor":18},{"not_picked":["Twin Strike","Bloodletting"],"picked":"Power Through","floor":19},{"not_picked":["Clash","Offering"],"picked":"Blood for Blood","floor":24},{"not_picked":["Clash","Cleave"],"picked":"Seeing Red","floor":27},{"not_picked":["Metallicize","Headbutt","Perfected Strike"],"picked":"SKIP","floor":30},{"not_picked":["Pummel","Carnage"],"picked":"Shrug It Off+1","floor":31},{"not_picked":["Double Tap+1","Brutality"],"picked":"Barricade","floor":33},{"not_picked":["Headbutt","Pommel Strike+1"],"picked":"Reckless Charge","floor":35},{"not_picked":["Flash of Steel","Blind+1"],"picked":"Good Instincts+1","floor":36},{"not_picked":["Dark Shackles+1","Jack Of All Trades+1"],"picked":"Bandage Up+1","floor":36},{"not_picked":["Forethought+1","Bandage Up+1"],"picked":"Mayhem","floor":36},{"not_picked":["Pommel Strike+1","Clothesline"],"picked":"Power Through+1","floor":39},{"not_picked":["Metallicize+1","Ghostly Armor+1","Headbutt"],"picked":"SKIP","floor":41},{"not_picked":["Dropkick","Shockwave+1","Inflame"],"picked":"SKIP","floor":44},{"not_picked":["Clash+1","Fire Breathing+1"],"picked":"Seeing Red+1","floor":46},{"not_picked":["Perfected Strike","Searing Blow","Flex+1"],"picked":"SKIP","floor":48}],"player_experience":7633,"relics_obtained":[{"floor":6,"key":"Pocketwatch"},{"floor":9,"key":"Pear"},{"floor":11,"key":"Whetstone"},{"floor":12,"key":"Incense Burner"},{"floor":24,"key":"Magic Flower"},{"floor":26,"key":"War Paint"},{"floor":27,"key":"Dream Catcher"},{"floor":31,"key":"Ancient Tea Set"},{"floor":37,"key":"Shovel"},{"floor":41,"key":"Sundial"},{"floor":43,"key":"Strawberry"},{"floor":45,"key":"Red Skull"},{"floor":47,"key":"MawBank"},{"floor":49,"key":"Oddly Smooth Stone"}],"event_choices":[{"cards_removed":["Second Wind"],"damage_healed":24,"gold_gain":0,"player_choice":"Offered Uncommon","damage_taken":0,"max_hp_gain":0,"max_hp_loss":0,"event_name":"Bonfire Elementals","floor":3,"gold_loss":0},{"damage_healed":0,"gold_gain":0,"player_choice":"Simplicity","damage_taken":0,"max_hp_gain":0,"max_hp_loss":0,"event_name":"Back to Basics","floor":21,"gold_loss":0,"cards_upgraded":["Strike_R","Strike_R","Strike_R","Defend_R","Defend_R","Defend_R"]},{"damage_healed":0,"gold_gain":0,"player_choice":"Ignored","damage_taken":0,"max_hp_gain":0,"max_hp_loss":0,"event_name":"Beggar","floor":22,"gold_loss":0},{"damage_healed":0,"gold_gain":0,"player_choice":"Ignored","damage_taken":0,"max_hp_gain":0,"max_hp_loss":0,"event_name":"Ghosts","floor":25,"gold_loss":0},{"damage_healed":0,"gold_gain":0,"player_choice":"Memory 3","damage_taken":10,"max_hp_gain":0,"max_hp_loss":0,"event_name":"SensoryStone","floor":36,"gold_loss":0},{"damage_healed":0,"gold_gain":0,"player_choice":"Fight","damage_taken":0,"max_hp_gain":0,"max_hp_loss":0,"event_name":"MindBloom","floor":37,"gold_loss":0},{"damage_healed":23,"gold_gain":0,"player_choice":"Writhe","damage_taken":0,"max_hp_gain":0,"max_hp_loss":0,"event_name":"Winding Halls","floor":38,"gold_loss":0,"cards_obtained":["Writhe"]},{"damage_healed":0,"gold_gain":0,"player_choice":"Bought 0 Potions","damage_taken":0,"max_hp_gain":0,"max_hp_loss":0,"event_name":"The Woman in Blue","floor":40,"gold_loss":0}],"is_beta":false,"boss_relics":[{"not_picked":["Fusion Hammer","Runic Cube"],"picked":"Runic Pyramid"},{"not_picked":["Empty Cage","Calling Bell"],"picked":"Mark of Pain"}],"items_purged_floors":[28],"is_endless":false,"potions_floor_spawned":[2,8,10,12,14,16,19,27,30,35,37,44,48],"ascension_level":1}