{"gold_per_floor":[119,119,138,149,160,187,187,220,220,238,117,133,163,173,173,247,297,311,311,327,252,57,57,67,67],"floor_reached":25,"playtime":1565,"items_purged":["Strike_G"],"score":394,"play_id":"2fdaada0-e162-4770-9d57-f741295b406a","local_time":"20190210130311","is_ascension_mode":true,"campfire_choices":[{"floor":7.0,"key":"REST"},{"floor":15.0,"key":"REST"},{"floor":23,"key":"REST"}],"neow_cost":"TEN_PERCENT_HP_LOSS","seed_source_timestamp":0,"circlet_count":0,"master_deck":["AscendersBane","Defend_G","Defend_G","Defend_G","Defend_G","Strike_G","Strike_G","Strike_G","Strike_G","Survivor","Neutralize+1","Unload+1","Underhanded Strike","Well Laid Plans","Deflect","Cloak And Dagger+1","Crippling Poison","Prepared","Masterful Stab+1","Sucker Punch+1","Finisher+1","Underhanded Strike+1","Quick Slash+1","Tools of the Trade+1","Flying Knee+1","Blade Dance+1","Choke+1","Backflip+1","Reflex+1"],"special_seed":0,"relics":["Ring of the Snake","Pen Nib","Molten Egg 2","Frozen Egg 2","Toxic Egg 2","Tiny House","Boot"],"potions_floor_usage":[24],"damage_taken":[{"damage":1.0,"enemies":"Cultist","floor":1.0,"turns":3.0},{"damage":2.0,"enemies":"Jaw Worm","floor":3.0,"turns":3.0},{"damage":0.0,"enemies":"2 Louse","floor":4.0,"turns":2.0},{"damage":11.0,"enemies":"Large Slime","floor":5.0,"turns":6.0},{"damage":23.0,"enemies":"Gremlin Nob","floor":6.0,"turns":5.0},{"damage":14.0,"enemies":"3 Sentries","floor":8.0,"turns":7.0},{"damage":0.0,"enemies":"Red Slaver","floor":10.0,"turns":3.0},{"damage":0.0,"enemies":"3 Louse","floor":12.0,"turns":2.0},{"damage":25.0,"enemies":"Lagavulin","floor":13.0,"turns":4.0},{"damage":0.0,"enemies":"Exordium Thugs","floor":14.0,"turns":4.0},{"damage":12.0,"enemies":"Hexaghost","floor":16.0,"turns":10.0},{"damage":0.0,"enemies":"Spheric Guardian","floor":18.0,"turns":3.0},{"damage":18,"enemies":"2 Thieves","floor":20,"turns":4},{"damage":44,"enemies":"Shelled Parasite and Fungi","floor":24,"turns":6},{"damage":29,"enemies":"Slavers","floor":25,"turns":1}],"seed_played":"5401534927073476012","potions_obtained":[{"floor":1.0,"key":"Fruit Juice"},{"floor":5.0,"key":"Swift Potion"},{"floor":13.0,"key":"LiquidBronze"},{"floor":20,"key":"Regen Potion"}],"is_trial":false,"path_per_floor":["?","$","?","M","?"],"character_chosen":"THE_SILENT","items_purchased":["Sucker Punch+1","Backflip+1","Boot"],"campfire_rested":3,"item_purchase_floors":[11,22,22],"current_hp_per_floor":[63,63,61,61,50,27,46,32,32,32,32,32,7,7,26,14,57,57,57,39,39,39,60,28,0],"gold":67,"neow_bonus":"THREE_RARE_CARDS","is_prod":false,"is_daily":false,"chose_seed":false,"campfire_upgraded":0,"win_rate":0,"timestamp":1549771391,"path_taken":["M","?","M","M","M","E","R","E","T","M","?","M","E","M","R","BOSS","M","?","?","?","$","R","M","E"],"build_version":"2019-01-23","purchased_purges":1,"victory":false,"max_hp_per_floor":[65,65,65,65,65,65,65,65,65,65,65,65,65,65,65,65,70,70,70,70,70,70,70,70,70],"card_choices":[{"not_picked":["Burst","Night Terror"],"picked":"Unload","floor":0.0},{"not_picked":["Reflex","Dodge and Roll"],"picked":"Underhanded Strike","floor":1.0},{"not_picked":["Dagger Throw","Deadly Poison"],"picked":"Well Laid Plans","floor":3.0},{"not_picked":["Bane","Deadly Poison"],"picked":"Deflect","floor":4.0},{"not_picked":["Deadly Poison","Endless Agony"],"picked":"Cloak And Dagger","floor":5.0},{"not_picked":["Noxious Fumes","Slice"],"picked":"Crippling Poison","floor":6.0},{"not_picked":["Deadly Poison","Skewer"],"picked":"Prepared","floor":8.0},{"not_picked":["Deflect","Bouncing Flask"],"picked":"Masterful Stab+1","floor":10.0},{"not_picked":["Concentrate","Dodge and Roll"],"picked":"Finisher+1","floor":12.0},{"not_picked":["Backflip","Expertise"],"picked":"Underhanded Strike+1","floor":13.0},{"not_picked":["Prepared+1","Blade Dance+1"],"picked":"Quick Slash+1","floor":14.0},{"not_picked":["Wraith Form v2+1","Unload+1"],"picked":"Tools of the Trade+1","floor":16.0},{"not_picked":["Prepared+1","Deadly Poison+1"],"picked":"Flying Knee+1","floor":17.0},{"not_picked":["Well Laid Plans+1","Underhanded Strike+1"],"picked":"Blade Dance+1","floor":18.0},{"not_picked":["Wraith Form v2+1","Deadly Poison+1"],"picked":"Choke+1","floor":20},{"not_picked":["Well Laid Plans+1","Skewer+1"],"picked":"Reflex+1","floor":24}],"player_experience":312634,"relics_obtained":[{"floor":6.0,"key":"Pen Nib"},{"floor":8.0,"key":"Molten Egg 2"},{"floor":9.0,"key":"Frozen Egg 2"},{"floor":13.0,"key":"Toxic Egg 2"}],"event_choices":[{"damage_healed":0.0,"max_hp_gain":0.0,"max_hp_loss":0.0,"gold_gain":0.0,"event_name":"Upgrade Shrine","player_choice":"Upgraded","floor":2.0,"gold_loss":0.0,"damage_taken":0.0,"cards_upgraded":["Unload"]},{"damage_healed":0,"gold_gain":0,"player_choice":"Forge","damage_taken":0,"max_hp_gain":0,"max_hp_loss":0,"event_name":"Accursed Blacksmith","floor":19,"gold_loss":0,"cards_upgraded":["Cloak And Dagger"]},{"cards_removed":["Defend_G"],"damage_healed":0,"gold_gain":0,"player_choice":"Gave Gold","damage_taken":0,"max_hp_gain":0,"max_hp_loss":0,"event_name":"Beggar","floor":21,"gold_loss":75}],"is_beta":false,"boss_relics":[{"not_picked":["Black Star","Coffee Dripper"],"picked":"Tiny House"}],"items_purged_floors":[11],"is_endless":false,"potions_floor_spawned":[1,5,13,14,20],"killed_by":"Slavers","ascension_level":15}