{"gold_per_floor":[110,110,110,126,46,46,81,94,94,125,138,138,157,167,167,241,241,253,271,271,283,283,283,196,95,122,122,122],"floor_reached":28,"playtime":989,"items_purged":["Strike_G"],"score":556,"play_id":"f0778ffe-8698-4e58-be05-83c9f46fbb81","local_time":"20181229183946","is_ascension_mode":true,"campfire_choices":[{"data":"Quick Slash","floor":6,"key":"SMITH"},{"data":"Deadly Poison","floor":12,"key":"SMITH"},{"data":"Well Laid Plans","floor":15,"key":"SMITH"},{"floor":23,"key":"REST"},{"data":"Footwork","floor":27,"key":"SMITH"}],"neow_cost":"NONE","seed_source_timestamp":3685778854320,"circlet_count":0,"master_deck":["AscendersBane","Defend_G","Defend_G","Defend_G","Defend_G","Defend_G","Strike_G","Strike_G","Strike_G","Strike_G","Survivor","Neutralize+1","Quick Slash+1","Well Laid Plans+1","Flying Knee","Dagger Spray","Deadly Poison+1","PiercingWail","PiercingWail","Dash","A Thousand Cuts","Deadly Poison","Decay","Leg Sweep","Footwork+1","Dodge and Roll"],"relics":["Ring of the Snake","PreservedInsect","Lantern","Paper Crane","Ancient Tea Set","Velvet Choker","Orichalcum"],"potions_floor_usage":[7,10,16,21,28,28],"damage_taken":[{"damage":7,"enemies":"Small Slimes","floor":1,"turns":5},{"damage":0,"enemies":"Jaw Worm","floor":4,"turns":5},{"damage":18,"enemies":"Lagavulin","floor":7,"turns":6},{"damage":0,"enemies":"Cultist","floor":8,"turns":2},{"damage":22,"enemies":"Gremlin Nob","floor":10,"turns":4},{"damage":0,"enemies":"2 Fungi Beasts","floor":11,"turns":2},{"damage":0,"enemies":"Blue Slaver","floor":13,"turns":2},{"damage":0,"enemies":"Looter","floor":14,"turns":4},{"damage":0,"enemies":"The Guardian","floor":16,"turns":11},{"damage":3,"enemies":"Chosen","floor":18,"turns":6},{"damage":21,"enemies":"Spheric Guardian","floor":19,"turns":5},{"damage":32,"enemies":"3 Cultists","floor":21,"turns":6},{"damage":1,"enemies":"Colosseum Slavers","floor":28,"turns":5},{"damage":41,"enemies":"Colosseum Nobs","floor":28,"turns":4}],"seed_played":"-1218732882468321","potions_obtained":[{"floor":1,"key":"Dexterity Potion"},{"floor":8,"key":"SteroidPotion"},{"floor":10,"key":"Fruit Juice"},{"floor":11,"key":"SpeedPotion"},{"floor":16,"key":"Swift Potion"},{"floor":21,"key":"Regen Potion"}],"is_trial":false,"path_per_floor":["M","?","?","M","$","R","E","M","T","E","M","R","M","M","R","B",null,"M","M","?","M","?","R","$","$","T","R","?"],"character_chosen":"THE_SILENT","items_purchased":["Well Laid Plans","Footwork","Dodge and Roll"],"campfire_rested":1,"item_purchase_floors":[5,24,25],"current_hp_per_floor":[52,52,66,66,66,66,48,48,48,31,31,31,31,31,31,31,61,58,37,37,5,5,26,26,26,26,26,0],"gold":122,"neow_bonus":"RANDOM_COMMON_RELIC","is_prod":false,"is_daily":false,"chose_seed":false,"campfire_upgraded":4,"win_rate":0,"timestamp":1546105186,"path_taken":["M","?","?","M","$","R","E","M","T","E","M","R","M","M","R","BOSS","M","M","?","M","?","R","?","$","T","R","?"],"build_version":"2018-12-20","purchased_purges":1,"victory":false,"max_hp_per_floor":[66,66,66,66,66,66,66,66,66,71,71,71,71,71,71,71,71,71,71,71,71,71,71,71,71,71,71,71],"card_choices":[{"not_picked":["Concentrate","Deflect"],"picked":"Caltrops","floor":1},{"not_picked":["Catalyst","Reflex"],"picked":"Quick Slash","floor":4},{"not_picked":["Doppelganger","Underhanded Strike"],"picked":"Flying Knee","floor":7},{"not_picked":["Accuracy","Prepared"],"picked":"Dagger Spray","floor":8},{"not_picked":["Dagger Throw","Phantasmal Killer"],"picked":"Deadly Poison","floor":10},{"not_picked":["Dodge and Roll","Outmaneuver"],"picked":"PiercingWail","floor":11},{"not_picked":["All Out Attack","Flying Knee"],"picked":"PiercingWail","floor":13},{"not_picked":["Slice","Flying Knee"],"picked":"Dash","floor":14},{"not_picked":["Grand Finale","Unload"],"picked":"A Thousand Cuts","floor":16},{"not_picked":["Cloak And Dagger","Dodge and Roll"],"picked":"Deadly Poison","floor":18},{"not_picked":["Flying Knee","Quick Slash","Deadly Poison"],"picked":"SKIP","floor":19},{"not_picked":["Phantasmal Killer","Deadly Poison+1"],"picked":"Leg Sweep","floor":21}],"player_experience":1824460,"relics_obtained":[{"floor":7,"key":"Lantern"},{"floor":9,"key":"Paper Crane"},{"floor":10,"key":"Ancient Tea Set"},{"floor":26,"key":"Orichalcum"}],"event_choices":[{"damage_healed":0,"gold_gain":0,"player_choice":"Grow","damage_taken":0,"max_hp_gain":0,"max_hp_loss":0,"event_name":"Living Wall","floor":2,"gold_loss":0,"cards_upgraded":["Neutralize"]},{"cards_removed":["Caltrops"],"damage_healed":14,"gold_gain":0,"player_choice":"Offered Uncommon","damage_taken":0,"max_hp_gain":0,"max_hp_loss":0,"event_name":"Bonfire Elementals","floor":3,"gold_loss":0},{"damage_healed":0,"gold_gain":0,"player_choice":"Smashed Altar","damage_taken":0,"max_hp_gain":0,"max_hp_loss":0,"event_name":"Forgotten Altar","floor":20,"gold_loss":0,"cards_obtained":["Decay"]},{"damage_healed":0,"gold_gain":0,"player_choice":"Ignored","damage_taken":0,"max_hp_gain":0,"max_hp_loss":0,"event_name":"Cursed Tome","floor":22,"gold_loss":0},{"damage_healed":0,"gold_gain":0,"player_choice":"Fight","damage_taken":0,"max_hp_gain":0,"max_hp_loss":0,"event_name":"Colosseum","floor":28,"gold_loss":0},{"damage_healed":0,"gold_gain":0,"player_choice":"Fought Nobs","damage_taken":0,"max_hp_gain":0,"max_hp_loss":0,"event_name":"Colosseum","floor":28,"gold_loss":0}],"is_beta":false,"boss_relics":[{"not_picked":["Ring of the Serpent","HoveringKite"],"picked":"Velvet Choker"}],"items_purged_floors":[25],"is_endless":false,"potions_floor_spawned":[1,8,10,11,16,19,21],"killed_by":"Colosseum Nobs","ascension_level":20}