{"path_per_floor":["M","$","M","?","M","E","R","M","T","E","M","R","?","$","R","B",null,"M","$","?","M","?","R","E","$","T","R"],"character_chosen":"IRONCLAD","items_purchased":["Anchor","Orichalcum"],"gold_per_floor":[116,41,52,127,142,177,177,195,195,227,238,238,265,108,108,213,213,231,87,87,103,103,103,138,38,63,63],"floor_reached":28,"campfire_rested":1,"playtime":812,"current_hp_per_floor":[70,70,70,59,58,32,32,38,38,35,35,35,41,41,65,46,80,80,80,65,41,41,41,41,41,41,41],"items_purged":["Doubt","Defend_R"],"gold":63,"score":293,"play_id":"6cfc1131-22fa-468b-88a9-9d93c8bbf43a","local_time":"20180304202045","is_prod":false,"is_daily":false,"is_ascension_mode":true,"campfire_upgraded":4,"timestamp":1520191245,"path_taken":["M","$","M","?","M","E","R","M","T","E","?","R","?","?","R","BOSS","M","$","?","M","?","R","E","$","T","R","E"],"build_version":"2018-03-01-PROD1","purchased_purges":2,"victory":false,"master_deck":["Strike_R","Strike_R","Strike_R","Strike_R","Strike_R","Defend_R","Defend_R","Defend_R","Bash","Perfected Strike+1","Metallicize","Whirlwind+1","Thunderclap","Whirlwind+1","Flex+1","Ghostly Armor"],"max_hp_per_floor":[80,80,80,80,80,80,80,80,80,80,80,80,80,80,80,80,80,80,80,85,85,85,85,85,85,85,85],"relics":["Burning Blood","Red Skull","Self Forming Clay","Gambling Chip","Kunai","Odd Mushroom","Anchor","White Beast Statue","Orichalcum","Bottled Tornado","Regal Pillow"],"card_choices":[{"not_picked":["Spot Weakness","Wild Strike"],"picked":"Perfected Strike"},{"not_picked":["Body Slam","Reckless Charge"],"picked":"Metallicize"},{"not_picked":["Bloodletting","Cleave"],"picked":"Whirlwind"},{"not_picked":["Pommel Strike","Spot Weakness"],"picked":"Thunderclap"},{"not_picked":["Body Slam","True Grit"],"picked":"Whirlwind"},{"not_picked":["Ghostly Armor","Second Wind"],"picked":"Flex"}],"player_experience":216293,"potions_floor_usage":[16,24,24,24],"damage_taken":[{"damage":16,"enemies":"Cultist","floor":1,"turns":4},{"damage":6,"enemies":"2 Louse","floor":3,"turns":3},{"damage":7,"enemies":"Jaw Worm","floor":5,"turns":4},{"damage":32,"enemies":"Gremlin Nob","floor":6,"turns":4},{"damage":0,"enemies":"Exordium Thugs","floor":8,"turns":2},{"damage":9,"enemies":"3 Sentries","floor":10,"turns":3},{"damage":6,"enemies":"Looter","floor":11,"turns":2},{"damage":0,"enemies":"The Mushroom Lair","floor":13,"turns":1},{"damage":25,"enemies":"Slime Boss","floor":16,"turns":5},{"damage":0,"enemies":"3 Byrds","floor":18,"turns":2},{"damage":30,"enemies":"Chosen","floor":21,"turns":6},{"damage":6,"enemies":"Slavers","floor":24,"turns":3},{"damage":46,"enemies":"Gremlin Leader","floor":28,"turns":6}],"event_choices":[{"event_name":"World of Goop","player_choice":"Gather Gold","floor":4,"damage_taken":0},{"event_name":"Mushrooms","player_choice":"Fought Mushrooms","floor":13,"damage_taken":0},{"event_name":"Forgotten Altar","player_choice":"Shed Blood","floor":20,"damage_taken":0},{"event_name":"The Library","player_choice":"Read","floor":22,"damage_taken":0}],"boss_relics":[{"not_picked":["Snecko Eye","Question Card"],"picked":"White Beast Statue"}],"potions_floor_spawned":[1,8,10,11,13,18,21,24],"seed_played":"-1450456206331490712","killed_by":"Gremlin Leader","ascension_level":4,"is_trial":false}