{"path_per_floor":["M","?","$","M","M","R","M","M","T","M","$","E","R","M","R","B",null,"M","?","$","?","?","R","$","R","T","M","?","R","M","M","R","B",null,"M","?","M","?","M","R","E","R","T","M","M","R","M","M","R","B"],"character_chosen":"IRONCLAD","items_purchased":["Barricade","Rage","Blood Vial"],"gold_per_floor":[117,117,38,54,70,70,81,100,100,117,81,146,146,160,160,258,258,240,240,18,18,18,18,18,18,18,36,36,36,56,70,70,165,165,175,0,19,19,34,34,66,66,91,108,118,118,132,146,146,146],"floor_reached":51,"campfire_rested":3,"playtime":2835,"current_hp_per_floor":[79,79,79,79,80,80,80,76,76,47,47,23,47,44,44,14,80,64,64,64,64,64,64,64,64,64,78,78,78,70,77,77,75,80,84,84,84,84,69,69,19,45,45,39,38,38,26,12,38,27],"items_purged":["Normality"],"gold":146,"score":633,"play_id":"dc9c5c3b-88f5-4e1c-96da-03a8fcda2aad","local_time":"20180304165705","is_prod":false,"is_daily":false,"is_ascension_mode":true,"campfire_upgraded":8,"timestamp":1520179025,"path_taken":["M","?","$","M","?","R","M","M","T","M","$","E","R","M","R","BOSS","M","?","$","?","?","R","?","R","T","?","?","R","M","?","R","BOSS","M","?","M","?","M","R","E","R","T","M","M","R","M","M","R","BOSS"],"build_version":"2018-03-01-PROD1","purchased_purges":1,"victory":true,"master_deck":["Defend_R+1","Defend_R+1","Defend_R+1","Defend_R+1","Bash","Pommel Strike","Barricade+1","Uppercut","Searing Blow+6","Whirlwind+1","Armaments+1","Rage","Dropkick","Double Tap","Battle Trance+1","Bite","Bite","Bite","Bite","Metallicize+1","Shrug It Off+1","Panacea+1","Feed+1","Sever Soul+1","Seeing Red+1"],"max_hp_per_floor":[80,80,80,80,80,80,80,80,80,80,80,80,80,80,80,80,80,80,80,80,80,80,80,80,80,80,80,80,80,80,80,80,80,80,84,84,84,84,88,88,88,88,88,88,88,88,88,88,88,88],"relics":["Burning Blood","Pen Nib","Charon\u0027s Ashes","Tiny Chest","Velvet Choker","Bird Faced Urn","Unceasing Top","Astrolabe","Red Mask","Art of War","Omamori"],"card_choices":[{"not_picked":["Sever Soul","Reckless Charge"],"picked":"Pommel Strike"},{"not_picked":["Wild Strike","Heavy Blade"],"picked":"Ghostly Armor"},{"not_picked":["Havoc","Double Tap"],"picked":"Uppercut"},{"not_picked":["Clash","Bloodletting"],"picked":"Searing Blow"},{"not_picked":["Battle Trance","Wild Strike"],"picked":"Whirlwind"},{"not_picked":["Havoc","Burning Pact"],"picked":"Armaments"},{"not_picked":["Whirlwind","Juggernaut"],"picked":"Dropkick"},{"not_picked":["Headbutt","Heavy Blade"],"picked":"Ghostly Armor"},{"not_picked":["Demon Form","Barricade"],"picked":"Double Tap"},{"not_picked":["Armaments","Anger"],"picked":"Battle Trance"},{"not_picked":["Fire Breathing","Twin Strike"],"picked":"Metallicize"},{"not_picked":["Clothesline","Rage"],"picked":"Shrug It Off"},{"not_picked":["Pommel Strike","Twin Strike"],"picked":"Seeing Red"}],"player_experience":208222,"potions_floor_usage":[16,37,50,50,50],"damage_taken":[{"damage":7,"enemies":"Jaw Worm","floor":1,"turns":3},{"damage":6,"enemies":"Cultist","floor":4,"turns":3},{"damage":0,"enemies":"2 Louse","floor":5,"turns":2},{"damage":6,"enemies":"Red Slaver","floor":7,"turns":3},{"damage":10,"enemies":"3 Louse","floor":8,"turns":4},{"damage":35,"enemies":"Gremlin Gang","floor":10,"turns":7},{"damage":30,"enemies":"Gremlin Nob","floor":12,"turns":5},{"damage":9,"enemies":"Red Slaver","floor":14,"turns":4},{"damage":36,"enemies":"Slime Boss","floor":16,"turns":15},{"damage":22,"enemies":"2 Thieves","floor":18,"turns":4},{"damage":0,"enemies":"3 Byrds","floor":27,"turns":4},{"damage":16,"enemies":"Snecko","floor":30,"turns":4},{"damage":7,"enemies":"Snake Plant","floor":31,"turns":5},{"damage":36,"enemies":"Champ","floor":33,"turns":16},{"damage":1,"enemies":"3 Shapes","floor":35,"turns":8},{"damage":28,"enemies":"3 Darklings","floor":37,"turns":10},{"damage":29,"enemies":"4 Shapes","floor":39,"turns":6},{"damage":67,"enemies":"2 Orb Walkers","floor":41,"turns":6},{"damage":21,"enemies":"Sphere and 2 Shapes","floor":44,"turns":6},{"damage":16,"enemies":"3 Darklings","floor":45,"turns":4},{"damage":22,"enemies":"4 Shapes","floor":47,"turns":5},{"damage":24,"enemies":"Sphere and 2 Shapes","floor":48,"turns":5},{"damage":90,"enemies":"Awakened One","floor":50,"turns":20}],"event_choices":[{"event_name":"Bonfire Elementals","player_choice":"BASIC","floor":2,"damage_taken":0},{"event_name":"Accursed Blacksmith","player_choice":"Rummage","floor":19,"damage_taken":0},{"event_name":"Back to Basics","player_choice":"Simplicity","floor":21,"damage_taken":0},{"event_name":"Vampires","player_choice":"Became a vampire (Vial)","floor":22,"damage_taken":0},{"event_name":"The Lab","player_choice":"Got Potions","floor":28,"damage_taken":0},{"event_name":"Tomb of Lord Red Mask","player_choice":"Paid","floor":36,"damage_taken":0},{"event_name":"Upgrade Shrine","player_choice":"Upgraded","floor":38,"damage_taken":0}],"boss_relics":[{"not_picked":["Snecko Eye","Question Card"],"picked":"Velvet Choker"},{"not_picked":["Runic Pyramid","Pandora\u0027s Box"],"picked":"Astrolabe"}],"potions_floor_spawned":[1,7,8,12,14,31,33,37,41,44,48],"seed_played":"-3658742259364213552","ascension_level":3,"is_trial":false}