{"gold_per_floor":[14,33,108,283,301,301,301,268,294,306,318,605,617,664,676,688],"floor_reached":16,"playtime":692,"items_purged":[],"score":108,"play_id":"24fcd986-b446-46a8-b256-def79d2062ba","local_time":"20190204000034","is_ascension_mode":true,"campfire_choices":[{"data":"Barricade","floor":6,"key":"SMITH"},{"floor":11,"key":"REST"},{"data":"Clothesline","floor":13,"key":"SMITH"},{"floor":15,"key":"REST"}],"neow_cost":"NO_GOLD","seed_source_timestamp":35196082548265,"circlet_count":0,"master_deck":["Strike_R","Strike_R","Strike_R","Strike_R","Strike_R","Defend_R","Defend_R+1","Defend_R","Defend_R","Bash","Barricade+1","Body Slam+1","Clothesline+1","Doubt","Shrug It Off","Twin Strike","Regret","Dropkick"],"relics":["Burning Blood","Mango","MawBank","Potion Belt"],"potions_floor_usage":[8,14],"damage_taken":[{"damage":25,"enemies":"Cultist","floor":1,"turns":7},{"damage":13,"enemies":"2 Louse","floor":2,"turns":3},{"damage":9,"enemies":"Jaw Worm","floor":5,"turns":8},{"damage":34,"enemies":"Exordium Thugs","floor":8,"turns":7},{"damage":32,"enemies":"3 Sentries","floor":14,"turns":11},{"damage":44,"enemies":"Slime Boss","floor":16,"turns":10}],"seed_played":"5657821750171448412","potions_obtained":[{"floor":1,"key":"SneckoOil"},{"floor":8,"key":"Strength Potion"}],"is_trial":false,"path_per_floor":["M","M","?","?","M","R","T","M","T","?","R","?","R","E","R","B"],"character_chosen":"IRONCLAD","items_purchased":[],"campfire_rested":2,"item_purchase_floors":[],"current_hp_per_floor":[61,54,43,43,40,40,54,26,26,7,35,35,35,9,37,0],"gold":688,"neow_bonus":"THREE_RARE_CARDS","is_prod":false,"is_daily":false,"chose_seed":false,"campfire_upgraded":2,"win_rate":0,"timestamp":1549234834,"path_taken":["M","M","?","?","M","R","?","?","T","?","R","?","R","E","R","BOSS"],"build_version":"2019-01-23","purchased_purges":0,"victory":false,"max_hp_per_floor":[80,80,80,80,80,80,94,94,94,94,94,94,94,94,94,94],"card_choices":[{"not_picked":["Brutality","Berserk"],"picked":"Barricade","floor":0},{"not_picked":["Sever Soul","Fire Breathing"],"picked":"Body Slam","floor":1},{"not_picked":["Headbutt","Dual Wield"],"picked":"Clothesline","floor":2},{"not_picked":["Evolve","Pommel Strike"],"picked":"Shrug It Off","floor":5},{"not_picked":["Warcry","Clash"],"picked":"Twin Strike","floor":8},{"not_picked":["Shrug It Off","Havoc"],"picked":"Dropkick","floor":14}],"player_experience":54678,"relics_obtained":[{"floor":7,"key":"Mango"},{"floor":9,"key":"MawBank"},{"floor":14,"key":"Potion Belt"}],"event_choices":[{"damage_healed":0,"gold_gain":75,"player_choice":"Gather Gold","damage_taken":11,"max_hp_gain":0,"max_hp_loss":0,"event_name":"World of Goop","floor":3,"gold_loss":0},{"damage_healed":0,"gold_gain":175,"player_choice":"AGREE","damage_taken":0,"max_hp_gain":0,"max_hp_loss":0,"event_name":"Liars Game","floor":4,"gold_loss":0,"cards_obtained":["Doubt"]},{"damage_healed":0,"gold_gain":0,"player_choice":"Entered Light","damage_taken":19,"max_hp_gain":0,"max_hp_loss":0,"event_name":"Shining Light","floor":10,"gold_loss":0,"cards_upgraded":["Body Slam","Defend_R"]},{"damage_healed":0,"gold_gain":275,"player_choice":"Desecrate","damage_taken":0,"max_hp_gain":0,"max_hp_loss":0,"event_name":"Golden Shrine","floor":12,"gold_loss":0,"cards_obtained":["Regret"]}],"is_beta":false,"boss_relics":[],"items_purged_floors":[],"is_endless":false,"potions_floor_spawned":[1,8],"killed_by":"Slime Boss","ascension_level":2}