{"gold_per_floor":[118,118,118,118,134,175,196,230,230,230,266,287,312,332,332,425,425,438,438,135,153,75,75,89,89],"floor_reached":25,"playtime":1330,"items_purged":["Bite"],"score":509,"play_id":"4a3a576c-eddb-4312-8916-8034e4a6af64","local_time":"20190213023938","is_ascension_mode":true,"campfire_choices":[{"floor":15,"key":"REST"},{"data":"Deadly Poison","floor":23,"key":"SMITH"}],"neow_cost":"NONE","seed_source_timestamp":20588573297300,"circlet_count":0,"master_deck":["AscendersBane","Defend_G","Defend_G","Defend_G","Defend_G","Defend_G","Survivor","Neutralize","Dagger Throw","Flying Knee","Cloak And Dagger","Deadly Poison+1","Tactician+1","PiercingWail+1","Catalyst+1","Bouncing Flask+1","Night Terror+1","Backflip+1","Crippling Poison+1","Outmaneuver+1","Acrobatics+1","PiercingWail+1","Acrobatics+1","Bite","Bite","Bite","Bite","Backflip+1","Leg Sweep+1","Dodge and Roll+1"],"special_seed":0,"relics":["Ring of the Snake","NeowsBlessing","Golden Idol","Bag of Marbles","Mango","Matryoshka","Toxic Egg 2","Calipers","Orrery","ClockworkSouvenir"],"potions_floor_usage":[11,11,18],"damage_taken":[{"damage":0.0,"enemies":"2 Louse","floor":1.0,"turns":1.0},{"damage":0.0,"enemies":"Jaw Worm","floor":5.0,"turns":1.0},{"damage":0.0,"enemies":"Lagavulin","floor":6.0,"turns":1.0},{"damage":0.0,"enemies":"Cultist","floor":7.0,"turns":4.0},{"damage":28.0,"enemies":"Gremlin Nob","floor":8.0,"turns":4.0},{"damage":33,"enemies":"Lagavulin","floor":11,"turns":7},{"damage":1,"enemies":"Blue Slaver","floor":12,"turns":4},{"damage":8,"enemies":"Exordium Wildlife","floor":13,"turns":6},{"damage":0,"enemies":"Lots of Slimes","floor":14,"turns":5},{"damage":9,"enemies":"The Guardian","floor":16,"turns":6},{"damage":12,"enemies":"Chosen","floor":18,"turns":4},{"damage":16,"enemies":"Shell Parasite","floor":21,"turns":3},{"damage":26,"enemies":"3 Cultists","floor":24,"turns":7},{"damage":21,"enemies":"Chosen and Byrds","floor":25,"turns":5}],"seed_played":"-4989022607557542649","potions_obtained":[{"floor":5.0,"key":"EssenceOfSteel"},{"floor":8.0,"key":"Regen Potion"},{"floor":12,"key":"Weak Potion"},{"floor":13,"key":"Explosive Potion"},{"floor":24,"key":"FearPotion"}],"is_trial":false,"path_per_floor":["?","?","?","T","M","?"],"character_chosen":"THE_SILENT","items_purchased":["ClockworkSouvenir","Leg Sweep+1"],"campfire_rested":1,"item_purchase_floors":[20,22],"current_hp_per_floor":[59,59,52,52,52,52,52,38,38,38,22,23,17,19,41,34,64,54,54,54,40,40,40,20,5],"gold":89,"neow_bonus":"THREE_ENEMY_KILL","is_prod":false,"is_daily":false,"chose_seed":false,"campfire_upgraded":1,"win_rate":0,"timestamp":1549993178,"path_taken":["M","?","?","?","M","E","M","E","T","?","E","?","M","M","R","BOSS","M","?","$","M","$","R","M","M"],"build_version":"2019-01-23","purchased_purges":1,"victory":false,"max_hp_per_floor":[66,66,66,60,60,60,60,74,74,74,74,74,74,74,74,74,74,74,74,74,74,74,74,74,74],"card_choices":[{"not_picked":["Bane","Slice"],"picked":"Dagger Throw","floor":1.0},{"not_picked":["Slice","Quick Slash"],"picked":"Flying Knee","floor":5.0},{"not_picked":["Slice","A Thousand Cuts","Prepared"],"picked":"SKIP","floor":6.0},{"not_picked":["Bane","PiercingWail"],"picked":"Cloak And Dagger","floor":7.0},{"not_picked":["Sucker Punch","Poisoned Stab"],"picked":"Deadly Poison","floor":8.0},{"not_picked":["Underhanded Strike","Blade Dance+1"],"picked":"Tactician+1","floor":11},{"not_picked":["Prepared+1","Finisher"],"picked":"PiercingWail+1","floor":12},{"not_picked":["Riddle With Holes","Sucker Punch"],"picked":"Catalyst+1","floor":13},{"not_picked":["Expertise+1","Catalyst+1"],"picked":"Bouncing Flask+1","floor":14},{"not_picked":["Storm of Steel+1","Venomology+1"],"picked":"Night Terror+1","floor":16},{"not_picked":["Deflect+1","Dagger Spray"],"picked":"Backflip+1","floor":17},{"not_picked":["Setup+1","Sucker Punch"],"picked":"Crippling Poison+1","floor":17},{"not_picked":["Blade Dance+1","Masterful Stab"],"picked":"Outmaneuver+1","floor":17},{"not_picked":["Underhanded Strike","Prepared+1"],"picked":"Acrobatics+1","floor":17},{"not_picked":["Deflect+1","Envenom"],"picked":"PiercingWail+1","floor":17},{"not_picked":["PiercingWail+1","Bane"],"picked":"Acrobatics+1","floor":18},{"not_picked":["Eviscerate","Sucker Punch"],"picked":"Backflip+1","floor":21},{"not_picked":["Slice","Glass Knife"],"picked":"Dodge and Roll+1","floor":24}],"player_experience":376498,"relics_obtained":[{"floor":6.0,"key":"Bag of Marbles"},{"floor":8.0,"key":"Mango"},{"floor":9.0,"key":"Matryoshka"},{"floor":10.0,"key":"Blood Vial"},{"floor":10.0,"key":"Toxic Egg 2"},{"floor":11,"key":"Calipers"}],"event_choices":[{"damage_healed":0.0,"max_hp_gain":0.0,"max_hp_loss":0.0,"gold_gain":0.0,"event_name":"Liars Game","player_choice":"Ignored","floor":2.0,"gold_loss":0.0,"damage_taken":0.0},{"cards_removed":["Strike_G"],"damage_healed":0.0,"max_hp_gain":0.0,"max_hp_loss":0.0,"gold_gain":0.0,"event_name":"Golden Wing","player_choice":"Card Removal","floor":3.0,"gold_loss":0.0,"damage_taken":7.0},{"damage_healed":0.0,"max_hp_gain":0.0,"max_hp_loss":6.0,"gold_gain":0.0,"event_name":"Golden Idol","player_choice":"Lose Max HP","floor":4.0,"gold_loss":0.0,"damage_taken":0.0,"relics_obtained":["Golden Idol"]},{"damage_healed":0,"gold_gain":0,"player_choice":"Became a vampire (Vial)","damage_taken":0,"max_hp_gain":0,"max_hp_loss":0,"event_name":"Vampires","floor":19,"relics_lost":["Blood Vial"],"gold_loss":0,"cards_obtained":["Bite","Bite","Bite","Bite","Bite"]}],"is_beta":false,"boss_relics":[{"not_picked":["HoveringKite","White Beast Statue"],"picked":"Orrery"}],"items_purged_floors":[20],"is_endless":false,"potions_floor_spawned":[5,8,12,13,16,24],"killed_by":"Chosen and Byrds","ascension_level":19}