{"path_per_floor":["M","?","?","$","M","R","?","M","T","E","R","M","$","?","R","B",null,"M","?","$","M","?","R","M","R","T","R","M","?","?","E","R"],"character_chosen":"IRONCLAD","items_purchased":["Searing Blow","Dramatic Entrance","Blood Vial"],"gold_per_floor":[111,111,286,175,190,190,190,211,211,246,246,260,8,8,8,137,137,123,123,23,48,48,48,73,73,98,98,114,114,39,83,83],"floor_reached":33,"campfire_rested":3,"playtime":1235,"current_hp_per_floor":[80,60,60,60,60,60,42,47,47,30,54,60,60,60,60,28,80,66,66,66,54,54,54,41,41,41,80,80,64,64,13,52],"items_purged":["Doubt","Defend_R"],"gold":83,"score":261,"play_id":"54d2df0a-7e92-4cdb-993b-ce14d491f9c7","is_prod":false,"is_daily":false,"is_ascension_mode":false,"campfire_upgraded":4,"path_taken":["M","?","?","$","M","R","?","M","T","E","R","M","$","?","R","BOSS","M","?","$","?","?","R","?","R","T","R","M","?","?","E","R","BOSS"],"build_version":"2018-02-22-PROD2","purchased_purges":2,"victory":false,"master_deck":["Strike_R","Strike_R","Strike_R","Strike_R","Strike_R","Defend_R","Defend_R","Defend_R","Bash","Cleave+1","Flex","Searing Blow+3","Dramatic Entrance+1","Demon Form","Rampage+1","Flex","Necronomicurse","Warcry+1"],"max_hp_per_floor":[80,80,80,80,80,80,80,80,80,80,80,80,80,80,80,80,80,80,80,80,80,80,80,80,80,80,80,80,80,80,80,80],"relics":["Burning Blood","Golden Idol","Anchor","Torii","Molten Egg 2","Blood Vial","Mark of Pain","Centennial Puzzle","Regal Pillow","Necronomicon","Juzu Bracelet"],"card_choices":[{"not_picked":["Iron Wave","Sword Boomerang"],"picked":"Cleave"},{"not_picked":["Second Wind","Dual Wield"],"picked":"Flex"},{"not_picked":["Bloodletting","Wild Strike"],"picked":"Clash"},{"not_picked":["Fiend Fire","Brutality"],"picked":"Demon Form"},{"not_picked":["Body Slam","Clash"],"picked":"Rampage"},{"not_picked":["Wild Strike","Pommel Strike"],"picked":"Flex"},{"not_picked":["Feel No Pain","Impervious"],"picked":"Warcry"}],"player_experience":153936,"potions_floor_usage":[10,16,24,33],"damage_taken":[{"damage":6,"enemies":"Small Slimes","floor":1,"turns":3},{"damage":6,"enemies":"Jaw Worm","floor":5,"turns":3},{"damage":1,"enemies":"Cultist","floor":8,"turns":3},{"damage":23,"enemies":"3 Sentries","floor":10,"turns":8},{"damage":0,"enemies":"2 Fungi Beasts","floor":12,"turns":2},{"damage":52,"enemies":"Slime Boss","floor":16,"turns":11},{"damage":20,"enemies":"2 Thieves","floor":18,"turns":4},{"damage":20,"enemies":"3 Byrds","floor":21,"turns":7},{"damage":30,"enemies":"Snake Plant","floor":24,"turns":4},{"damage":5,"enemies":"Chosen and Byrds","floor":28,"turns":5},{"damage":59,"enemies":"Book of Stabbing","floor":31,"turns":5},{"damage":66,"enemies":"Champ","floor":33,"turns":6}],"event_choices":[{"event_name":"Golden Idol","player_choice":"Take Damage","floor":2,"damage_taken":0},{"event_name":"Liars Game","player_choice":"agreed","floor":3,"damage_taken":0},{"event_name":"Scrap Ooze","player_choice":"success","floor":7,"damage_taken":18},{"event_name":"The Cleric","player_choice":"Leave","floor":14,"damage_taken":0},{"event_name":"Drug Dealer","player_choice":"Ignored","floor":19,"damage_taken":0},{"event_name":"The Mausoleum","player_choice":"Yes","floor":22,"damage_taken":0},{"event_name":"Cursed Tome","player_choice":"Obtained Book","floor":29,"damage_taken":0},{"event_name":"Beggar","player_choice":"Gave Gold","floor":30,"damage_taken":0}],"boss_relics":[{"not_picked":["Black Blood","Runic Dome"],"picked":"Mark of Pain"}],"potions_floor_spawned":[5,12,21,31],"seed_played":"-3890658925668114194","killed_by":"Champ","ascension_level":0,"is_trial":false}