{"path_per_floor":["M","M","M","M","T","R","?","R","T","?","R","?","M","E","R"],"character_chosen":"IRONCLAD","items_purchased":[],"gold_per_floor":[17,28,47,63,63,63,63,63,63,63,63,63,75,133,133,133],"floor_reached":16,"campfire_rested":1,"playtime":350,"item_purchase_floors":[],"current_hp_per_floor":[68,61,64,61,61,61,61,61,61,16,38,38,36,39,39,0],"items_purged":[],"gold":133,"score":175,"play_id":"9cfb595c-f123-4ceb-9e79-9ca87066c17b","local_time":"20180530184536","is_prod":false,"is_daily":false,"chose_seed":false,"is_ascension_mode":true,"campfire_upgraded":3,"win_rate":0,"timestamp":1527698736,"campfire_choices":[{"data":"Body Slam","floor":6,"key":"SMITH"},{"data":"Whirlwind","floor":8,"key":"SMITH"},{"floor":11,"key":"REST"},{"data":"Demon Form","floor":15,"key":"SMITH"}],"path_taken":["M","M","?","M","?","R","?","R","T","?","R","?","?","E","R","BOSS"],"build_version":"2018-05-29","seed_source_timestamp":1879532555279320,"purchased_purges":0,"victory":false,"master_deck":["Strike_R","Strike_R","Strike_R","Strike_R","Strike_R","Defend_R","Defend_R","Defend_R","Defend_R","Bash","AscendersBane","Body Slam+1","True Grit+1","Whirlwind+1","Demon Form+1","True Grit"],"max_hp_per_floor":[75,75,75,75,75,75,75,75,75,75,75,75,75,75,75,75],"relics":["Burning Blood","Ginger","Prayer Wheel","Bag of Preparation","Magic Flower","Tiny Chest"],"card_choices":[{"not_picked":["Iron Wave","Fire Breathing"],"picked":"Body Slam","floor":1},{"not_picked":["Havoc","Fire Breathing","Heavy Blade"],"picked":"SKIP","floor":2},{"not_picked":["Entrench","Cleave"],"picked":"True Grit","floor":3},{"not_picked":["Bloodletting","Pommel Strike"],"picked":"Whirlwind","floor":4},{"not_picked":["Cleave","Anger"],"picked":"Demon Form","floor":13},{"not_picked":["Body Slam","Pommel Strike"],"picked":"True Grit","floor":13},{"not_picked":["Sword Boomerang","Headbutt","Blood for Blood"],"picked":"SKIP","floor":14}],"player_experience":812137,"potions_floor_usage":[14,14],"damage_taken":[{"damage":6,"enemies":"Cultist","floor":1,"turns":3},{"damage":13,"enemies":"Jaw Worm","floor":2,"turns":5},{"damage":3,"enemies":"Small Slimes","floor":3,"turns":4},{"damage":9,"enemies":"Looter","floor":4,"turns":5},{"damage":11,"enemies":"Exordium Thugs","floor":13,"turns":3},{"damage":6,"enemies":"3 Sentries","floor":14,"turns":2},{"damage":41,"enemies":"Hexaghost","floor":16,"turns":9}],"relics_obtained":[{"floor":5,"key":"Prayer Wheel"},{"floor":9,"key":"Bag of Preparation"},{"floor":14,"key":"Tiny Chest"}],"event_choices":[{"event_name":"Upgrade Shrine","player_choice":"Upgraded","floor":7,"damage_taken":0},{"event_name":"Scrap Ooze","player_choice":"success","floor":10,"damage_taken":45},{"event_name":"Golden Wing","player_choice":"Ignored","floor":12,"damage_taken":0}],"boss_relics":[],"items_purged_floors":[],"potions_floor_spawned":[2,4,13],"seed_played":"7332669181790546536","killed_by":"Hexaghost","ascension_level":15,"potions_obtained":[{"floor":2,"key":"SkillPotion"},{"floor":4,"key":"EssenceOfSteel"},{"floor":13,"key":"Ancient Potion"}],"is_trial":false}