{"path_per_floor":["M","?","$","M","M","R","?","M","T","M","M","?","M","$","R","B",null,"M","M","?","$","M","R","E","?","T"],"character_chosen":"IRONCLAD","items_purchased":["Clash","Bottled Lightning","Heavy Blade"],"gold_per_floor":[219,219,144,162,181,181,211,230,230,244,257,357,372,68,68,173,173,156,176,146,99,111,111,146,146,146],"floor_reached":27,"campfire_rested":1,"playtime":999,"current_hp_per_floor":[72,72,72,77,80,80,80,78,78,62,58,58,54,54,54,15,80,66,40,40,40,20,44,9,36,36],"items_purged":["Defend_R"],"gold":146,"score":225,"play_id":"e9ae1f45-111b-4c5c-a680-e448fdfb17e4","local_time":"20180304004415","is_prod":false,"is_daily":false,"is_ascension_mode":false,"campfire_upgraded":2,"timestamp":1520120655,"path_taken":["M","?","$","?","M","R","?","?","T","M","M","?","M","?","R","BOSS","M","M","?","$","M","R","E","?","T","E"],"build_version":"2018-03-01-PROD1","purchased_purges":1,"victory":false,"master_deck":["Bash+1","Flex","Heavy Blade+1","Double Tap","Cleave","Clash","Rampage","Warcry","Thunderclap","Body Slam","Cleave","Flame Barrier","Havoc","Clothesline","Flex+1","Heavy Blade","Clash"],"max_hp_per_floor":[80,80,80,80,80,80,80,80,80,80,80,80,80,80,80,80,80,80,80,80,80,80,80,82,82,82],"relics":["Burning Blood","Ginger","Ornamental Fan","Bottled Lightning","Pandora\u0027s Box","Singing Bowl","Peace Pipe"],"card_choices":[{"not_picked":["Havoc","Clash"],"picked":"Flex"},{"not_picked":["Iron Wave","True Grit"],"picked":"Heavy Blade"},{"not_picked":["Thunderclap","Combust"],"picked":"Double Tap"},{"not_picked":["Rupture","Pommel Strike"],"picked":"Cleave"},{"not_picked":["Heavy Blade","Headbutt"],"picked":"Flex"},{"not_picked":["Armaments","Anger"],"picked":"Clash"}],"player_experience":188977,"potions_floor_usage":[16,16,19,24,24],"damage_taken":[{"damage":14,"enemies":"Jaw Worm","floor":1,"turns":4},{"damage":1,"enemies":"Cultist","floor":4,"turns":3},{"damage":3,"enemies":"Small Slimes","floor":5,"turns":3},{"damage":8,"enemies":"Gremlin Gang","floor":8,"turns":6},{"damage":22,"enemies":"Exordium Thugs","floor":10,"turns":4},{"damage":10,"enemies":"Exordium Wildlife","floor":11,"turns":4},{"damage":10,"enemies":"Looter","floor":13,"turns":2},{"damage":45,"enemies":"Hexaghost","floor":16,"turns":8},{"damage":20,"enemies":"2 Thieves","floor":18,"turns":4},{"damage":32,"enemies":"3 Byrds","floor":19,"turns":5},{"damage":26,"enemies":"Centurion and Healer","floor":22,"turns":5},{"damage":43,"enemies":"Gremlin Leader","floor":24,"turns":4},{"damage":41,"enemies":"Book of Stabbing","floor":27,"turns":4}],"event_choices":[{"event_name":"The Cleric","player_choice":"Leave","floor":2,"damage_taken":0},{"event_name":"Dead Adventurer","player_choice":"Searched \u00272\u0027 times","floor":7,"damage_taken":0},{"event_name":"Golden Shrine","player_choice":"Pray","floor":12,"damage_taken":0},{"event_name":"The Woman in Blue","player_choice":"Bought 2 Potions","floor":20,"damage_taken":0},{"event_name":"The Library","player_choice":"Heal","floor":25,"damage_taken":0}],"boss_relics":[{"not_picked":["Calling Bell","Question Card"],"picked":"Pandora\u0027s Box"}],"potions_floor_spawned":[8,11,16,18],"seed_played":"4424889461983234467","killed_by":"Book of Stabbing","ascension_level":0,"is_trial":false}