{"gold_per_floor":[110,35,50,50,69,69,100,100,125,137,99,128,157,203,215,324,336,368,479,84,84,84,117,117,101,101,113,124,124,142,159,159,254,254,273,273,45,60,6,33,33,43,43,43,56,104,104,139,139,139],"floor_reached":51,"playtime":4551,"items_purged":["Slimebound:Strike_Slimebound","Slimebound:Strike_Slimebound","Slimebound:Strike_Slimebound"],"score":760,"play_id":"9f414bf3-d077-49c0-89a9-f40ea91bab0b","local_time":"20190106200701","is_ascension_mode":false,"campfire_choices":[{"data":"Slimebound:SelfFormingGoo","floor":6.0,"key":"SMITH"},{"data":"Slimebound:FirmFortitude","floor":8.0,"key":"SMITH"},{"data":"Slimebound:Recycling","floor":15.0,"key":"SMITH"},{"data":"Slimebound:StudyTheSpire","floor":24.0,"key":"SMITH"},{"data":"Slimebound:HauntingLick","floor":29.0,"key":"SMITH"},{"data":"Slimebound:Gluttony","floor":32.0,"key":"SMITH"},{"data":"Slimebound:FirmFortitude","floor":41,"key":"SMITH"},{"data":"Slimebound:QuickStudy","floor":44,"key":"SMITH"},{"floor":47,"key":"REST"},{"data":"Slimebound:SuperSplit","floor":49,"key":"SMITH"}],"neow_cost":"NONE","seed_source_timestamp":341184123787239,"circlet_count":0,"master_deck":["Slimebound:Defend_Slimebound","Slimebound:Defend_Slimebound+1","Slimebound:Defend_Slimebound","Slimebound:Defend_Slimebound","Slimebound:Split","Slimebound:CorrosiveSpit","Slimebound:HauntingLick+1","Slimebound:SlimeSpikes","Slimebound:SelfFormingGoo+1","Slimebound:FirmFortitude+1","Slimebound:MassFeed","Slimebound:LevelUp","Slimebound:Recycling+1","Slimebound:StudyTheSpire+1","Slimebound:LevelUp+1","Slimebound:SuperSplit+1","Slimebound:HungryTackle","Slimebound:SelfFormingGoo","Slimebound:Gluttony+1","Slimebound:FirmFortitude","Slimebound:PoisonLick+1","Slimebound:ViciousTackle+1","Slimebound:LeechEnergy+1","Slimebound:DivideAndConquer","Slimebound:Gluttony","Slimebound:Recycling","Slimebound:SplitMire+1","Slimebound:LeechingTouch","Slimebound:ProtectTheBoss","Slimebound:FinishingTackle","Slimebound:LevelUp","Slimebound:FirmFortitude+1","Slimebound:DivideAndConquer+1","Slimebound:QuickStudy+1","Slimebound:TongueLash+1","Slimebound:SplitLeeching+1","Slimebound:RejuvenatingLick+1","Slimebound:SuperSplit+1"],"special_seed":0,"relics":["Slimebound:AbsorbEndCombatUpgraded","Dream Catcher","MawBank","Bag of Marbles","Sozu","Happy Flower","War Paint","Matryoshka","Slimebound:MaxSlimesRelic","Bronze Scales","Ornamental Fan","Slimebound:PotencyRelic","Letter Opener"],"potions_floor_usage":[50],"damage_taken":[{"damage":4.0,"enemies":"Cultist","floor":1.0,"turns":3.0},{"damage":6.0,"enemies":"Jaw Worm","floor":3.0,"turns":5.0},{"damage":0.0,"enemies":"2 Louse","floor":5.0,"turns":2.0},{"damage":29.0,"enemies":"Lagavulin","floor":7.0,"turns":9.0},{"damage":8.0,"enemies":"Blue Slaver","floor":12.0,"turns":5.0},{"damage":8.0,"enemies":"Looter","floor":13.0,"turns":3.0},{"damage":25.0,"enemies":"3 Sentries","floor":14.0,"turns":10.0},{"damage":20.0,"enemies":"Slime Boss","floor":16.0,"turns":11.0},{"damage":10.0,"enemies":"Shell Parasite","floor":18.0,"turns":6.0},{"damage":42.0,"enemies":"Book of Stabbing","floor":23.0,"turns":6.0},{"damage":18.0,"enemies":"2 Thieves","floor":25.0,"turns":5.0},{"damage":27.0,"enemies":"Centurion and Healer","floor":27.0,"turns":5.0},{"damage":20.0,"enemies":"Chosen and Byrds","floor":28.0,"turns":6.0},{"damage":22.0,"enemies":"Snake Plant","floor":30.0,"turns":3.0},{"damage":37.0,"enemies":"Sentry and Sphere","floor":31.0,"turns":4.0},{"damage":28.0,"enemies":"Automaton","floor":33.0,"turns":6.0},{"damage":47.0,"enemies":"3 Darklings","floor":35.0,"turns":4.0},{"damage":31.0,"enemies":"3 Shapes","floor":38.0,"turns":4.0},{"damage":25,"enemies":"Nemesis","floor":40,"turns":7},{"damage":38,"enemies":"Writhing Mass","floor":42,"turns":4},{"damage":31,"enemies":"Transient","floor":45,"turns":5},{"damage":75,"enemies":"2 Orb Walkers","floor":46,"turns":6},{"damage":29,"enemies":"Giant Head","floor":48,"turns":6},{"damage":84,"enemies":"Time Eater","floor":50,"turns":6}],"seed_played":"-4624008095155003158","potions_obtained":[{"floor":3.0,"key":"Weak Potion"},{"floor":4.0,"key":"PowerPotion"},{"floor":4.0,"key":"Regen Potion"},{"floor":14.0,"key":"Weak Potion"},{"floor":16.0,"key":"Strength Potion"}],"is_trial":false,"path_per_floor":["M","$","M","?","M","R","E","R","T","$","?","M","M","E","R","B",null,"M","?","$","?","?","E","R","M","T","M","M","R","M","M","R","B",null,"M","?","$","M","$","E","R","M","T","R","M","?","R","E","R","B",null],"character_chosen":"SLIMEBOUND","items_purchased":["Slimebound:SuperSplit","Slimebound:HungryTackle","Slimebound:SelfFormingGoo","Slimebound:ProtectTheBoss","Slimebound:FinishingTackle","Slimebound:FirmFortitude"],"campfire_rested":1,"item_purchase_floors":[20,20,20,37,37,39],"current_hp_per_floor":[66,66,66,66,66,66,51,51,51,51,51,53,55,46,46,58,69,69,69,69,69,69,65,65,69,69,72,72,72,72,61,61,75,75,65,65,65,75,75,75,75,75,75,75,75,20,43,78,78,41],"gold":139,"neow_bonus":"TEN_PERCENT_HP_BONUS","is_prod":false,"is_daily":false,"chose_seed":false,"campfire_upgraded":9,"win_rate":0.0,"timestamp":1546801621,"path_taken":["M","$","?","?","?","R","E","R","T","?","?","M","M","E","R","BOSS","M","?","$","?","?","E","R","M","T","M","M","R","M","M","R","BOSS","M","?","?","?","$","E","R","M","T","R","M","?","R","E","R","BOSS"],"build_version":"2019-01-03v4","purchased_purges":3,"victory":true,"max_hp_per_floor":[66,66,66,66,66,66,66,66,66,66,66,66,66,69,69,69,69,69,69,69,69,69,69,69,69,69,72,72,72,72,72,72,75,75,75,75,75,75,75,75,75,75,75,75,75,78,78,78,78,78],"card_choices":[{"not_picked":["Slimebound:Lick","Slimebound:FinishingTackle"],"picked":"Slimebound:HauntingLick","floor":1.0},{"not_picked":["Slimebound:SplitAcid","Slimebound:LeechLife"],"picked":"Slimebound:SlimeSpikes","floor":3.0},{"not_picked":["Slimebound:ItLooksTasty","Slimebound:SpikyOuterGoop"],"picked":"Slimebound:SelfFormingGoo","floor":5.0},{"not_picked":["Slimebound:ComboTackle","Slimebound:Replication"],"picked":"Slimebound:FirmFortitude","floor":7.0},{"not_picked":["Slimebound:LeechLife","Slimebound:LeechingTouch"],"picked":"Slimebound:MassFeed","floor":12.0},{"not_picked":["Slimebound:SoulSicken","Slimebound:GoopSpray"],"picked":"Slimebound:LevelUp","floor":13.0},{"not_picked":["Slimebound:FirmFortitude","Slimebound:PressTheAttack"],"picked":"Slimebound:Recycling","floor":14.0},{"not_picked":["Slimebound:MassRepurpose","Slimebound:MassFeed"],"picked":"Slimebound:StudyTheSpire","floor":16.0},{"not_picked":["Slimebound:LeechingTouch","Slimebound:Equalize"],"picked":"Slimebound:LevelUp+1","floor":18.0},{"not_picked":["Slimebound:Lick","Slimebound:SplitBruiser"],"picked":"Slimebound:FirmFortitude","floor":23.0},{"not_picked":["Slimebound:SlimeBarrage","Slimebound:SplitAcid"],"picked":"Slimebound:PoisonLick+1","floor":25.0},{"not_picked":["Slimebound:SelfFormingGoo","Slimebound:LeechingTouch"],"picked":"Slimebound:ViciousTackle+1","floor":27.0},{"not_picked":["Slimebound:RejuvenatingLick","Slimebound:ViciousTackle"],"picked":"Slimebound:LeechEnergy+1","floor":28.0},{"not_picked":["Slimebound:Grow","Slimebound:GangUp+1"],"picked":"Slimebound:DivideAndConquer","floor":30.0},{"not_picked":["Slimebound:SpikyOuterGoop","Slimebound:LeechEnergy"],"picked":"Slimebound:Gluttony","floor":31.0},{"not_picked":["Slimebound:Overexert","Slimebound:OozeBath"],"picked":"Slimebound:Recycling","floor":33.0},{"not_picked":["Slimebound:SlimeSpikes","Slimebound:RejuvenatingLick+1"],"picked":"Slimebound:SplitMire+1","floor":35.0},{"not_picked":["Slimebound:PressTheAttack+1","Slimebound:LeechingTouch"],"picked":"Slimebound:LevelUp","floor":38.0},{"not_picked":["Slimebound:StrayGoop","Slimebound:Repurpose+1"],"picked":"Slimebound:DivideAndConquer+1","floor":40},{"not_picked":["Slimebound:FormABlockade","Slimebound:GoopTackle+1"],"picked":"Slimebound:QuickStudy","floor":42},{"not_picked":["Slimebound:DivideAndConquer+1","Slimebound:FormABlockade"],"picked":"Slimebound:TongueLash+1","floor":45},{"not_picked":["Slimebound:SlimeTap+1","Slimebound:SlimeSpikes+1"],"picked":"Slimebound:SplitLeeching+1","floor":46},{"not_picked":["Slimebound:StrayGoop","Slimebound:LivingWall+1"],"picked":"Slimebound:RejuvenatingLick+1","floor":47},{"not_picked":["Slimebound:LeechLife","Slimebound:WasteNot"],"picked":"Slimebound:SuperSplit","floor":48}],"player_experience":11055,"relics_obtained":[{"floor":7.0,"key":"Dream Catcher"},{"floor":9.0,"key":"MawBank"},{"floor":14.0,"key":"Bag of Marbles"},{"floor":23.0,"key":"War Paint"},{"floor":26.0,"key":"Matryoshka"},{"floor":40,"key":"Slimebound:MaxSlimesRelic"},{"floor":43,"key":"Bronze Scales"},{"floor":43,"key":"Ornamental Fan"},{"floor":46,"key":"Slimebound:PotencyRelic"},{"floor":48,"key":"Letter Opener"}],"event_choices":[{"damage_healed":0.0,"max_hp_gain":0.0,"max_hp_loss":0.0,"gold_gain":0.0,"event_name":"Lab","player_choice":"Got Potions","floor":4.0,"gold_loss":0.0,"damage_taken":0.0},{"cards_removed":["Slimebound:Strike_Slimebound"],"damage_healed":0.0,"max_hp_gain":0.0,"max_hp_loss":0.0,"gold_gain":0.0,"event_name":"The Cleric","player_choice":"Card Removal","floor":11.0,"gold_loss":50.0,"damage_taken":0.0},{"damage_healed":0.0,"max_hp_gain":0.0,"max_hp_loss":0.0,"gold_gain":99.0,"event_name":"Nest","player_choice":"Stole From Cult","floor":19.0,"gold_loss":0.0,"damage_taken":0.0},{"damage_healed":0.0,"max_hp_gain":0.0,"max_hp_loss":0.0,"gold_gain":0.0,"event_name":"The Mausoleum","player_choice":"Opened","floor":21.0,"gold_loss":0.0,"damage_taken":0.0,"relics_obtained":["Happy Flower"]},{"damage_healed":0.0,"max_hp_gain":0.0,"max_hp_loss":0.0,"gold_gain":0.0,"event_name":"The Library","player_choice":"Read","floor":22.0,"gold_loss":0.0,"damage_taken":0.0,"cards_obtained":["Slimebound:Gluttony"]},{"damage_healed":0.0,"max_hp_gain":0.0,"max_hp_loss":0.0,"gold_gain":0.0,"event_name":"Match and Keep!","player_choice":"1 cards matched","floor":36.0,"gold_loss":0.0,"damage_taken":0.0,"cards_obtained":["Slimebound:LeechingTouch"]},{"damage_healed":0,"gold_gain":0,"player_choice":"Fight","damage_taken":0,"max_hp_gain":0,"max_hp_loss":0,"event_name":"Mysterious Sphere","floor":46,"gold_loss":0}],"is_beta":false,"boss_relics":[{"not_picked":["Coffee Dripper","Fusion Hammer"],"picked":"Sozu"},{"not_picked":["Calling Bell","Busted Crown"],"picked":"Slimebound:AbsorbEndCombatUpgraded"}],"items_purged_floors":[2,20,37],"is_endless":false,"potions_floor_spawned":[3,5,14,16,18,23,27,31,33,38,40,46,48],"ascension_level":0}