{"gold_per_floor":[118,118,6,69,69,69,83,95,121,153,169,169,184,254,254,330,330,302,302,302,302,38,38,38],"floor_reached":24,"playtime":673,"items_purged":["Strike_R"],"score":336,"play_id":"9fad1b61-9bc2-4676-924d-bdf2a39ff391","local_time":"20180808172038","is_ascension_mode":true,"campfire_choices":[{"data":"Shockwave","floor":6,"key":"SMITH"},{"data":"Clothesline","floor":12,"key":"SMITH"},{"data":"True Grit","floor":15,"key":"SMITH"},{"floor":23,"key":"REST"}],"neow_cost":"NONE","seed_source_timestamp":543883310017852,"circlet_count":0,"master_deck":["Strike_R","Strike_R","Strike_R","Strike_R","Defend_R","Defend_R","Defend_R","Defend_R","Bash+1","AscendersBane","True Grit+1","Shockwave+1","Evolve","Pommel Strike","Clothesline+1","Limit Break","Shrug It Off+1","Immolate","Armaments"],"relics":["Black Blood","Bag of Preparation","Lantern","Oddly Smooth Stone","Red Skull","Self Forming Clay","Potion Belt"],"potions_floor_usage":[16,24],"damage_taken":[{"damage":6,"enemies":"2 Louse","floor":1,"turns":3},{"damage":9,"enemies":"Jaw Worm","floor":7,"turns":4},{"damage":0,"enemies":"Small Slimes","floor":8,"turns":3},{"damage":9,"enemies":"Gremlin Nob","floor":10,"turns":4},{"damage":2,"enemies":"Looter","floor":11,"turns":3},{"damage":19,"enemies":"Large Slime","floor":13,"turns":7},{"damage":42,"enemies":"The Guardian","floor":16,"turns":17},{"damage":14,"enemies":"2 Thieves","floor":18,"turns":5},{"damage":78,"enemies":"Gremlin Leader","floor":24,"turns":10}],"seed_played":"-1996663072918146653","potions_obtained":[{"floor":10,"key":"SkillPotion"},{"floor":11,"key":"Regen Potion"},{"floor":18,"key":"SpeedPotion"}],"is_trial":false,"path_per_floor":["M","?","$","?","?","R","M","M","T","E","M","R","M","T","R","B",null,"M","T","?","?","$","R"],"character_chosen":"IRONCLAD","items_purchased":["Shockwave","Evolve","Immolate","Armaments"],"campfire_rested":1,"item_purchase_floors":[3,3,22,22],"current_hp_per_floor":[68,68,68,68,42,42,39,45,45,42,46,46,33,33,33,12,59,55,55,34,34,34,58,0],"gold":38,"neow_bonus":"RANDOM_COMMON_RELIC","is_prod":false,"is_daily":false,"chose_seed":false,"campfire_upgraded":3,"win_rate":0,"timestamp":1533741638,"path_taken":["M","?","$","?","?","R","M","M","T","E","M","R","M","?","R","BOSS","M","?","?","?","$","R","E"],"build_version":"2018-08-02","purchased_purges":1,"victory":false,"max_hp_per_floor":[75,75,75,75,75,75,75,75,75,75,75,75,75,75,75,75,75,75,75,80,80,80,80,80],"card_choices":[{"not_picked":["Power Through","Sword Boomerang"],"picked":"True Grit","floor":1},{"not_picked":["Searing Blow","Battle Trance"],"picked":"Pommel Strike","floor":7},{"not_picked":["Intimidate","Warcry"],"picked":"Clothesline","floor":8},{"not_picked":["Berserk","Fire Breathing","Anger"],"picked":"SKIP","floor":10},{"not_picked":["Burning Pact","Second Wind","Clothesline"],"picked":"SKIP","floor":11},{"not_picked":["Wild Strike","Burning Pact","Perfected Strike"],"picked":"SKIP","floor":13},{"not_picked":["Brutality","Impervious"],"picked":"Limit Break","floor":16},{"not_picked":["Havoc","Burning Pact"],"picked":"Shrug It Off+1","floor":18}],"player_experience":1286445,"relics_obtained":[{"floor":9,"key":"Oddly Smooth Stone"},{"floor":10,"key":"Red Skull"},{"floor":14,"key":"Self Forming Clay"},{"floor":19,"key":"Potion Belt"}],"event_choices":[{"event_name":"Living Wall","player_choice":"Grow","floor":2,"damage_taken":0},{"event_name":"Golden Wing","player_choice":"Gained Gold","floor":4,"damage_taken":0},{"event_name":"Scrap Ooze","player_choice":"success","floor":5,"damage_taken":26},{"event_name":"Forgotten Altar","player_choice":"Shed Blood","floor":20,"damage_taken":0},{"event_name":"Drug Dealer","player_choice":"Ignored","floor":21,"damage_taken":0}],"is_beta":false,"boss_relics":[{"not_picked":["Pandora\u0027s Box","Velvet Choker"],"picked":"Black Blood"}],"items_purged_floors":[22],"is_endless":false,"potions_floor_spawned":[10,11,13,18],"killed_by":"Gremlin Leader","ascension_level":15}