{"gold_per_floor":[113,129,144,158,168,168,201,213,213,213,228,240,240,32,32,136,136,156,13,28,43,43,72,72,72,72,83,36,47,67,84,84,183,183,194,241,159,171,185,485,500,529,554,568,37,37,53,69,69,69],"floor_reached":51,"playtime":1875,"items_purged":[],"score":986,"play_id":"088eabc2-7239-4b9c-ba36-9229c9e7ebfc","local_time":"20180718153532","daily_mods":["Heirloom","Cursed Run","Vintage"],"is_ascension_mode":false,"campfire_choices":[{"data":"Bash","floor":6,"key":"SMITH"},{"data":"Defend_R","floor":10,"key":"SMITH"},{"data":"Defend_R","floor":13,"key":"SMITH"},{"data":"True Grit","floor":15,"key":"SMITH"},{"floor":32,"key":"DIG"},{"floor":40,"key":"DIG"},{"floor":46,"key":"DIG"},{"floor":49,"key":"DIG"}],"neow_cost":"","seed_source_timestamp":658285969562074,"circlet_count":0,"master_deck":["Strike_R","Strike_R","Strike_R","Strike_R","Strike_R","Defend_R+1","Defend_R+1","Defend_R+1","Defend_R+1","Bash+1","Battle Trance","Rampage+1","Twin Strike+1","True Grit+1","Feel No Pain","Fiend Fire+1","Shockwave","Whirlwind+1","Writhe","Pommel Strike+1","Injury","Exhume","Pain","Clumsy","Doubt","Feed+1","Clumsy","Pummel+1","Master of Strategy","Rampage+1","Clumsy"],"relics":["Cursed Key","Darkstone Periapt","Du-Vu Doll","Torii","War Paint","Orichalcum","Gambling Chip","Singing Bowl","Prayer Wheel","Vajra","Omamori","Calipers","Red Skull","Molten Egg 2","Bronze Scales","Sozu","Shovel","Bag of Marbles","Matryoshka","Centennial Puzzle","Bottled Lightning","Frozen Egg 2","Mercury Hourglass","Ancient Tea Set","Strawberry","Bag of Preparation","Peace Pipe","Anchor","Juzu Bracelet","Calling Bell","Regal Pillow","Meat on the Bone","Turnip","Smiling Mask","Tiny Chest","Blood Vial","Shuriken","Old Coin","Dream Catcher","Pen Nib","Gremlin Horn","Mummified Hand","Kunai","Bottled Tornado","Ice Cream","Incense Burner","Letter Opener","Toxic Egg 2"],"potions_floor_usage":[7,23,50],"damage_taken":[{"damage":6,"enemies":"Jaw Worm","floor":1,"turns":3},{"damage":0,"enemies":"2 Louse","floor":2,"turns":3},{"damage":0,"enemies":"Cultist","floor":3,"turns":3},{"damage":0,"enemies":"2 Fungi Beasts","floor":4,"turns":4},{"damage":0,"enemies":"Looter","floor":5,"turns":3},{"damage":2,"enemies":"3 Sentries","floor":7,"turns":9},{"damage":1,"enemies":"Blue Slaver","floor":8,"turns":2},{"damage":1,"enemies":"Red Slaver","floor":11,"turns":2},{"damage":0,"enemies":"Large Slime","floor":12,"turns":2},{"damage":37,"enemies":"Hexaghost","floor":16,"turns":8},{"damage":0,"enemies":"Chosen","floor":18,"turns":3},{"damage":7,"enemies":"3 Byrds","floor":20,"turns":4},{"damage":0,"enemies":"Sentry and Sphere","floor":21,"turns":3},{"damage":0,"enemies":"Gremlin Leader","floor":23,"turns":5},{"damage":1,"enemies":"Cultist and Chosen","floor":27,"turns":2},{"damage":0,"enemies":"Snecko","floor":29,"turns":2},{"damage":0,"enemies":"Sentry and Sphere","floor":30,"turns":2},{"damage":0,"enemies":"Chosen and Byrds","floor":31,"turns":2},{"damage":23,"enemies":"Collector","floor":33,"turns":6},{"damage":0,"enemies":"Flame Bruiser 1 Orb","floor":35,"turns":2},{"damage":0,"enemies":"3 Darklings","floor":36,"turns":1},{"damage":3,"enemies":"Maw","floor":38,"turns":5},{"damage":6,"enemies":"Spire Growth","floor":39,"turns":2},{"damage":0,"enemies":"3 Darklings","floor":41,"turns":2},{"damage":0,"enemies":"Nemesis","floor":42,"turns":1},{"damage":0,"enemies":"Flame Bruiser 2 Orb","floor":44,"turns":1},{"damage":3,"enemies":"Transient","floor":47,"turns":5},{"damage":1,"enemies":"Spire Growth","floor":48,"turns":1},{"damage":31,"enemies":"Time Eater","floor":50,"turns":4}],"seed_played":"-8154172961486309578","potions_obtained":[{"floor":1,"key":"Regen Potion"},{"floor":2,"key":"Strength Potion"},{"floor":8,"key":"AttackPotion"},{"floor":12,"key":"EssenceOfSteel"}],"is_trial":true,"path_per_floor":["M","M","M","M","M","R","E","M","T","R","M","M","R","$","R","B",null,"M","$","M","M","$","E","?","?","T","M","$","M","M","M","R","B",null,"M","M","$","M","M","R","M","E","T","M","$","R","M","M","R","B"],"character_chosen":"IRONCLAD","items_purchased":["Rampage+1","Twin Strike+1","True Grit","Feel No Pain","Bag of Marbles","Pommel Strike+1","Feed+1","Pummel+1","Bottled Tornado","Master of Strategy","Rampage+1"],"campfire_rested":0,"item_purchase_floors":[14,14,14,14,19,28,37,45,45,45,45],"current_hp_per_floor":[74,74,74,74,74,74,80,79,79,79,78,78,78,78,78,41,80,80,80,73,73,73,73,73,73,79,78,78,85,85,85,85,68,117,117,117,117,114,110,110,112,116,122,124,124,124,122,123,123,100],"gold":69,"neow_bonus":"","is_prod":false,"is_daily":false,"chose_seed":false,"campfire_upgraded":4,"win_rate":0,"timestamp":1531920932,"path_taken":["M","M","M","M","M","R","E","M","T","R","M","M","R","$","R","BOSS","M","$","M","M","$","E","?","?","T","?","$","M","M","M","R","BOSS","M","M","$","M","M","R","M","E","T","M","$","R","M","M","R","BOSS"],"build_version":"2018-07-12","purchased_purges":0,"victory":true,"max_hp_per_floor":[80,80,80,80,80,80,80,80,80,80,80,80,80,80,80,80,80,80,80,80,80,80,80,80,80,86,86,86,93,93,93,93,99,117,117,117,117,117,117,117,117,119,125,125,125,125,125,125,125,131],"card_choices":[{"not_picked":["Rupture","Fire Breathing"],"picked":"Battle Trance","floor":7},{"not_picked":["Brutality","Juggernaut"],"picked":"Fiend Fire+1","floor":16},{"not_picked":["Combust","Fire Breathing+1"],"picked":"Shockwave","floor":23},{"not_picked":["Impervious","Fiend Fire+1"],"picked":"Exhume","floor":33},{"not_picked":["Warcry","True Grit+1","Sever Soul+1"],"picked":"Singing Bowl","floor":42}],"player_experience":1092879,"relics_obtained":[{"floor":1,"key":"War Paint"},{"floor":2,"key":"Orichalcum"},{"floor":3,"key":"Gambling Chip"},{"floor":4,"key":"Singing Bowl"},{"floor":5,"key":"Prayer Wheel"},{"floor":7,"key":"Vajra"},{"floor":8,"key":"Omamori"},{"floor":9,"key":"Calipers"},{"floor":11,"key":"Red Skull"},{"floor":12,"key":"Molten Egg 2"},{"floor":16,"key":"Bronze Scales"},{"floor":18,"key":"Shovel"},{"floor":20,"key":"Matryoshka"},{"floor":21,"key":"Centennial Puzzle"},{"floor":23,"key":"Bottled Lightning"},{"floor":26,"key":"Frozen Egg 2"},{"floor":26,"key":"Mercury Hourglass"},{"floor":27,"key":"Ancient Tea Set"},{"floor":29,"key":"Strawberry"},{"floor":30,"key":"Bag of Preparation"},{"floor":31,"key":"Peace Pipe"},{"floor":32,"key":"Anchor"},{"floor":33,"key":"Juzu Bracelet"},{"floor":34,"key":"Regal Pillow"},{"floor":34,"key":"Meat on the Bone"},{"floor":34,"key":"Turnip"},{"floor":35,"key":"Smiling Mask"},{"floor":36,"key":"Tiny Chest"},{"floor":38,"key":"Blood Vial"},{"floor":39,"key":"Shuriken"},{"floor":40,"key":"Old Coin"},{"floor":41,"key":"Dream Catcher"},{"floor":42,"key":"Pen Nib"},{"floor":43,"key":"Gremlin Horn"},{"floor":43,"key":"Mummified Hand"},{"floor":44,"key":"Kunai"},{"floor":46,"key":"Ice Cream"},{"floor":47,"key":"Incense Burner"},{"floor":48,"key":"Letter Opener"},{"floor":49,"key":"Toxic Egg 2"}],"event_choices":[{"event_name":"Addict","player_choice":"Ignored","floor":24,"damage_taken":0},{"event_name":"The Library","player_choice":"Read","floor":25,"damage_taken":0}],"boss_relics":[{"not_picked":["Snecko Eye","Eternal Feather"],"picked":"Sozu"},{"not_picked":["Black Star","Philosopher\u0027s Stone"],"picked":"Calling Bell"}],"items_purged_floors":[],"is_endless":false,"potions_floor_spawned":[1,2,8,12,16,20,23,29,38,39,44,47],"ascension_level":0}