{"gold_per_floor":[116,135,150,150,163,163,10,36,61,78,78,178,194,208,208,312,312,324,334,70,84,84,84,103,103,130,149,149,0,26,26,26,26],"floor_reached":33,"playtime":6198,"items_purged":["Strike_G","Strike_G","Writhe"],"score":269,"play_id":"09296763-bebe-4074-a711-3e3d6793a6ed","local_time":"20190211192250","is_ascension_mode":false,"campfire_choices":[{"data":"Backflip","floor":6,"key":"SMITH"},{"data":"Backflip","floor":11,"key":"SMITH"},{"data":"Noxious Fumes","floor":15,"key":"SMITH"},{"data":"Acrobatics","floor":23,"key":"SMITH"},{"floor":32,"key":"REST"}],"neow_cost":"NONE","seed_source_timestamp":11888464804800,"circlet_count":0,"master_deck":["Defend_G","Defend_G","Defend_G","Defend_G","Defend_G","Strike_G+1","Survivor","Neutralize","Deflect","Deflect","Deadly Poison","Dodge and Roll","Neutralize","Backflip+1","Noxious Fumes+1","Backflip+1","Poisoned Stab+1","Deadly Poison","Noxious Fumes","Corpse Explosion","Acrobatics+1","Bane+1","Footwork","PiercingWail","Tactician","Underhanded Strike","Necronomicurse","Tools of the Trade","Outmaneuver"],"relics":["Ring of the Snake","Oddly Smooth Stone","Ancient Tea Set","Empty Cage","Shuriken","Necronomicon","Whetstone","Bag of Preparation","Orichalcum"],"potions_floor_usage":[8,30,30],"damage_taken":[{"damage":8,"enemies":"Jaw Worm","floor":1,"turns":9},{"damage":5,"enemies":"Cultist","floor":2,"turns":7},{"damage":0,"enemies":"Small Slimes","floor":3,"turns":4},{"damage":1,"enemies":"Red Slaver","floor":5,"turns":6},{"damage":24,"enemies":"3 Sentries","floor":8,"turns":8},{"damage":0,"enemies":"Large Slime","floor":10,"turns":7},{"damage":0,"enemies":"2 Fungi Beasts","floor":13,"turns":4},{"damage":0,"enemies":"Blue Slaver","floor":14,"turns":4},{"damage":5,"enemies":"Hexaghost","floor":16,"turns":8},{"damage":3,"enemies":"Shell Parasite","floor":18,"turns":6},{"damage":6,"enemies":"Spheric Guardian","floor":19,"turns":4},{"damage":6,"enemies":"Snecko","floor":21,"turns":6},{"damage":3,"enemies":"Centurion and Healer","floor":24,"turns":7},{"damage":10,"enemies":"Shelled Parasite and Fungi","floor":27,"turns":9},{"damage":25,"enemies":"Slavers","floor":30,"turns":6},{"damage":42,"enemies":"Collector","floor":33,"turns":5}],"seed_played":"-3529775916189198974","potions_obtained":[{"floor":5,"key":"Ancient Potion"},{"floor":8,"key":"Explosive Potion"},{"floor":14,"key":"GhostInAJar"},{"floor":24,"key":"Block Potion"},{"floor":27,"key":"EssenceOfSteel"}],"is_trial":false,"path_per_floor":["M","M","M","?","M","R","$","E","T","M","R","?","M","M","R","B",null,"M","M","$","M","T","R","M","?","T","M","?","$","E","$","R","B"],"character_chosen":"THE_SILENT","items_purchased":["Noxious Fumes","Footwork","PiercingWail","Tactician","Outmaneuver"],"campfire_rested":1,"item_purchase_floors":[7,20,20,20,29],"current_hp_per_floor":[69,64,64,64,63,63,63,39,39,39,39,39,39,39,39,34,77,74,68,68,62,62,62,59,43,43,33,33,33,8,8,31,0],"gold":26,"neow_bonus":"TEN_PERCENT_HP_BONUS","is_prod":false,"is_daily":false,"chose_seed":false,"campfire_upgraded":4,"win_rate":0,"timestamp":1549930970,"path_taken":["M","M","M","?","M","R","?","E","T","M","R","?","M","M","R","BOSS","M","M","$","M","?","R","M","?","T","M","?","$","E","?","R","BOSS"],"build_version":"2019-01-23","purchased_purges":3,"victory":false,"max_hp_per_floor":[77,77,77,77,77,77,77,77,77,77,77,77,77,77,77,77,77,77,77,77,77,77,77,77,77,77,77,77,77,77,77,77,77],"card_choices":[{"not_picked":["Slice","Dagger Throw"],"picked":"Deflect","floor":1},{"not_picked":["Underhanded Strike","Flying Knee"],"picked":"Deflect","floor":2},{"not_picked":["PiercingWail","Quick Slash"],"picked":"Deadly Poison","floor":3},{"not_picked":["Finisher","Crippling Poison"],"picked":"Backflip","floor":5},{"not_picked":["Bouncing Flask","Deadly Poison"],"picked":"Backflip","floor":8},{"not_picked":["Underhanded Strike","Slice"],"picked":"Poisoned Stab","floor":10},{"not_picked":["Flechettes","Glass Knife"],"picked":"Deadly Poison","floor":13},{"not_picked":["Acrobatics","Calculated Gamble"],"picked":"Noxious Fumes","floor":14},{"not_picked":["A Thousand Cuts","Venomology"],"picked":"Corpse Explosion","floor":16},{"not_picked":["Blade Dance","Poisoned Stab"],"picked":"Acrobatics","floor":18},{"not_picked":["Flying Knee+1","Slice+1"],"picked":"Bane+1","floor":19},{"not_picked":["Eviscerate","Reflex","Endless Agony"],"picked":"SKIP","floor":21},{"not_picked":["Tactician","Expertise"],"picked":"Underhanded Strike","floor":24},{"not_picked":["Deadly Poison","Dagger Spray"],"picked":"Tools of the Trade","floor":27},{"not_picked":["Terror","Slice","Outmaneuver"],"picked":"SKIP","floor":30}],"player_experience":24160,"relics_obtained":[{"floor":8,"key":"Oddly Smooth Stone"},{"floor":9,"key":"Ancient Tea Set"},{"floor":22,"key":"Shuriken"},{"floor":25,"key":"Necronomicon"},{"floor":26,"key":"Whetstone"},{"floor":30,"key":"Orichalcum"}],"event_choices":[{"damage_healed":0,"gold_gain":0,"player_choice":"3 cards matched","damage_taken":0,"max_hp_gain":0,"max_hp_loss":0,"event_name":"Match and Keep!","floor":4,"gold_loss":0,"cards_obtained":["Dodge and Roll","Writhe","Neutralize"]},{"damage_healed":0,"gold_gain":100,"player_choice":"Pray","damage_taken":0,"max_hp_gain":0,"max_hp_loss":0,"event_name":"Golden Shrine","floor":12,"gold_loss":0},{"damage_healed":0,"gold_gain":0,"player_choice":"Obtained Book","damage_taken":16,"max_hp_gain":0,"max_hp_loss":0,"event_name":"Cursed Tome","floor":25,"gold_loss":0},{"damage_healed":0,"gold_gain":0,"player_choice":"Opened","damage_taken":0,"relics_obtained":["Bag of Preparation"],"max_hp_gain":0,"max_hp_loss":0,"event_name":"The Mausoleum","floor":28,"gold_loss":0}],"is_beta":false,"boss_relics":[{"not_picked":["Eternal Feather","White Beast Statue"],"picked":"Empty Cage"}],"items_purged_floors":[7,20,29],"is_endless":false,"potions_floor_spawned":[5,8,14,24,27],"killed_by":"Collector","ascension_level":0}