{"gold_per_floor":[110,126,139,149,164,164,192,467,518,544,558,558],"floor_reached":12,"playtime":789,"items_purged":[],"score":97,"play_id":"5f18ae5a-2a4c-48fa-87e6-8659b6df59be","local_time":"20190210163554","is_ascension_mode":true,"campfire_choices":[{"data":"Neutralize","floor":6,"key":"SMITH"}],"neow_cost":"NONE","seed_source_timestamp":236247166996816,"circlet_count":0,"master_deck":["Defend_G","Defend_G","Defend_G","Defend_G","Defend_G","Strike_G","Strike_G","Strike_G","Strike_G","Strike_G","Survivor","Neutralize+1","Unload","Underhanded Strike","Prepared","Prepared","Blade Dance","All Out Attack","PiercingWail","Regret","Burst","Backflip"],"relics":["Ring of the Snake","Sundial","Lantern","Pantograph"],"potions_floor_usage":[5,5,5,7,7],"damage_taken":[{"damage":0,"enemies":"Cultist","floor":1,"turns":4},{"damage":4,"enemies":"Jaw Worm","floor":2,"turns":4},{"damage":0,"enemies":"2 Louse","floor":3,"turns":2},{"damage":0,"enemies":"2 Fungi Beasts","floor":4,"turns":5},{"damage":3,"enemies":"Gremlin Gang","floor":5,"turns":6},{"damage":10,"enemies":"Gremlin Nob","floor":7,"turns":3},{"damage":43,"enemies":"Lagavulin","floor":10,"turns":10},{"damage":2,"enemies":"Looter","floor":11,"turns":3},{"damage":8,"enemies":"Gremlin Nob","floor":12,"turns":3}],"seed_played":"-2444635327485709769","potions_obtained":[{"floor":2,"key":"EntropicBrew"},{"floor":4,"key":"Block Potion"},{"floor":5,"key":"PowerPotion"}],"is_trial":false,"path_per_floor":["M","M","M","M","M","R","E","?","T","E","M","E"],"character_chosen":"THE_SILENT","items_purchased":[],"campfire_rested":0,"item_purchase_floors":[],"current_hp_per_floor":[70,66,66,66,63,63,53,53,53,10,8,0],"gold":558,"neow_bonus":"ONE_RANDOM_RARE_CARD","is_prod":false,"is_daily":false,"chose_seed":false,"campfire_upgraded":1,"win_rate":0,"timestamp":1549812954,"path_taken":["M","M","M","M","M","R","E","?","T","E","M","E"],"build_version":"2019-01-23","purchased_purges":0,"victory":false,"max_hp_per_floor":[70,70,70,70,70,70,70,70,70,70,70,70],"card_choices":[{"not_picked":["Prepared","Finisher"],"picked":"Underhanded Strike","floor":1},{"not_picked":["Blade Dance","Setup"],"picked":"Prepared","floor":2},{"not_picked":["Poisoned Stab","Deadly Poison"],"picked":"Prepared","floor":3},{"not_picked":["Prepared","Bane"],"picked":"Blade Dance","floor":4},{"not_picked":["Flying Knee","Dagger Spray"],"picked":"All Out Attack","floor":5},{"not_picked":["Blur","Bane"],"picked":"PiercingWail","floor":7},{"not_picked":["Dagger Throw","Acrobatics"],"picked":"Burst","floor":10},{"not_picked":["Flying Knee","Choke"],"picked":"Backflip","floor":11}],"player_experience":138927,"relics_obtained":[{"floor":7,"key":"Sundial"},{"floor":9,"key":"Lantern"},{"floor":10,"key":"Pantograph"}],"event_choices":[{"damage_healed":0,"gold_gain":275,"player_choice":"Desecrate","damage_taken":0,"max_hp_gain":0,"max_hp_loss":0,"event_name":"Golden Shrine","floor":8,"gold_loss":0,"cards_obtained":["Regret"]}],"is_beta":false,"boss_relics":[],"items_purged_floors":[],"is_endless":false,"potions_floor_spawned":[2,4,5],"killed_by":"Gremlin Nob","ascension_level":1}