{"path_per_floor":["M","?","M","$","M","E","?","$","T","M","E","M","R","?","R","B",null,"M","M","M","?","?","R","$","R","T","$","R","M","E","?","R"],"character_chosen":"IRONCLAD","items_purchased":["True Grit","Bag of Marbles","Whirlwind","Offering"],"gold_per_floor":[219,219,239,193,206,239,239,239,239,254,279,289,289,289,289,387,387,407,418,430,345,345,345,198,198,198,49,49,68,100,100,100],"floor_reached":33,"campfire_rested":1,"playtime":1086,"current_hp_per_floor":[80,80,80,80,76,65,49,49,49,54,27,31,31,57,57,31,80,80,75,62,69,69,69,69,69,69,69,69,63,19,3,29],"items_purged":[],"gold":100,"score":273,"play_id":"e46c480d-909e-470c-a0d5-e8f21d37bef7","local_time":"20180314014230","is_prod":false,"is_daily":false,"is_ascension_mode":false,"campfire_upgraded":5,"timestamp":1520988150,"path_taken":["M","?","?","$","M","E","?","?","T","?","E","M","R","?","R","BOSS","M","M","M","?","?","R","?","R","T","$","R","M","E","?","R","BOSS"],"build_version":"2018-03-09","purchased_purges":0,"victory":false,"master_deck":["Bash","Metallicize","Feel No Pain","True Grit","Twin Strike+1","Thunderclap","Flex+1","Pommel Strike","Perfected Strike+1","Cleave","Clash","Anger","Twin Strike+1","Thunderclap","Anger","Corruption","Combust","Ghostly Armor+1","Pummel+1","Armaments+1","Immolate","Uppercut+1","Whirlwind+1","Offering+1","Clash+1"],"max_hp_per_floor":[80,80,80,80,80,80,80,80,80,80,80,80,80,80,80,80,80,80,80,80,87,87,87,87,87,87,87,87,87,87,87,87],"relics":["Burning Blood","Pen Nib","Torii","Toxic Egg 2","Pandora\u0027s Box","Strawberry","Bag of Marbles","Letter Opener","Meat on the Bone","Enchiridion"],"card_choices":[{"not_picked":["Thunderclap","Wild Strike"],"picked":"Metallicize"},{"not_picked":["Warcry","Sever Soul"],"picked":"Feel No Pain"},{"not_picked":["Body Slam","Cleave"],"picked":"Twin Strike"},{"not_picked":["Sword Boomerang","Shrug It Off"],"picked":"Thunderclap"},{"not_picked":["Burning Pact","Iron Wave"],"picked":"Flex"},{"not_picked":["Bloodletting","Clash"],"picked":"Pommel Strike"},{"not_picked":["Shrug It Off","Heavy Blade"],"picked":"Perfected Strike"},{"not_picked":["Iron Wave","Warcry"],"picked":"Ghostly Armor"},{"not_picked":["Thunderclap","Perfected Strike"],"picked":"Pummel"},{"not_picked":["Anger","Body Slam"],"picked":"Armaments"},{"not_picked":["Fiend Fire","Cleave"],"picked":"Clash"}],"player_experience":286919,"potions_floor_usage":[16,18,20],"damage_taken":[{"damage":3,"enemies":"Small Slimes","floor":1,"turns":4},{"damage":1,"enemies":"Cultist","floor":3,"turns":4},{"damage":10,"enemies":"Jaw Worm","floor":5,"turns":6},{"damage":17,"enemies":"Gremlin Nob","floor":6,"turns":6},{"damage":1,"enemies":"Red Slaver","floor":10,"turns":4},{"damage":33,"enemies":"Lagavulin","floor":11,"turns":5},{"damage":2,"enemies":"Looter","floor":12,"turns":3},{"damage":32,"enemies":"Hexaghost","floor":16,"turns":10},{"damage":0,"enemies":"2 Thieves","floor":18,"turns":1},{"damage":11,"enemies":"Shell Parasite","floor":19,"turns":4},{"damage":25,"enemies":"Snecko","floor":20,"turns":5},{"damage":12,"enemies":"Snake Plant","floor":29,"turns":3},{"damage":50,"enemies":"Gremlin Leader","floor":30,"turns":5},{"damage":42,"enemies":"Collector","floor":33,"turns":5}],"event_choices":[{"event_name":"Purifier","player_choice":"One Purge","floor":2,"damage_taken":0},{"event_name":"Shining Light","player_choice":"Entered Light","floor":7,"damage_taken":0},{"event_name":"Big Fish","player_choice":"Banana","floor":14,"damage_taken":0},{"event_name":"Addict","player_choice":"Obtained Relic","floor":21,"damage_taken":0},{"event_name":"Match and Keep!","player_choice":"2 cards matched","floor":22,"damage_taken":0},{"event_name":"Cursed Tome","player_choice":"Obtained Book","floor":31,"damage_taken":0}],"boss_relics":[{"not_picked":["Runic Pyramid","Eternal Feather"],"picked":"Pandora\u0027s Box"}],"potions_floor_spawned":[5,6,10,11,18],"seed_played":"-2738994009460161373","killed_by":"Collector","ascension_level":0,"is_trial":false}