{"gold_per_floor":[112,126,126,126,126,161,161,188,211,240,252,219,266,294,306,421,433,457,469,325,339,356,387,406,438,489,489,516,516,532,545,545,647,647,658,308,318,318,36,62,62,62,62,95,95,126,138,148,148,148],"floor_reached":51,"playtime":8852,"items_purged":["Strike_G","Unload","Deflect"],"score":1199,"play_id":"a15ba3ed-0329-412b-b671-6c05f1e4bb0c","local_time":"20190203014154","is_ascension_mode":true,"campfire_choices":[{"floor":7.0,"key":"REST"},{"data":"Catalyst","floor":15.0,"key":"SMITH"},{"data":"Burst","floor":27.0,"key":"SMITH"},{"data":"PiercingWail","floor":29.0,"key":"SMITH"},{"data":"Blur","floor":32.0,"key":"SMITH"},{"data":"Blur","floor":41.0,"key":"SMITH"},{"data":"Well Laid Plans","floor":45.0,"key":"SMITH"},{"floor":49,"key":"REST"}],"neow_cost":"NONE","seed_source_timestamp":337184926526233,"circlet_count":0,"master_deck":["Survivor","Neutralize+1","PiercingWail","Bouncing Flask","PiercingWail+1","Prepared","Dodge and Roll","Catalyst+1","PiercingWail","Bouncing Flask+1","Burst+1","Catalyst+1","Backstab","Dagger Spray+1","Well Laid Plans","Outmaneuver","Backflip","Blur+1","Blur+1","Malaise","Bouncing Flask","Setup","After Image","Corpse Explosion","Well Laid Plans+1","Footwork","Dodge and Roll+1","Acrobatics+1"],"special_seed":0,"relics":["Ring of the Snake","Happy Flower","Bag of Preparation","Meat on the Bone","Regal Pillow","MawBank","Art of War","Snecko Eye","Omamori","War Paint","Strawberry","Centennial Puzzle","Pandora\u0027s Box","Bottled Tornado","Anchor","Dream Catcher","Du-Vu Doll","Toxic Egg 2","Pen Nib"],"potions_floor_usage":[46,46,48],"damage_taken":[{"damage":15.0,"enemies":"Small Slimes","floor":1.0,"turns":6.0},{"damage":3.0,"enemies":"Jaw Worm","floor":2.0,"turns":6.0},{"damage":20.0,"enemies":"Lagavulin","floor":6.0,"turns":6.0},{"damage":28.0,"enemies":"3 Sentries","floor":8.0,"turns":11.0},{"damage":0.0,"enemies":"2 Louse","floor":10.0,"turns":3.0},{"damage":1.0,"enemies":"Looter","floor":12.0,"turns":5.0},{"damage":4.0,"enemies":"Lagavulin","floor":13.0,"turns":5.0},{"damage":23.0,"enemies":"Gremlin Gang","floor":14.0,"turns":10.0},{"damage":27.0,"enemies":"The Guardian","floor":16.0,"turns":8.0},{"damage":0.0,"enemies":"Spheric Guardian","floor":18.0,"turns":3.0},{"damage":0.0,"enemies":"Chosen","floor":21.0,"turns":2.0},{"damage":0.0,"enemies":"Shelled Parasite and Fungi","floor":22.0,"turns":4.0},{"damage":9.0,"enemies":"Book of Stabbing","floor":23.0,"turns":6.0},{"damage":5.0,"enemies":"Sentry and Sphere","floor":24.0,"turns":4.0},{"damage":0.0,"enemies":"Gremlin Leader","floor":25.0,"turns":5.0},{"damage":0.0,"enemies":"Book of Stabbing","floor":28.0,"turns":2.0},{"damage":10.0,"enemies":"Centurion and Healer","floor":30.0,"turns":9.0},{"damage":2.0,"enemies":"3 Cultists","floor":31.0,"turns":6.0},{"damage":20.0,"enemies":"Collector","floor":33.0,"turns":7.0},{"damage":5.0,"enemies":"3 Darklings","floor":35.0,"turns":2.0},{"damage":0.0,"enemies":"3 Shapes","floor":37.0,"turns":4.0},{"damage":0.0,"enemies":"Giant Head","floor":40.0,"turns":4.0},{"damage":0.0,"enemies":"Nemesis","floor":44.0,"turns":5.0},{"damage":50,"enemies":"Reptomancer","floor":46,"turns":6},{"damage":1,"enemies":"Jaw Worm Horde","floor":47,"turns":2},{"damage":0,"enemies":"Transient","floor":48,"turns":5},{"damage":57,"enemies":"Time Eater","floor":50,"turns":10}],"seed_played":"-8808163389217000815","potions_obtained":[{"floor":2.0,"key":"GhostInAJar"},{"floor":8.0,"key":"GhostInAJar"},{"floor":10.0,"key":"SpeedPotion"},{"floor":14.0,"key":"GhostInAJar"},{"floor":28.0,"key":"Block Potion"},{"floor":30.0,"key":"EssenceOfSteel"},{"floor":33.0,"key":"Explosive Potion"},{"floor":35.0,"key":"Explosive Potion"},{"floor":44.0,"key":"Swift Potion"},{"floor":46,"key":"GhostInAJar"}],"is_trial":false,"path_per_floor":["M","M","?","?","?","E","R","E","T","M","?","M","E","M","R","B",null,"M","?","$","M","M","E","M","E","T","R","E","R","M","M","R","B",null,"M","$","M","?","$","E","R","?","T","E","R","E","M","M","R","B",null],"character_chosen":"THE_SILENT","items_purchased":["Backstab","Bottled Tornado","Anchor"],"campfire_rested":2,"item_purchase_floors":[20,36,39],"current_hp_per_floor":[48,45,38,31,31,11,32,16,16,28,28,39,47,36,36,21,58,58,58,58,58,58,49,44,44,51,51,51,51,41,39,39,31,66,61,61,61,61,61,61,61,61,61,61,61,23,34,46,77,32],"gold":148,"neow_bonus":"RANDOM_COMMON_RELIC","is_prod":false,"is_daily":false,"chose_seed":false,"campfire_upgraded":6,"win_rate":0,"timestamp":1549176114,"path_taken":["M","M","?","?","?","E","R","E","T","M","?","M","E","M","R","BOSS","M","?","$","?","M","E","M","E","T","R","E","R","M","?","R","BOSS","M","$","M","?","$","E","R","?","T","E","R","E","M","?","R","BOSS"],"build_version":"2019-01-23","purchased_purges":3,"victory":true,"max_hp_per_floor":[70,70,70,70,70,70,70,70,70,70,70,70,70,70,70,70,70,70,70,70,70,70,70,70,70,77,77,77,77,77,77,77,77,77,77,77,77,77,77,77,77,77,77,77,77,77,77,77,77,77],"card_choices":[{"not_picked":["Outmaneuver","Skewer"],"picked":"PiercingWail","floor":1.0},{"not_picked":["Outmaneuver","Deadly Poison"],"picked":"Bouncing Flask","floor":2.0},{"not_picked":["Bouncing Flask","Outmaneuver"],"picked":"PiercingWail","floor":6.0},{"not_picked":["Dash","Quick Slash"],"picked":"Prepared","floor":8.0},{"not_picked":["Terror","Backflip"],"picked":"Dodge and Roll","floor":10.0},{"not_picked":["Deflect","Acrobatics"],"picked":"Catalyst","floor":12.0},{"not_picked":["Heel Hook","Expertise"],"picked":"PiercingWail","floor":13.0},{"not_picked":["Outmaneuver","Setup"],"picked":"Bouncing Flask","floor":14.0},{"not_picked":["Storm of Steel","Bullet Time"],"picked":"Burst","floor":16.0},{"not_picked":["Cloak And Dagger+1","PiercingWail","Deflect+1"],"picked":"SKIP","floor":18.0},{"not_picked":["Flechettes","Prepared","Deflect"],"picked":"SKIP","floor":21.0},{"not_picked":["Acrobatics","Expertise"],"picked":"Dagger Spray+1","floor":22.0},{"not_picked":["Riddle With Holes","Bane"],"picked":"Well Laid Plans","floor":23.0},{"not_picked":["Dagger Throw+1","Noxious Fumes"],"picked":"Outmaneuver","floor":24.0},{"not_picked":["Flying Knee","Eviscerate+1"],"picked":"Backflip","floor":25.0},{"not_picked":["Storm of Steel","Calculated Gamble"],"picked":"Blur","floor":28.0},{"not_picked":["Acrobatics+1","Quick Slash","Poisoned Stab"],"picked":"SKIP","floor":30.0},{"not_picked":["Quick Slash","Flechettes"],"picked":"Blur","floor":31.0},{"not_picked":["Phantasmal Killer","A Thousand Cuts"],"picked":"Malaise","floor":33.0},{"not_picked":["Cloak And Dagger","Endless Agony"],"picked":"Footwork","floor":35.0},{"not_picked":["Quick Slash","Accuracy","Terror"],"picked":"SKIP","floor":37.0},{"not_picked":["Terror+1","Bane+1","Slice"],"picked":"SKIP","floor":40.0},{"not_picked":["Deflect+1","Outmaneuver+1"],"picked":"Dodge and Roll+1","floor":44.0},{"not_picked":["Accuracy","Cloak And Dagger+1","Bane"],"picked":"SKIP","floor":46},{"not_picked":["Glass Knife","Acrobatics+1","Slice"],"picked":"SKIP","floor":47},{"not_picked":["Sucker Punch","Quick Slash+1"],"picked":"Acrobatics+1","floor":48}],"player_experience":391342,"relics_obtained":[{"floor":6.0,"key":"Meat on the Bone"},{"floor":8.0,"key":"Regal Pillow"},{"floor":9.0,"key":"MawBank"},{"floor":13.0,"key":"Art of War"},{"floor":23.0,"key":"Omamori"},{"floor":25.0,"key":"War Paint"},{"floor":26.0,"key":"Strawberry"},{"floor":28.0,"key":"Centennial Puzzle"},{"floor":40.0,"key":"Dream Catcher"},{"floor":43.0,"key":"Du-Vu Doll"},{"floor":44.0,"key":"Toxic Egg 2"},{"floor":46,"key":"Pen Nib"}],"event_choices":[{"cards_removed":["Strike_G"],"damage_healed":0.0,"max_hp_gain":0.0,"max_hp_loss":0.0,"gold_gain":0.0,"event_name":"Golden Wing","player_choice":"Card Removal","floor":3.0,"gold_loss":0.0,"damage_taken":7.0},{"damage_healed":0.0,"max_hp_gain":0.0,"max_hp_loss":0.0,"gold_gain":0.0,"event_name":"Scrap Ooze","player_choice":"Success","floor":4.0,"gold_loss":0.0,"damage_taken":7.0,"relics_obtained":["Bag of Preparation"]},{"damage_healed":0.0,"max_hp_gain":0.0,"max_hp_loss":0.0,"gold_gain":0.0,"event_name":"Liars Game","player_choice":"Ignored","floor":5.0,"gold_loss":0.0,"damage_taken":0.0},{"damage_healed":0.0,"max_hp_gain":0.0,"max_hp_loss":0.0,"gold_gain":0.0,"event_name":"Living Wall","player_choice":"Grow","floor":11.0,"gold_loss":0.0,"damage_taken":0.0,"cards_upgraded":["Neutralize"]},{"damage_healed":0.0,"max_hp_gain":0.0,"max_hp_loss":0.0,"gold_gain":0.0,"event_name":"Duplicator","player_choice":"Copied","floor":19.0,"gold_loss":0.0,"damage_taken":0.0,"cards_obtained":["Catalyst"]},{"damage_healed":0.0,"max_hp_gain":0.0,"max_hp_loss":0.0,"gold_gain":0.0,"event_name":"Mysterious Sphere","player_choice":"Ignored","floor":38.0,"gold_loss":0.0,"damage_taken":0.0},{"cards_removed":["Quick Slash"],"damage_healed":0.0,"max_hp_gain":0.0,"max_hp_loss":0.0,"gold_gain":0.0,"event_name":"Falling","player_choice":"Removed Attack","floor":42.0,"gold_loss":0.0,"damage_taken":0.0}],"is_beta":false,"boss_relics":[{"not_picked":["Lizard Tail","Orrery"],"picked":"Snecko Eye"},{"not_picked":["Eternal Feather","White Beast Statue"],"picked":"Pandora\u0027s Box"}],"items_purged_floors":[20,36,39],"is_endless":false,"potions_floor_spawned":[2,8,10,14,21,28,30,33,35,44,46],"ascension_level":7}