{"gold_per_floor":[111,128,128,53,63,90,100,100,100,132,148,181,194,28,28,125,125,138,151,162,162,162,177,211,230,230,230,51,151,162,162,162,267,267,286,286,286,301,301,301,330,340,340,340,17,117,117,147,147,147],"floor_reached":51,"playtime":4838,"items_purged":["Defend_G","Strike_G"],"score":936,"play_id":"7dd6f618-4bc2-4cef-873f-a9287ee78dcb","local_time":"20190129002938","is_ascension_mode":true,"campfire_choices":[{"floor":8,"key":"REST"},{"data":"Bouncing Flask","floor":15,"key":"SMITH"},{"floor":27,"key":"REST"},{"data":"Catalyst","floor":32,"key":"SMITH"},{"data":"Apotheosis","floor":40,"key":"SMITH"},{"floor":47,"key":"REST"},{"data":"Catalyst","floor":49,"key":"SMITH"}],"neow_cost":"NONE","seed_source_timestamp":2932273345300,"circlet_count":0,"master_deck":["Survivor","Neutralize+1","Blur","Crippling Poison+1","Sucker Punch+1","Malaise","Acrobatics","Burst","Dash","Leg Sweep","Bouncing Flask+1","Deadly Poison","After Image","Tools of the Trade","Bouncing Flask","Poisoned Stab","Backflip+1","Acrobatics","Reflex","Backflip","Deadly Poison","Escape Plan","Catalyst+1","Corpse Explosion","Die Die Die","Deadly Poison","Storm of Steel","A Thousand Cuts","Distraction","Tactician+1","Finesse","Apotheosis+1","Backflip+1","Backflip+1","Footwork","Catalyst+1","Footwork","Backflip+1"],"relics":["Velvet Choker","Bottled Lightning","Question Card","Bottled Flame","Art of War","Eternal Feather","Ornamental Fan","Whetstone","StoneCalendar","Matryoshka","Pandora\u0027s Box","Snake Skull","Dodecahedron","Ancient Tea Set","Juzu Bracelet","Gremlin Horn","Paper Crane","Thread and Needle","Singing Bowl"],"potions_floor_usage":[2,12,18,20,23,39,50,50,50],"damage_taken":[{"damage":0,"enemies":"2 Louse","floor":1,"turns":3},{"damage":0,"enemies":"Cultist","floor":2,"turns":4},{"damage":0,"enemies":"Jaw Worm","floor":5,"turns":4},{"damage":27,"enemies":"Gremlin Nob","floor":6,"turns":5},{"damage":10,"enemies":"Blue Slaver","floor":7,"turns":3},{"damage":3,"enemies":"Lagavulin","floor":10,"turns":9},{"damage":3,"enemies":"Gremlin Gang","floor":11,"turns":2},{"damage":8,"enemies":"Gremlin Nob","floor":12,"turns":4},{"damage":0,"enemies":"2 Fungi Beasts","floor":13,"turns":2},{"damage":0,"enemies":"The Guardian","floor":16,"turns":7},{"damage":6,"enemies":"2 Thieves","floor":18,"turns":4},{"damage":0,"enemies":"3 Byrds","floor":19,"turns":4},{"damage":3,"enemies":"Snake Plant","floor":20,"turns":4},{"damage":0,"enemies":"3 Cultists","floor":23,"turns":4},{"damage":40,"enemies":"Slavers","floor":24,"turns":6},{"damage":8,"enemies":"Centurion and Healer","floor":25,"turns":6},{"damage":8,"enemies":"Colosseum Slavers","floor":29,"turns":5},{"damage":26,"enemies":"Colosseum Nobs","floor":29,"turns":4},{"damage":0,"enemies":"Snecko","floor":30,"turns":4},{"damage":24,"enemies":"Champ","floor":33,"turns":8},{"damage":4,"enemies":"3 Darklings","floor":35,"turns":2},{"damage":19,"enemies":"3 Shapes","floor":38,"turns":3},{"damage":0,"enemies":"2 Orb Walkers","floor":39,"turns":1},{"damage":2,"enemies":"Giant Head","floor":41,"turns":6},{"damage":18,"enemies":"Jaw Worm Horde","floor":42,"turns":3},{"damage":12,"enemies":"Mind Bloom Boss Battle","floor":46,"turns":5},{"damage":10,"enemies":"Nemesis","floor":48,"turns":5},{"damage":13,"enemies":"Time Eater","floor":50,"turns":7}],"seed_played":"5495732503194475240","potions_obtained":[{"floor":1,"key":"Strength Potion"},{"floor":6,"key":"Fire Potion"},{"floor":11,"key":"GamblersBrew"},{"floor":12,"key":"GhostInAJar"},{"floor":13,"key":"Explosive Potion"},{"floor":18,"key":"Ancient Potion"},{"floor":20,"key":"Ancient Potion"},{"floor":23,"key":"FearPotion"},{"floor":33,"key":"SpeedPotion"},{"floor":35,"key":"SmokeBomb"},{"floor":42,"key":"Swift Potion"}],"is_trial":false,"path_per_floor":["?","$","M","?","?","M","?","?","?","?","?","T","?"],"character_chosen":"THE_SILENT","items_purchased":["Deadly Poison","After Image","Escape Plan","Paper Crane","Catalyst"],"campfire_rested":3,"item_purchase_floors":[14,14,28,45,45],"current_hp_per_floor":[70,70,70,70,70,43,33,54,54,51,48,40,40,40,40,40,70,64,64,61,61,70,70,30,22,22,58,58,24,24,47,62,38,70,66,61,61,42,42,60,58,40,40,40,40,28,70,60,70,57],"gold":147,"neow_bonus":"BOSS_RELIC","is_prod":false,"is_daily":false,"chose_seed":false,"campfire_upgraded":4,"win_rate":0,"timestamp":1548689378,"path_taken":["M","M","?","?","M","E","M","R","T","E","M","E","?","$","R","BOSS","M","M","M","?","?","?","E","M","T","R","$","?","M","?","R","BOSS","M","?","?","M","?","R","E","M","T","?","$","?","R","E","R","BOSS"],"build_version":"2019-01-23","purchased_purges":2,"victory":true,"max_hp_per_floor":[70,70,70,70,70,70,70,70,70,70,70,70,70,70,70,70,70,70,70,70,70,70,70,70,70,70,70,70,70,70,70,70,70,70,70,70,70,70,70,70,70,70,70,70,70,70,70,70,70,70],"card_choices":[{"not_picked":["Masterful Stab","Choke"],"picked":"Blur","floor":1},{"not_picked":["Poisoned Stab","Prepared"],"picked":"Crippling Poison","floor":2},{"not_picked":["Prepared","Eviscerate"],"picked":"Sucker Punch","floor":5},{"not_picked":["Underhanded Strike","Accuracy"],"picked":"Malaise","floor":6},{"not_picked":["Expertise","PiercingWail"],"picked":"Acrobatics","floor":7},{"not_picked":["Cloak And Dagger","Blade Dance","Caltrops"],"picked":"Burst","floor":10},{"not_picked":["Expertise","PiercingWail","Flying Knee"],"picked":"Dash","floor":11},{"not_picked":["Dodge and Roll","Cloak And Dagger","Backstab"],"picked":"Leg Sweep","floor":12},{"not_picked":["Finisher","Night Terror","Poisoned Stab"],"picked":"Bouncing Flask","floor":13},{"not_picked":["Storm of Steel","Phantasmal Killer","Burst"],"picked":"Tools of the Trade","floor":16},{"not_picked":["Choke","Flechettes","Underhanded Strike"],"picked":"Bouncing Flask","floor":18},{"not_picked":["Leg Sweep","Cloak And Dagger","Tactician+1"],"picked":"Poisoned Stab","floor":19},{"not_picked":["Acrobatics+1","Accuracy+1","Underhanded Strike"],"picked":"Backflip+1","floor":20},{"not_picked":["Dagger Throw","Slice+1","Underhanded Strike"],"picked":"Reflex","floor":23},{"not_picked":["Slice+1","Masterful Stab","Eviscerate+1"],"picked":"Backflip","floor":24},{"not_picked":["Unload","Slice","Outmaneuver"],"picked":"Deadly Poison","floor":25},{"not_picked":["Deflect+1","Bane","Deadly Poison+1"],"picked":"Catalyst","floor":29},{"not_picked":["Outmaneuver","Dagger Spray","Crippling Poison","Sucker Punch"],"picked":"SKIP","floor":30},{"not_picked":["Glass Knife","Malaise","Burst"],"picked":"Corpse Explosion","floor":33},{"not_picked":["Slice+1","Dagger Throw+1","Prepared"],"picked":"Tactician+1","floor":35},{"not_picked":["Madness","Trip","Bandage Up"],"picked":"Finesse","floor":36},{"not_picked":["Enlightenment","Blind","Metamorphosis"],"picked":"Apotheosis","floor":36},{"not_picked":["Finisher","Sucker Punch+1","Dodge and Roll+1"],"picked":"Backflip+1","floor":38},{"not_picked":["Leg Sweep","Dagger Throw","Dash"],"picked":"Backflip+1","floor":41},{"not_picked":["Heel Hook+1","Noxious Fumes","Bane+1"],"picked":"Footwork","floor":42},{"not_picked":["Cloak And Dagger","Bane+1","Noxious Fumes+1"],"picked":"Footwork","floor":46},{"not_picked":["Bouncing Flask+1","Blade Dance","Quick Slash+1"],"picked":"Backflip+1","floor":48}],"player_experience":82386,"relics_obtained":[{"floor":6,"key":"Bottled Lightning"},{"floor":9,"key":"Question Card"},{"floor":10,"key":"Bottled Flame"},{"floor":12,"key":"Art of War"},{"floor":24,"key":"Ornamental Fan"},{"floor":26,"key":"Whetstone"},{"floor":29,"key":"StoneCalendar"},{"floor":29,"key":"Matryoshka"},{"floor":41,"key":"Snake Skull"},{"floor":43,"key":"Dodecahedron"},{"floor":43,"key":"Ancient Tea Set"},{"floor":44,"key":"Juzu Bracelet"},{"floor":44,"key":"Gremlin Horn"},{"floor":46,"key":"Thread and Needle"},{"floor":48,"key":"Singing Bowl"}],"event_choices":[{"damage_healed":0,"gold_gain":0,"player_choice":"Forge","damage_taken":0,"max_hp_gain":0,"max_hp_loss":0,"event_name":"Accursed Blacksmith","floor":3,"gold_loss":0,"cards_upgraded":["Crippling Poison"]},{"damage_healed":0,"gold_gain":0,"cards_transformed":["Strike_G","Strike_G"],"player_choice":"Became Test Subject","damage_taken":0,"max_hp_gain":0,"max_hp_loss":0,"event_name":"Drug Dealer","floor":21,"gold_loss":0,"cards_obtained":["Skewer","Acrobatics"]},{"cards_removed":["Skewer"],"damage_healed":9,"gold_gain":0,"player_choice":"Offered Uncommon","damage_taken":0,"max_hp_gain":0,"max_hp_loss":0,"event_name":"Bonfire Elementals","floor":22,"gold_loss":0},{"damage_healed":0,"gold_gain":0,"player_choice":"Fight","damage_taken":0,"max_hp_gain":0,"max_hp_loss":0,"event_name":"Colosseum","floor":29,"gold_loss":0},{"damage_healed":0,"gold_gain":0,"player_choice":"Fought Nobs","damage_taken":0,"max_hp_gain":0,"max_hp_loss":0,"event_name":"Colosseum","floor":29,"gold_loss":0},{"damage_healed":23,"gold_gain":0,"player_choice":"Heal","damage_taken":0,"max_hp_gain":0,"max_hp_loss":0,"event_name":"The Library","floor":31,"gold_loss":0},{"damage_healed":0,"gold_gain":0,"player_choice":"Memory 2","damage_taken":5,"max_hp_gain":0,"max_hp_loss":0,"event_name":"SensoryStone","floor":36,"gold_loss":0},{"cards_removed":["Caltrops"],"damage_healed":0,"gold_gain":0,"player_choice":"Removed Power","damage_taken":0,"max_hp_gain":0,"max_hp_loss":0,"event_name":"Falling","floor":37,"gold_loss":0},{"damage_healed":0,"gold_gain":0,"player_choice":"Fight","damage_taken":0,"max_hp_gain":0,"max_hp_loss":0,"event_name":"Mysterious Sphere","floor":39,"gold_loss":0},{"damage_healed":0,"gold_gain":0,"player_choice":"Fight","damage_taken":0,"max_hp_gain":0,"max_hp_loss":0,"event_name":"MindBloom","floor":46,"gold_loss":0}],"is_beta":false,"boss_relics":[{"not_picked":["Runic Dome","Fusion Hammer"],"picked":"Eternal Feather"},{"not_picked":["Astrolabe","Cursed Key"],"picked":"Pandora\u0027s Box"}],"items_purged_floors":[4,28],"is_endless":false,"potions_floor_spawned":[1,6,11,12,13,18,20,23,33,35,38,42],"ascension_level":3}