{"path_per_floor":["M","?","$","?","M","E","M","R","T","M","M","E","R","M","R","B",null,"M","$","M","$","?","R","E","?","T","E","M","R","?","M","R","B",null,"M","?","?","M","?","E","?"],"character_chosen":"IRONCLAD","items_purchased":["Vajra","Blood Vial","Paper Frog","Inflame"],"gold_per_floor":[116,291,216,466,484,511,531,531,531,548,568,598,598,616,616,714,714,731,96,116,43,143,143,170,85,163,192,205,205,205,219,219,322,322,338,338,338,357,357,391,391],"floor_reached":42,"campfire_rested":2,"playtime":1530,"current_hp_per_floor":[80,80,80,80,80,80,80,80,80,53,52,37,61,58,58,8,80,71,71,70,70,70,70,66,66,66,46,34,58,58,58,58,34,80,58,58,58,30,50,19,19],"items_purged":["Doubt","Regret"],"gold":391,"score":541,"play_id":"e28dd2d0-fa36-4f19-a4ed-75d45e04e8bb","is_prod":false,"is_daily":false,"is_ascension_mode":true,"campfire_upgraded":4,"path_taken":["M","?","$","?","?","E","M","R","T","?","M","E","R","M","R","BOSS","M","$","M","$","?","R","E","?","T","E","M","R","?","M","R","BOSS","M","?","?","M","?","E","?","E"],"build_version":"2018-02-22-PROD2","purchased_purges":2,"victory":false,"master_deck":["Strike_R","Strike_R","Strike_R","Strike_R","Defend_R","Defend_R+1","Defend_R+1","Bash","Twin Strike","Clothesline","Clash","Searing Blow+4","Cleave","Headbutt","Inflame","Limit Break+1","Cleave+1","Twin Strike+1","Rupture","Writhe"],"max_hp_per_floor":[80,80,80,80,80,80,80,80,80,80,80,80,80,80,80,80,80,80,80,80,80,80,80,80,80,80,80,80,80,80,80,80,80,80,80,80,80,80,80,80,80],"relics":["Burning Blood","NeowsBlessing","Orichalcum","Toxic Egg 2","Letter Opener","Mark of Pain","Vajra","Blood Vial","Paper Frog","Anchor","Lantern","Molten Egg 2","Juzu Bracelet","Lizard Tail","War Paint"],"card_choices":[{"not_picked":["Iron Wave","Entrench"],"picked":"Twin Strike"},{"not_picked":["Iron Wave","Carnage"],"picked":"Clothesline"},{"not_picked":["Sever Soul","Cleave"],"picked":"Clash"},{"not_picked":["Heavy Blade","Battle Trance"],"picked":"Searing Blow"},{"not_picked":["Ghostly Armor","Havoc"],"picked":"Cleave"},{"not_picked":["Entrench","Shrug It Off"],"picked":"Headbutt"},{"not_picked":["Burning Pact","Disarm"],"picked":"Limit Break"},{"not_picked":["Havoc","Perfected Strike"],"picked":"Cleave"},{"not_picked":["Sever Soul","Pommel Strike"],"picked":"Twin Strike"}],"player_experience":152406,"potions_floor_usage":[10,11,16,16,24,24,31,33,33],"damage_taken":[{"damage":0,"enemies":"2 Louse","floor":1,"turns":1},{"damage":0,"enemies":"Small Slimes","floor":5,"turns":1},{"damage":0,"enemies":"Lagavulin","floor":6,"turns":1},{"damage":2,"enemies":"Cultist","floor":7,"turns":3},{"damage":33,"enemies":"Exordium Thugs","floor":10,"turns":5},{"damage":7,"enemies":"Red Slaver","floor":11,"turns":4},{"damage":21,"enemies":"3 Sentries","floor":12,"turns":6},{"damage":9,"enemies":"2 Fungi Beasts","floor":14,"turns":3},{"damage":56,"enemies":"The Guardian","floor":16,"turns":10},{"damage":15,"enemies":"Shell Parasite","floor":18,"turns":3},{"damage":9,"enemies":"3 Byrds","floor":20,"turns":4},{"damage":12,"enemies":"Slavers","floor":24,"turns":4},{"damage":28,"enemies":"Book of Stabbing","floor":27,"turns":4},{"damage":20,"enemies":"Sentry and Sphere","floor":28,"turns":4},{"damage":8,"enemies":"Centurion and Healer","floor":31,"turns":3},{"damage":47,"enemies":"Champ","floor":33,"turns":8},{"damage":28,"enemies":"3 Shapes","floor":35,"turns":4},{"damage":36,"enemies":"3 Darklings","floor":38,"turns":5},{"damage":84,"enemies":"Giant Head","floor":40,"turns":8},{"damage":37,"enemies":"Nemesis","floor":42,"turns":2}],"event_choices":[{"event_name":"Liars Game","player_choice":"agreed","floor":2,"damage_taken":0},{"event_name":"Golden Shrine","player_choice":"Desecrate","floor":4,"damage_taken":0},{"event_name":"Golden Shrine","player_choice":"Pray","floor":22,"damage_taken":0},{"event_name":"Addict","player_choice":"Obtained Relic","floor":25,"damage_taken":0},{"event_name":"The Lab","player_choice":"Got Potions","floor":30,"damage_taken":0},{"event_name":"Transmorgrifier","player_choice":"Transform","floor":36,"damage_taken":0},{"event_name":"Winding Halls","player_choice":"Writhe","floor":39,"damage_taken":0},{"event_name":"Mysterious Sphere","player_choice":"Ignore","floor":41,"damage_taken":0}],"boss_relics":[{"not_picked":["White Beast Statue","Snecko Eye"],"picked":"Mark of Pain"},{"not_picked":["Calling Bell","Astrolabe"],"picked":"Lizard Tail"}],"potions_floor_spawned":[5,7,10,14,16,20,27,28,40],"seed_played":"-7871021942904520278","killed_by":"Nemesis","ascension_level":3,"is_trial":false}