{"gold_per_floor":[115,131,206,206,219,219,248,248,248,264,277,39,39,57,57,153,153,163,9,44,57,77,77,96,130,157,157,72,105,105,120,120,216,216,226,244,244,47,57,82,82,82,159,177,177,577,108,121,121,121],"floor_reached":51,"playtime":4665,"items_purged":["Recycle+1"],"score":767,"play_id":"d26ecf57-70ec-4eb4-bbe9-54056ff8ea57","local_time":"20190214140647","is_ascension_mode":false,"campfire_choices":[{"data":"Sunder","floor":6,"key":"SMITH"},{"data":"Blizzard","floor":8,"key":"SMITH"},{"data":"Beam Cell","floor":13,"key":"SMITH"},{"data":"Sweeping Beam","floor":15,"key":"SMITH"},{"floor":23,"key":"REST"},{"floor":30,"key":"REST"},{"data":"Machine Learning","floor":32,"key":"SMITH"},{"floor":42,"key":"REST"},{"data":"Blind","floor":45,"key":"SMITH"},{"floor":49,"key":"REST"}],"neow_cost":"NONE","seed_source_timestamp":996301415536915,"circlet_count":0,"master_deck":["Strike_B+1","Defend_B","Defend_B","Defend_B","Zap","Dualcast","Blind+1","Tempest+1","Sweeping Beam+1","Sunder+1","Blizzard+1","Beam Cell+1","Sweeping Beam","Machine Learning+1","Conserve Battery+1","Defragment+1","Coolheaded+1","Auto Shields","Capacitor+1","Leap+1","Electrodynamics","Aggregate+1","Rip and Tear+1","Cold Snap+1","Streamline","Defragment+1","Streamline","Melter","Loop","Defragment"],"relics":["Cracked Core","Ice Cream","Thread and Needle","Singing Bowl","Nuclear Battery","PreservedInsect","Red Mask","StoneCalendar","Art of War","Strawberry","Vajra","Astrolabe","Frozen Eye","Question Card","The Courier","Old Coin","Whetstone"],"potions_floor_usage":[5,7,14,16,22,25,25,31,39,44,46,48],"damage_taken":[{"damage":1,"enemies":"Cultist","floor":1,"turns":4},{"damage":0,"enemies":"Small Slimes","floor":2,"turns":3},{"damage":0,"enemies":"2 Louse","floor":5,"turns":2},{"damage":12,"enemies":"Gremlin Nob","floor":7,"turns":4},{"damage":3,"enemies":"Exordium Thugs","floor":10,"turns":4},{"damage":0,"enemies":"Exordium Wildlife","floor":11,"turns":4},{"damage":1,"enemies":"3 Louse","floor":14,"turns":2},{"damage":3,"enemies":"Slime Boss","floor":16,"turns":8},{"damage":20,"enemies":"2 Thieves","floor":18,"turns":4},{"damage":15,"enemies":"Masked Bandits","floor":20,"turns":4},{"damage":0,"enemies":"Chosen","floor":21,"turns":3},{"damage":6,"enemies":"Centurion and Healer","floor":22,"turns":4},{"damage":7,"enemies":"Snecko","floor":24,"turns":4},{"damage":0,"enemies":"Slavers","floor":25,"turns":4},{"damage":14,"enemies":"Gremlin Leader","floor":29,"turns":7},{"damage":6,"enemies":"Shelled Parasite and Fungi","floor":31,"turns":4},{"damage":13,"enemies":"Automaton","floor":33,"turns":9},{"damage":3,"enemies":"3 Shapes","floor":35,"turns":5},{"damage":8,"enemies":"Orb Walker","floor":36,"turns":3},{"damage":21,"enemies":"3 Darklings","floor":39,"turns":3},{"damage":0,"enemies":"Nemesis","floor":40,"turns":5},{"damage":11,"enemies":"Jaw Worm Horde","floor":44,"turns":4},{"damage":1,"enemies":"Mind Bloom Boss Battle","floor":46,"turns":6},{"damage":14,"enemies":"4 Shapes","floor":48,"turns":6},{"damage":51,"enemies":"Time Eater","floor":50,"turns":11}],"seed_played":"4369985653020453287","potions_obtained":[{"floor":1,"key":"SkillPotion"},{"floor":2,"key":"EssenceOfSteel"},{"floor":11,"key":"EssenceOfSteel"},{"floor":14,"key":"PowerPotion"},{"floor":16,"key":"Energy Potion"},{"floor":20,"key":"Fire Potion"},{"floor":22,"key":"Ancient Potion"},{"floor":24,"key":"Weak Potion"},{"floor":33,"key":"Dexterity Potion"},{"floor":39,"key":"Dexterity Potion"},{"floor":44,"key":"Poison Potion"},{"floor":46,"key":"Fire Potion"}],"is_trial":false,"path_per_floor":["M","M","?","?","M","R","E","R","T","M","M","$","R","M","R","B",null,"M","$","?","M","M","R","M","E","T","?","?","E","R","M","R","B",null,"M","M","?","$","M","E","?","R","T","M","R","?","$","M","R","B",null],"character_chosen":"DEFECT","items_purchased":["Singing Bowl","PreservedInsect","Frozen Eye","Whetstone","Melter","Loop","Defragment","Regen Potion","AttackPotion"],"campfire_rested":4,"item_purchase_floors":[12,19,38,47,47,47,47,47,47],"current_hp_per_floor":[74,74,63,63,63,63,51,51,51,48,48,48,48,49,49,46,77,57,57,42,44,38,61,54,56,56,56,63,49,75,69,69,56,88,87,79,79,79,60,60,60,87,87,78,78,77,77,80,96,45],"gold":121,"neow_bonus":"RANDOM_COLORLESS","is_prod":false,"is_daily":false,"chose_seed":false,"campfire_upgraded":6,"win_rate":0.0,"timestamp":1550153207,"path_taken":["M","M","?","?","M","R","E","R","T","M","M","$","R","?","R","BOSS","M","?","?","M","?","R","M","E","T","?","?","E","R","M","R","BOSS","M","M","?","?","?","E","?","R","T","?","R","?","$","M","R","BOSS"],"build_version":"2019-01-23","purchased_purges":1,"victory":true,"max_hp_per_floor":[75,75,75,75,75,75,75,75,75,75,75,75,75,77,77,77,77,77,77,77,79,79,79,79,81,81,81,88,88,88,88,88,88,88,90,90,90,90,92,92,92,92,92,94,94,94,94,96,96,96],"card_choices":[{"not_picked":["Loop","Gash"],"picked":"Tempest","floor":1},{"not_picked":["Barrage","Rebound"],"picked":"Sweeping Beam","floor":2},{"not_picked":["Auto Shields","Leap"],"picked":"Sunder","floor":5},{"not_picked":["Aggregate","Auto Shields"],"picked":"Blizzard","floor":7},{"not_picked":["Go for the Eyes","Barrage"],"picked":"Beam Cell","floor":10},{"not_picked":["FTL","Barrage"],"picked":"Sweeping Beam","floor":11},{"not_picked":["Cold Snap","Beam Cell","Melter"],"picked":"Singing Bowl","floor":14},{"not_picked":["Rainbow","Meteor Strike"],"picked":"Machine Learning","floor":16},{"not_picked":["Barrage","Fusion"],"picked":"Conserve Battery+1","floor":18},{"not_picked":["Go for the Eyes","Turbo+1"],"picked":"Defragment+1","floor":20},{"not_picked":["Coolheaded+1","Rebound","Compile Driver"],"picked":"Singing Bowl","floor":21},{"not_picked":["Hologram","Beam Cell+1"],"picked":"Coolheaded+1","floor":22},{"not_picked":["Hyperbeam","Leap"],"picked":"Auto Shields","floor":24},{"not_picked":["Aggregate","Sweeping Beam","Heatsinks+1"],"picked":"Singing Bowl","floor":25},{"not_picked":["Blizzard","Heatsinks"],"picked":"Capacitor+1","floor":29},{"not_picked":["Blizzard","Self Repair+1"],"picked":"Leap+1","floor":31},{"not_picked":["Thunder Strike","Creative AI"],"picked":"Electrodynamics","floor":33},{"not_picked":["Rebound+1","Hello World","Redo+1"],"picked":"Singing Bowl","floor":35},{"not_picked":["Steam","Double Energy"],"picked":"Cold Snap","floor":36},{"not_picked":["Thunder Strike","Gash+1","Lockon+1"],"picked":"Singing Bowl","floor":39},{"not_picked":["Stack+1","Compile Driver+1"],"picked":"Streamline","floor":40},{"not_picked":["Ball Lightning","Sweeping Beam","Scrape","Redo"],"picked":"Singing Bowl","floor":44},{"not_picked":["Barrage+1","Stack+1","Reprogram"],"picked":"Streamline","floor":46},{"not_picked":["Meteor Strike","Doom and Gloom","Stack","Beam Cell+1"],"picked":"Singing Bowl","floor":48}],"player_experience":135061,"relics_obtained":[{"floor":7,"key":"Ice Cream"},{"floor":9,"key":"Thread and Needle"},{"floor":20,"key":"Red Mask"},{"floor":25,"key":"StoneCalendar"},{"floor":26,"key":"Art of War"},{"floor":29,"key":"Vajra"},{"floor":40,"key":"Question Card"},{"floor":43,"key":"The Courier"},{"floor":46,"key":"Old Coin"}],"event_choices":[{"damage_healed":0,"gold_gain":75,"player_choice":"Gather Gold","damage_taken":11,"max_hp_gain":0,"max_hp_loss":0,"event_name":"World of Goop","floor":3,"gold_loss":0},{"damage_healed":0,"gold_gain":0,"player_choice":"Upgraded","damage_taken":0,"max_hp_gain":0,"max_hp_loss":0,"event_name":"Upgrade Shrine","floor":4,"gold_loss":0,"cards_upgraded":["Tempest"]},{"damage_healed":0,"gold_gain":0,"player_choice":"Fought Bandits","damage_taken":0,"max_hp_gain":0,"max_hp_loss":0,"event_name":"Masked Bandits","floor":20,"gold_loss":0},{"damage_healed":0,"gold_gain":0,"player_choice":"Ignored","damage_taken":0,"max_hp_gain":0,"max_hp_loss":0,"event_name":"Ghosts","floor":27,"gold_loss":0},{"damage_healed":0,"gold_gain":0,"player_choice":"Obtained Relic","damage_taken":0,"relics_obtained":["Strawberry"],"max_hp_gain":0,"max_hp_loss":0,"event_name":"Addict","floor":28,"gold_loss":85},{"cards_removed":["Strike_B"],"damage_healed":0,"gold_gain":0,"player_choice":"Purged","damage_taken":0,"max_hp_gain":0,"max_hp_loss":0,"event_name":"Purifier","floor":37,"gold_loss":0},{"damage_healed":0,"gold_gain":0,"player_choice":"Copied","damage_taken":0,"max_hp_gain":0,"max_hp_loss":0,"event_name":"Duplicator","floor":41,"gold_loss":0,"cards_obtained":["Defragment"]},{"damage_healed":0,"gold_gain":0,"player_choice":"Fight","damage_taken":0,"max_hp_gain":0,"max_hp_loss":0,"event_name":"MindBloom","floor":46,"gold_loss":0}],"is_beta":false,"boss_relics":[{"not_picked":["Coffee Dripper","Snecko Eye"],"picked":"Nuclear Battery"},{"not_picked":["Runic Dome","Philosopher\u0027s Stone"],"picked":"Astrolabe"}],"items_purged_floors":[47],"is_endless":false,"potions_floor_spawned":[1,2,11,14,16,20,22,24,33,39,44,46],"ascension_level":0}