{"path_per_floor":["M","?","M","M","?","R","$","M","T","E","M","M","E","?","R","B",null,"M","$","?","M","?","R","M","M","T","?","?","M","M"],"character_chosen":"IRONCLAD","items_purchased":["Pen Nib","Paper Frog"],"gold_per_floor":[112,287,304,317,317,317,95,109,134,167,185,203,233,233,233,328,328,341,83,83,99,99,99,116,131,158,158,158,174,184,184],"floor_reached":31,"campfire_rested":1,"playtime":1209,"item_purchase_floors":[],"current_hp_per_floor":[72,72,72,72,58,58,58,63,63,63,69,68,66,41,41,24,72,47,47,47,36,36,57,37,16,16,16,16,15,7,0],"items_purged":["Doubt"],"gold":184,"score":274,"play_id":"77b99780-7539-42e0-af1d-ff8c9630c0fe","local_time":"20180522164625","is_prod":false,"is_daily":false,"chose_seed":false,"is_ascension_mode":false,"campfire_upgraded":2,"timestamp":1527000385,"campfire_choices":[{"data":"True Grit","floor":6.0,"key":"SMITH"},{"data":"True Grit","floor":15.0,"key":"SMITH"},{"floor":23.0,"key":"REST"}],"path_taken":["M","?","M","M","?","R","$","M","T","E","M","M","E","?","R","BOSS","M","$","?","M","?","R","M","M","T","?","?","M","M","E"],"build_version":"2018-05-21v2","seed_source_timestamp":0,"purchased_purges":1,"victory":false,"master_deck":["Strike_R+1","Strike_R","Defend_R+1","Defend_R+1","Bash+1","Thunderclap","True Grit+1","Iron Wave","Shrug It Off","Headbutt","Warcry","Wild Strike","True Grit+1","Evolve+1","Demon Form+1","Limit Break+1","Feel No Pain","Heavy Blade+1","Seeing Red+1","Havoc+1","Decay","Seeing Red+1","Infernal Blade","Metallicize+1"],"max_hp_per_floor":[72,72,72,72,72,72,72,72,72,72,72,72,72,72,72,72,72,72,72,72,72,72,72,72,72,72,72,72,72,72,72],"relics":["Burning Blood","Pen Nib","Lantern","War Paint","Matryoshka","Letter Opener","Astrolabe","Paper Frog","Dream Catcher","Juzu Bracelet"],"card_choices":[{"not_picked":["Anger","Hemokinesis"],"picked":"Iron Wave","floor":1.0},{"not_picked":["Ghostly Armor","Rage"],"picked":"Shrug It Off","floor":3.0},{"not_picked":["Flex","Sword Boomerang","Heavy Blade"],"picked":"SKIP","floor":4.0},{"not_picked":["Warcry","Perfected Strike"],"picked":"Headbutt","floor":8.0},{"not_picked":["Ghostly Armor","Anger"],"picked":"Warcry","floor":10.0},{"not_picked":["Rupture","Hemokinesis"],"picked":"Wild Strike","floor":11.0},{"not_picked":["Rupture","Anger"],"picked":"True Grit","floor":12.0},{"not_picked":["Clash","Impervious","Combust"],"picked":"SKIP","floor":13.0},{"not_picked":["Warcry","Metallicize"],"picked":"Feel No Pain","floor":18.0},{"not_picked":["Combust","Headbutt"],"picked":"Heavy Blade","floor":21.0},{"not_picked":["Warcry","Twin Strike"],"picked":"Seeing Red+1","floor":24.0},{"not_picked":["Power Through","Armaments"],"picked":"Havoc+1","floor":25},{"not_picked":["Shrug It Off+1","Clash"],"picked":"Infernal Blade","floor":29},{"not_picked":["Heavy Blade+1","Pummel"],"picked":"Metallicize+1","floor":30}],"player_experience":758258,"potions_floor_usage":[31,31],"damage_taken":[{"damage":4.0,"enemies":"Jaw Worm","floor":1.0,"turns":3.0},{"damage":6.0,"enemies":"Cultist","floor":3.0,"turns":3.0},{"damage":2.0,"enemies":"2 Louse","floor":4.0,"turns":2.0},{"damage":1.0,"enemies":"Exordium Thugs","floor":8.0,"turns":4.0},{"damage":6.0,"enemies":"Gremlin Nob","floor":10.0,"turns":3.0},{"damage":0.0,"enemies":"Large Slime","floor":11.0,"turns":3.0},{"damage":7.0,"enemies":"Blue Slaver","floor":12.0,"turns":2.0},{"damage":8.0,"enemies":"3 Sentries","floor":13.0,"turns":9.0},{"damage":23.0,"enemies":"Hexaghost","floor":16.0,"turns":13.0},{"damage":31.0,"enemies":"2 Thieves","floor":18.0,"turns":4.0},{"damage":17.0,"enemies":"Shell Parasite","floor":21.0,"turns":8.0},{"damage":26.0,"enemies":"Snake Plant","floor":24.0,"turns":4.0},{"damage":27,"enemies":"Sentry and Sphere","floor":25,"turns":12},{"damage":7,"enemies":"Snecko","floor":29,"turns":4},{"damage":14,"enemies":"Cultist and Chosen","floor":30,"turns":7},{"damage":10,"enemies":"Gremlin Leader","floor":31,"turns":2}],"relics_obtained":[{"floor":9.0,"key":"Lantern"},{"floor":10.0,"key":"War Paint"},{"floor":13.0,"key":"Matryoshka"},{"floor":26,"key":"Dream Catcher"},{"floor":26,"key":"Juzu Bracelet"}],"event_choices":[{"event_name":"Liars Game","player_choice":"agreed","floor":2.0,"damage_taken":0.0},{"event_name":"Shining Light","player_choice":"Entered Light","floor":5.0,"damage_taken":0.0},{"event_name":"Scrap Ooze","player_choice":"success","floor":14.0,"damage_taken":25.0},{"event_name":"Drug Dealer","player_choice":"Ignored","floor":20.0,"damage_taken":0.0},{"event_name":"Accursed Blacksmith","player_choice":"Forge","floor":22.0,"damage_taken":0.0},{"event_name":"Forgotten Altar","player_choice":"Smashed Altar","floor":27,"damage_taken":0},{"event_name":"Duplicator","player_choice":"One dupe","floor":28,"damage_taken":0}],"boss_relics":[],"items_purged_floors":[],"potions_floor_spawned":[8,10,11,21],"seed_played":"-3411521290768229041","killed_by":"Gremlin Leader","ascension_level":0,"potions_obtained":[{"floor":8.0,"key":"Strength Potion"},{"floor":10.0,"key":"SpeedPotion"},{"floor":11.0,"key":"Explosive Potion"}],"is_trial":false}