{"gold_per_floor":[114,134,134,214,232,232,232,271,271,286,76,97,112,128,128,221,221,240,259,284,284],"floor_reached":21,"playtime":1152,"items_purged":["Strike_R"],"score":361,"play_id":"d1c6da9d-4067-4a5b-8be2-43593ad5a555","local_time":"20181029173114","is_ascension_mode":true,"campfire_choices":[{"data":"Clothesline","floor":6,"key":"SMITH"},{"floor":15,"key":"REST"}],"neow_cost":"NONE","seed_source_timestamp":3055469986616099,"circlet_count":0,"master_deck":["Strike_R","Strike_R","Strike_R","Strike_R","Defend_R","Defend_R","Defend_R","Defend_R","Bash+1","AscendersBane","Iron Wave","Burning Pact","Clothesline+1","Carnage","Shrug It Off","True Grit","Evolve","Sword Boomerang","Feed","Iron Wave","Wild Strike","Ghostly Armor+1"],"relics":["Burning Blood","Golden Idol","Kunai","Bag of Marbles","Runic Dome"],"potions_floor_usage":[8,10,13,16,20,21],"damage_taken":[{"damage":4,"enemies":"2 Louse","floor":1,"turns":3},{"damage":1,"enemies":"Cultist","floor":2,"turns":3},{"damage":7,"enemies":"Jaw Worm","floor":5,"turns":3},{"damage":47,"enemies":"Lagavulin","floor":8,"turns":10},{"damage":4,"enemies":"Blue Slaver","floor":10,"turns":3},{"damage":4,"enemies":"Large Slime","floor":12,"turns":4},{"damage":1,"enemies":"3 Louse","floor":13,"turns":5},{"damage":4,"enemies":"Looter","floor":14,"turns":3},{"damage":27,"enemies":"The Guardian","floor":16,"turns":15},{"damage":32,"enemies":"Spheric Guardian","floor":18,"turns":7},{"damage":12,"enemies":"2 Thieves","floor":19,"turns":4},{"damage":21,"enemies":"Snake Plant","floor":20,"turns":4},{"damage":24,"enemies":"Sentry and Sphere","floor":21,"turns":7}],"seed_played":"1290763387565691752","potions_obtained":[{"floor":3,"key":"Weak Potion"},{"floor":3,"key":"SneckoOil"},{"floor":5,"key":"Block Potion"},{"floor":13,"key":"PowerPotion"},{"floor":16,"key":"Dexterity Potion"},{"floor":19,"key":"AttackPotion"}],"is_trial":false,"path_per_floor":["M","M","?","?","M","R","?","E","T","M","$","M","M","M","R","B",null,"M","M","M"],"character_chosen":"IRONCLAD","items_purchased":["Shrug It Off","Block Potion","Weak Potion"],"campfire_rested":1,"item_purchase_floors":[11,11,11],"current_hp_per_floor":[70,75,75,75,74,74,48,7,7,9,9,11,16,18,40,19,61,35,32,17,0],"gold":284,"neow_bonus":"UPGRADE_CARD","is_prod":false,"is_daily":false,"chose_seed":false,"campfire_upgraded":1,"win_rate":0,"timestamp":1540830674,"path_taken":["M","M","?","?","M","R","?","E","T","M","$","M","M","M","R","BOSS","M","M","M","?"],"build_version":"2018-10-25v2","purchased_purges":1,"victory":false,"max_hp_per_floor":[75,75,75,75,75,75,75,75,75,75,75,75,75,75,75,75,75,75,78,78,81],"card_choices":[{"not_picked":["Clash","Corruption"],"picked":"Iron Wave","floor":1},{"not_picked":["Clash","Thunderclap"],"picked":"Burning Pact","floor":2},{"not_picked":["Heavy Blade","Pommel Strike"],"picked":"Clothesline","floor":5},{"not_picked":["Exhume","Uppercut"],"picked":"Carnage","floor":8},{"not_picked":["Blood for Blood","Warcry","Hemokinesis"],"picked":"SKIP","floor":10},{"not_picked":["Evolve","Perfected Strike"],"picked":"True Grit","floor":12},{"not_picked":["Dual Wield","Anger"],"picked":"Evolve","floor":13},{"not_picked":["Anger","Combust"],"picked":"Sword Boomerang","floor":14},{"not_picked":["Berserk","Limit Break"],"picked":"Feed","floor":16},{"not_picked":["Flex","Rampage"],"picked":"Iron Wave","floor":18},{"not_picked":["Perfected Strike","Cleave+1"],"picked":"Wild Strike","floor":19},{"not_picked":["Clothesline","Thunderclap"],"picked":"Ghostly Armor+1","floor":20}],"player_experience":1562154,"relics_obtained":[{"floor":8,"key":"Kunai"},{"floor":9,"key":"Bag of Marbles"}],"event_choices":[{"damage_healed":0,"gold_gain":0,"player_choice":"Got Potions","damage_taken":0,"max_hp_gain":0,"max_hp_loss":0,"event_name":"The Lab","floor":3,"gold_loss":0},{"damage_healed":0,"gold_gain":80,"player_choice":"Gained Gold","damage_taken":0,"max_hp_gain":0,"max_hp_loss":0,"event_name":"Golden Wing","floor":4,"gold_loss":0},{"damage_healed":0,"gold_gain":0,"player_choice":"Take Damage","damage_taken":26,"relics_obtained":["Golden Idol"],"max_hp_gain":0,"max_hp_loss":0,"event_name":"Golden Idol","floor":7,"gold_loss":0}],"is_beta":false,"boss_relics":[{"not_picked":["Empty Cage","Lizard Tail"],"picked":"Runic Dome"}],"items_purged_floors":[11],"is_endless":false,"potions_floor_spawned":[5,13,16,18,19],"killed_by":"Sentry and Sphere","ascension_level":19}