{"path_per_floor":["M","M","?","M","M","R","E","?","T","R","M","M","?","M","R","B",null,"M","$","?","?","?","R","E","M","T","E","R","$","M","M","R"],"character_chosen":"IRONCLAD","items_purchased":["Champion Belt"],"gold_per_floor":[111,125,125,137,152,152,185,150,150,150,162,172,239,259,259,362,362,376,1,1,1,1,1,30,46,46,71,71,71,87,104,104],"floor_reached":33,"campfire_rested":0,"playtime":1007,"current_hp_per_floor":[80,80,80,80,80,80,59,79,79,79,79,80,80,74,74,40,80,76,76,61,61,61,61,55,61,61,41,41,41,49,51,51],"items_purged":["Defend_R"],"gold":104,"score":313,"play_id":"a1c635df-4191-4746-8e0b-f7863be74220","local_time":"20180304010116","is_prod":false,"is_daily":false,"is_ascension_mode":false,"campfire_upgraded":6,"timestamp":1520121676,"path_taken":["M","?","?","M","M","R","E","?","T","R","?","M","?","M","R","BOSS","M","$","?","?","?","R","E","M","T","E","R","$","M","M","R","BOSS"],"build_version":"2018-03-01-PROD1","purchased_purges":1,"victory":false,"master_deck":["Strike_R","Strike_R","Strike_R","Strike_R","Strike_R","Defend_R","Defend_R","Defend_R","Bash","Heavy Blade","Clash+1","Searing Blow+6","Cleave","Flex","Clash","Clash","Clash","Flex+1"],"max_hp_per_floor":[80,80,80,80,80,80,80,80,80,80,80,80,80,80,80,80,80,80,80,85,85,85,85,85,85,85,85,85,85,85,85,85],"relics":["Burning Blood","Happy Flower","Bag of Marbles","Meat on the Bone","Sozu","Champion Belt","Orichalcum","Ornamental Fan","Prayer Wheel","Blood Vial"],"card_choices":[{"not_picked":["Headbutt","Reckless Charge"],"picked":"Heavy Blade"},{"not_picked":["Blood for Blood","Heavy Blade"],"picked":"Clash"},{"not_picked":["Havoc","Shrug It Off"],"picked":"Searing Blow"},{"not_picked":["Feed","Sentinel"],"picked":"Cleave"},{"not_picked":["Twin Strike","True Grit"],"picked":"Flex"},{"not_picked":["Carnage","Armaments"],"picked":"Clash"},{"not_picked":["Sword Boomerang","Armaments"],"picked":"Clash"},{"not_picked":["True Grit","Flame Barrier"],"picked":"Clash"},{"not_picked":["Thunderclap","Iron Wave"],"picked":"Flex"}],"player_experience":189976,"potions_floor_usage":[7,16,16,16],"damage_taken":[{"damage":6,"enemies":"Cultist","floor":1,"turns":3},{"damage":0,"enemies":"Small Slimes","floor":2,"turns":3},{"damage":0,"enemies":"2 Louse","floor":4,"turns":1},{"damage":0,"enemies":"Large Slime","floor":5,"turns":4},{"damage":27,"enemies":"3 Sentries","floor":7,"turns":8},{"damage":6,"enemies":"3 Louse","floor":11,"turns":2},{"damage":5,"enemies":"Looter","floor":12,"turns":2},{"damage":12,"enemies":"Exordium Thugs","floor":14,"turns":4},{"damage":67,"enemies":"Hexaghost","floor":16,"turns":7},{"damage":10,"enemies":"3 Byrds","floor":18,"turns":4},{"damage":12,"enemies":"Book of Stabbing","floor":24,"turns":3},{"damage":0,"enemies":"2 Thieves","floor":25,"turns":1},{"damage":38,"enemies":"Gremlin Leader","floor":27,"turns":4},{"damage":0,"enemies":"Snake Plant","floor":30,"turns":2},{"damage":6,"enemies":"Centurion and Healer","floor":31,"turns":3},{"damage":55,"enemies":"Automaton","floor":33,"turns":6}],"event_choices":[{"event_name":"Living Wall","player_choice":"Grow","floor":3,"damage_taken":0},{"event_name":"The Cleric","player_choice":"Healed","floor":8,"damage_taken":0},{"event_name":"Golden Wing","player_choice":"Gained Gold","floor":13,"damage_taken":0},{"event_name":"Forgotten Altar","player_choice":"Shed Blood","floor":20,"damage_taken":0},{"event_name":"Beggar","player_choice":"Ignored","floor":21,"damage_taken":0},{"event_name":"The Mausoleum","player_choice":"Yes","floor":22,"damage_taken":0}],"boss_relics":[{"not_picked":["White Beast Statue","Runic Dome"],"picked":"Sozu"}],"potions_floor_spawned":[4,7,12,14,25,27,30],"seed_played":"-2349051792113296364","killed_by":"Automaton","ascension_level":0,"is_trial":false}