{"gold_per_floor":[113,132,152,163,163,194,194,220,291,20,48,67,95,111,111,207,207,217,230,242,34,0,26,26,57,83,101,101,120,120,219,219,314,314,333,152,164,39,56,56,82,82,107,107,0,0,16,32,32,32],"floor_reached":50,"playtime":5946,"items_purged":["Strike_G","Defend_G","Defend_G"],"score":670,"play_id":"a56e1ec1-b3cf-40bd-b494-94afb9987f8c","local_time":"20190209150156","is_ascension_mode":true,"campfire_choices":[{"data":"Neutralize","floor":7,"key":"SMITH"},{"floor":15,"key":"REST"},{"data":"Tools of the Trade","floor":24,"key":"SMITH"},{"floor":28,"key":"REST"},{"data":"Infinite Blades","floor":32,"key":"SMITH"},{"floor":40,"key":"REST"},{"floor":44,"key":"REST"},{"floor":46,"key":"REST"},{"floor":49,"key":"REST"}],"neow_cost":"NONE","seed_source_timestamp":1005090667950700,"circlet_count":0,"master_deck":["Defend_G","Defend_G","Strike_G","Strike_G","Strike_G","Survivor","Neutralize+1","Backstab","Heel Hook","Skewer","Heel Hook","Backflip","Infinite Blades+1","Master of Strategy","Noxious Fumes","Accuracy","Predator","Die Die Die","Footwork","Tools of the Trade+1","Underhanded Strike","Backflip","Cloak And Dagger","Footwork","Finisher+1","Backflip","Backflip","Envenom","Finisher+1","Finisher+1","Crippling Poison+1","Predator+1","Accuracy","Dagger Throw+1","Predator+1","Tactician","Tactician"],"relics":["Ring of the Snake","Pocketwatch","Nunchaku","Darkstone Periapt","PreservedInsect","The Specimen","Cursed Key","Bottled Flame","Omamori","Pen Nib","Astrolabe","Bag of Marbles","Bronze Scales","Red Mask"],"potions_floor_usage":[5,5,8,8,16,16,33,33,39,48,50],"damage_taken":[{"damage":5,"enemies":"Jaw Worm","floor":1,"turns":7},{"damage":0,"enemies":"Cultist","floor":2,"turns":3},{"damage":0,"enemies":"2 Louse","floor":3,"turns":2},{"damage":0,"enemies":"2 Fungi Beasts","floor":4,"turns":3},{"damage":22,"enemies":"Gremlin Nob","floor":6,"turns":4},{"damage":7,"enemies":"Lagavulin","floor":8,"turns":6},{"damage":15,"enemies":"3 Sentries","floor":11,"turns":8},{"damage":11,"enemies":"Large Slime","floor":12,"turns":4},{"damage":0,"enemies":"Gremlin Nob","floor":13,"turns":3},{"damage":0,"enemies":"Blue Slaver","floor":14,"turns":2},{"damage":27,"enemies":"Hexaghost","floor":16,"turns":9},{"damage":12,"enemies":"3 Byrds","floor":18,"turns":6},{"damage":5,"enemies":"Spheric Guardian","floor":19,"turns":3},{"damage":12,"enemies":"Snecko","floor":20,"turns":4},{"damage":7,"enemies":"Slavers","floor":23,"turns":6},{"damage":12,"enemies":"Book of Stabbing","floor":25,"turns":5},{"damage":0,"enemies":"Snake Plant","floor":27,"turns":3},{"damage":5,"enemies":"Cultist and Chosen","floor":29,"turns":4},{"damage":46,"enemies":"Collector","floor":33,"turns":8},{"damage":7,"enemies":"Orb Walker","floor":35,"turns":2},{"damage":19,"enemies":"3 Darklings","floor":37,"turns":3},{"damage":30,"enemies":"Jaw Worm Horde","floor":39,"turns":4},{"damage":50,"enemies":"Reptomancer","floor":41,"turns":5},{"damage":5,"enemies":"4 Shapes","floor":47,"turns":3},{"damage":25,"enemies":"Sphere and 2 Shapes","floor":48,"turns":3},{"damage":60,"enemies":"Time Eater","floor":50,"turns":6}],"seed_played":"-8538182124110225888","potions_obtained":[{"floor":5,"key":"Fruit Juice"},{"floor":5,"key":"Fruit Juice"},{"floor":5,"key":"SmokeBomb"},{"floor":6,"key":"EntropicBrew"},{"floor":8,"key":"EssenceOfSteel"},{"floor":13,"key":"Fire Potion"},{"floor":14,"key":"GhostInAJar"},{"floor":19,"key":"EssenceOfSteel"},{"floor":27,"key":"Block Potion"},{"floor":29,"key":"PowerPotion"},{"floor":37,"key":"Block Potion"},{"floor":41,"key":"Fire Potion"},{"floor":47,"key":"Dexterity Potion"}],"is_trial":false,"path_per_floor":["M","M","M","M","?","E","R","E","T","$","E","M","E","M","R","B",null,"M","M","M","$","?","E","R","E","T","M","R","M","?","?","R","B",null,"M","$","M","$","M","R","E","?","T","R","?","R","M","M","R","B"],"character_chosen":"THE_SILENT","items_purchased":["Master of Strategy","Noxious Fumes","Cloak And Dagger","Footwork","Accuracy"],"campfire_rested":6,"item_purchase_floors":[10,10,21,21,36],"current_hp_per_floor":[72,72,72,72,82,60,60,53,53,53,38,27,27,27,53,26,87,75,70,58,58,58,51,51,39,39,39,65,60,60,60,60,14,87,80,80,61,61,31,57,7,7,7,33,33,59,54,29,55,0],"gold":32,"neow_bonus":"TEN_PERCENT_HP_BONUS","is_prod":false,"is_daily":false,"chose_seed":false,"campfire_upgraded":3,"win_rate":0,"timestamp":1549720916,"path_taken":["M","M","M","M","?","E","R","E","T","$","E","M","E","M","R","BOSS","M","?","M","$","?","E","R","E","T","M","R","M","?","?","R","BOSS","M","$","M","$","M","R","E","?","T","R","?","R","M","M","R","BOSS"],"build_version":"2019-01-23","purchased_purges":3,"victory":false,"max_hp_per_floor":[77,77,77,77,87,87,87,87,87,87,87,87,87,87,87,87,87,87,87,87,87,87,87,87,87,87,87,87,87,87,87,87,87,87,87,87,87,87,87,87,87,87,87,87,87,87,87,87,87,87],"card_choices":[{"not_picked":["Deadly Poison","Sucker Punch"],"picked":"Backstab","floor":1},{"not_picked":["Deadly Poison","Tactician"],"picked":"Heel Hook","floor":2},{"not_picked":["Setup","Deflect"],"picked":"Skewer","floor":3},{"not_picked":["Catalyst","Deadly Poison"],"picked":"Heel Hook","floor":4},{"not_picked":["PiercingWail","Poisoned Stab"],"picked":"Backflip","floor":6},{"not_picked":["Slice","Wraith Form v2"],"picked":"Infinite Blades","floor":8},{"not_picked":["Noxious Fumes","Deadly Poison"],"picked":"Accuracy","floor":11},{"not_picked":["Accuracy","Sucker Punch"],"picked":"Predator","floor":12},{"not_picked":["Deadly Poison","Terror"],"picked":"Die Die Die","floor":13},{"not_picked":["Quick Slash","Deadly Poison"],"picked":"Footwork","floor":14},{"not_picked":["Venomology","Die Die Die"],"picked":"Tools of the Trade","floor":16},{"not_picked":["Bane+1","Concentrate","Endless Agony"],"picked":"SKIP","floor":18},{"not_picked":["Bane","Poisoned Stab"],"picked":"Underhanded Strike","floor":19},{"not_picked":["Dagger Spray","Sucker Punch"],"picked":"Backflip","floor":20},{"not_picked":["Poisoned Stab","Choke+1"],"picked":"Finisher+1","floor":23},{"not_picked":["Night Terror","Choke"],"picked":"Backflip","floor":25},{"not_picked":["Poisoned Stab","Masterful Stab"],"picked":"Backflip","floor":27},{"not_picked":["Poisoned Stab","Prepared"],"picked":"Deadly Poison+1","floor":29},{"not_picked":["Unload","Grand Finale"],"picked":"Envenom","floor":33},{"not_picked":["Footwork","Riddle With Holes+1"],"picked":"Predator+1","floor":35},{"not_picked":["PiercingWail","Quick Slash+1"],"picked":"Dagger Throw+1","floor":37},{"not_picked":["Expertise+1","Acrobatics+1"],"picked":"Predator+1","floor":39},{"not_picked":["Heel Hook","Flying Knee+1","Infinite Blades"],"picked":"SKIP","floor":41},{"not_picked":["Deadly Poison+1","Masterful Stab"],"picked":"Tactician","floor":47},{"not_picked":["Flying Knee","Outmaneuver"],"picked":"Tactician","floor":48}],"player_experience":111403,"relics_obtained":[{"floor":6,"key":"Pocketwatch"},{"floor":8,"key":"Nunchaku"},{"floor":9,"key":"Darkstone Periapt"},{"floor":11,"key":"PreservedInsect"},{"floor":13,"key":"The Specimen"},{"floor":23,"key":"Bottled Flame"},{"floor":25,"key":"Omamori"},{"floor":26,"key":"Pen Nib"},{"floor":41,"key":"Bag of Marbles"},{"floor":43,"key":"Bronze Scales"}],"event_choices":[{"damage_healed":0,"gold_gain":0,"player_choice":"Got Potions","damage_taken":0,"max_hp_gain":0,"max_hp_loss":0,"event_name":"Lab","floor":5,"gold_loss":0},{"damage_healed":0,"gold_gain":0,"player_choice":"Paid Fearfully","damage_taken":0,"max_hp_gain":0,"max_hp_loss":0,"event_name":"Masked Bandits","floor":22,"gold_loss":34},{"damage_healed":0,"gold_gain":0,"player_choice":"Ignored","damage_taken":0,"max_hp_gain":0,"max_hp_loss":0,"event_name":"Vampires","floor":30,"gold_loss":0},{"damage_healed":0,"gold_gain":99,"player_choice":"Stole From Cult","damage_taken":0,"max_hp_gain":0,"max_hp_loss":0,"event_name":"Nest","floor":31,"gold_loss":0},{"damage_healed":0,"gold_gain":0,"player_choice":"Ignored","damage_taken":0,"max_hp_gain":0,"max_hp_loss":0,"event_name":"Mysterious Sphere","floor":42,"gold_loss":0},{"damage_healed":0,"gold_gain":0,"player_choice":"Paid","damage_taken":0,"relics_obtained":["Red Mask"],"max_hp_gain":0,"max_hp_loss":0,"event_name":"Tomb of Lord Red Mask","floor":45,"gold_loss":107}],"is_beta":false,"boss_relics":[{"not_picked":["Philosopher\u0027s Stone","Tiny House"],"picked":"Cursed Key"},{"not_picked":["Ring of the Serpent","Runic Dome"],"picked":"Astrolabe"}],"items_purged_floors":[21,36,38],"is_endless":false,"potions_floor_spawned":[6,8,13,14,19,27,29,37,41,47],"killed_by":"Time Eater","ascension_level":1}