{"path_per_floor":["M","M","?","$","?","R","M","E","T","M","R","?","R","M","R","B",null,"M","?","?","M","$","E","R","M","T","?","M","M","M","M","R","B",null,"M","?","?","M","$","R","M","R","T","?","M","R","E","M","R"],"character_chosen":"IRONCLAD","items_purchased":["Flash of Steel","Paper Frog","Lantern"],"gold_per_floor":[111,122,122,23,23,23,35,61,108,118,118,171,171,185,185,290,290,300,300,300,311,53,112,112,129,129,129,141,159,171,186,186,286,286,299,348,348,361,131,131,149,149,174,174,192,192,217,233,233],"floor_reached":50,"campfire_rested":5,"playtime":1760,"current_hp_per_floor":[80,80,80,80,80,80,80,74,74,71,71,71,71,73,86,26,86,79,89,89,90,90,37,66,63,63,63,39,16,24,25,55,23,110,104,99,99,96,96,96,69,103,103,103,111,111,48,44,94],"items_purged":["Strike_R"],"gold":233,"score":494,"play_id":"df1b26a7-c643-431f-a8b3-269fd2f85c83","local_time":"20180302183702","is_prod":false,"is_daily":false,"is_ascension_mode":false,"campfire_upgraded":5,"timestamp":1520012222,"path_taken":["M","M","?","?","?","R","M","E","T","M","R","?","R","M","R","BOSS","M","?","?","M","$","E","R","M","T","?","?","M","M","M","R","BOSS","M","?","?","M","$","R","M","R","T","?","?","R","E","M","R","BOSS"],"build_version":"2018-03-01-PROD1","purchased_purges":1,"victory":false,"master_deck":["Strike_R+1","Strike_R+1","Strike_R+1","Strike_R","Defend_R","Defend_R","Defend_R","Bash+1","Flex+1","Twin Strike+1","Flash of Steel+1","Double Tap+1","Thunderclap","Thunderclap+1","Dual Wield+1","Flex+1","Twin Strike+1","Clash+1","True Grit+1","Clash+1","Iron Wave+1","Clash+1","Flex+1"],"max_hp_per_floor":[80,80,80,80,80,80,80,82,82,84,84,84,84,86,86,86,86,88,98,98,98,98,98,98,98,98,98,98,98,100,102,102,104,110,110,112,112,112,112,112,114,114,114,114,116,116,118,118,118],"relics":["Burning Blood","Singing Bowl","Whetstone","Black Star","Pear","Paper Frog","Tiny Chest","Orichalcum","Gremlin Horn","Orrery","Peace Pipe","Lantern","Regal Pillow","Omamori","Bag of Preparation"],"card_choices":[{"not_picked":["Armaments","Shockwave"],"picked":"Flex"},{"not_picked":["Warcry","Flex"],"picked":"Twin Strike"},{"not_picked":["Reaper","Berserk"],"picked":"Double Tap"},{"not_picked":["Body Slam","Shrug It Off"],"picked":"Thunderclap"},{"not_picked":["Warcry","Armaments"],"picked":"Dual Wield"},{"not_picked":["Flame Barrier","Thunderclap"],"picked":"Flex"},{"not_picked":["Dropkick","Blood for Blood"],"picked":"Twin Strike"},{"not_picked":["Flex","Havoc"],"picked":"Clash"},{"not_picked":["Iron Wave","Hemokinesis"],"picked":"True Grit"},{"not_picked":["Flex","Havoc"],"picked":"Clash"},{"not_picked":["Ghostly Armor","Spot Weakness"],"picked":"Iron Wave"},{"not_picked":["Sword Boomerang","Pommel Strike"],"picked":"Clash"},{"not_picked":["Ghostly Armor","Immolate"],"picked":"Flex"}],"player_experience":166253,"potions_floor_usage":[23,23,30,31,31,50,50,50],"damage_taken":[{"damage":6,"enemies":"Cultist","floor":1,"turns":3},{"damage":0,"enemies":"Small Slimes","floor":2,"turns":4},{"damage":6,"enemies":"2 Louse","floor":7,"turns":2},{"damage":14,"enemies":"Gremlin Nob","floor":8,"turns":3},{"damage":11,"enemies":"Exordium Thugs","floor":10,"turns":3},{"damage":6,"enemies":"3 Louse","floor":14,"turns":2},{"damage":66,"enemies":"The Guardian","floor":16,"turns":9},{"damage":15,"enemies":"Shell Parasite","floor":18,"turns":3},{"damage":5,"enemies":"Spheric Guardian","floor":21,"turns":3},{"damage":65,"enemies":"Book of Stabbing","floor":23,"turns":5},{"damage":9,"enemies":"Snecko","floor":25,"turns":3},{"damage":30,"enemies":"Snake Plant","floor":28,"turns":3},{"damage":29,"enemies":"Slaver and Parasite","floor":29,"turns":4},{"damage":0,"enemies":"Sentry and Sphere","floor":30,"turns":2},{"damage":13,"enemies":"Centurion and Healer","floor":31,"turns":3},{"damage":40,"enemies":"Collector","floor":33,"turns":6},{"damage":12,"enemies":"Orb Walker","floor":35,"turns":3},{"damage":13,"enemies":"Mysterious Sphere","floor":36,"turns":4},{"damage":9,"enemies":"3 Darklings","floor":38,"turns":3},{"damage":35,"enemies":"4 Shapes","floor":41,"turns":3},{"damage":0,"enemies":"Sphere and 2 Shapes","floor":45,"turns":2},{"damage":71,"enemies":"2 Orb Walkers","floor":47,"turns":6},{"damage":10,"enemies":"Maw","floor":48,"turns":6},{"damage":118,"enemies":"Donu and Deca","floor":50,"turns":7}],"event_choices":[{"event_name":"The Cleric","player_choice":"Leave","floor":3,"damage_taken":0},{"event_name":"Living Wall","player_choice":"Grow","floor":5,"damage_taken":0},{"event_name":"Golden Wing","player_choice":"Gained Gold","floor":12,"damage_taken":0},{"event_name":"The Mausoleum","player_choice":"Yes","floor":19,"damage_taken":0},{"event_name":"The Library","player_choice":"Read","floor":20,"damage_taken":0},{"event_name":"Drug Dealer","player_choice":"Ignored","floor":27,"damage_taken":0},{"event_name":"Mysterious Sphere","player_choice":"Fight","floor":36,"damage_taken":0},{"event_name":"Tomb of Lord Red Mask","player_choice":"Ignored","floor":37,"damage_taken":0}],"boss_relics":[{"not_picked":["Snecko Eye","Velvet Choker"],"picked":"Black Star"},{"not_picked":["Mark of Pain","Runic Pyramid"],"picked":"Orrery"}],"potions_floor_spawned":[2,8,18,21,29,30,33,38,41,45],"seed_played":"6293364001909789265","killed_by":"Donu and Deca","ascension_level":0,"is_trial":false}