{"path_per_floor":["M","M","?","M","?","R","E","M","T","M","M","R","M","M","R","B",null,"M","$","M","$","M","R","?","M","T","?","E","R","$","M","R"],"character_chosen":"IRONCLAD","items_purchased":["Gremlin Horn","Apotheosis"],"gold_per_floor":[215,234,234,248,248,248,278,298,346,366,381,381,401,414,414,511,511,530,28,40,40,51,51,51,64,64,64,98,98,98,115,115],"floor_reached":33,"campfire_rested":2,"playtime":1323,"current_hp_per_floor":[78,80,80,80,80,80,36,34,34,36,30,54,45,46,70,50,80,66,66,66,66,35,35,61,50,50,50,32,32,32,38,38],"items_purged":["Doubt"],"gold":115,"score":297,"play_id":"3ef08146-41c6-4e6e-9473-69d6fdccab66","local_time":"20180302195157","is_prod":false,"is_daily":false,"is_ascension_mode":false,"campfire_upgraded":2,"timestamp":1520016717,"path_taken":["M","M","?","M","?","R","E","M","T","M","M","R","M","M","R","BOSS","M","$","?","$","M","R","?","?","T","?","E","R","$","?","R","BOSS"],"build_version":"2018-03-01-PROD1","purchased_purges":1,"victory":false,"master_deck":["Defend_R","Defend_R","Defend_R","Defend_R","Bash+1","Iron Wave+1","Uppercut+1","Limit Break","Inflame","Thunderclap","Uppercut","Cleave","Thunderclap+1","Shrug It Off","Impervious","Twin Strike","Apotheosis+1","Clash","Thunderclap","Clash+1","Bite","Bite","Bite","Bite","Bite","Infernal Blade+1"],"max_hp_per_floor":[80,80,80,80,80,80,80,80,80,80,80,80,80,80,80,80,80,80,80,80,80,80,80,80,80,80,56,56,56,56,56,56],"relics":["Burning Blood","Gambling Chip","Omamori","Calling Bell","Lantern","Girya","Bag of Preparation","Gremlin Horn","Champion Belt","Whetstone"],"card_choices":[{"not_picked":["Havoc","Sword Boomerang"],"picked":"Iron Wave"},{"not_picked":["Carnage","Sentinel"],"picked":"Uppercut"},{"not_picked":["Bloodletting","Second Wind"],"picked":"Limit Break"},{"not_picked":["Body Slam","Iron Wave"],"picked":"Inflame"},{"not_picked":["Perfected Strike","Fire Breathing"],"picked":"Thunderclap"},{"not_picked":["Battle Trance","Cleave"],"picked":"Uppercut"},{"not_picked":["Clothesline","Blood for Blood"],"picked":"Cleave"},{"not_picked":["Sword Boomerang","Pommel Strike"],"picked":"Thunderclap"},{"not_picked":["Cleave","Limit Break"],"picked":"Shrug It Off"},{"not_picked":["Juggernaut","Bludgeon"],"picked":"Impervious"},{"not_picked":["Clash","Rupture"],"picked":"Twin Strike"},{"not_picked":["Anger","Hemokinesis"],"picked":"Clash"},{"not_picked":["Headbutt","Evolve"],"picked":"Thunderclap"},{"not_picked":["Reckless Charge","Rampage"],"picked":"Clash"},{"not_picked":["Twin Strike","Flex"],"picked":"Infernal Blade"}],"player_experience":171096,"potions_floor_usage":[7,13,22,28,31],"damage_taken":[{"damage":8,"enemies":"2 Louse","floor":1,"turns":3},{"damage":0,"enemies":"Small Slimes","floor":2,"turns":3},{"damage":1,"enemies":"Jaw Worm","floor":4,"turns":3},{"damage":50,"enemies":"Lagavulin","floor":7,"turns":7},{"damage":8,"enemies":"Exordium Wildlife","floor":8,"turns":5},{"damage":4,"enemies":"Looter","floor":10,"turns":3},{"damage":12,"enemies":"Lots of Slimes","floor":11,"turns":5},{"damage":15,"enemies":"Exordium Thugs","floor":13,"turns":3},{"damage":5,"enemies":"2 Fungi Beasts","floor":14,"turns":2},{"damage":26,"enemies":"Slime Boss","floor":16,"turns":8},{"damage":20,"enemies":"2 Thieves","floor":18,"turns":4},{"damage":6,"enemies":"3 Byrds","floor":20,"turns":4},{"damage":37,"enemies":"Centurion and Healer","floor":22,"turns":6},{"damage":17,"enemies":"Snake Plant","floor":25,"turns":4},{"damage":44,"enemies":"Book of Stabbing","floor":28,"turns":5},{"damage":7,"enemies":"Sentry and Sphere","floor":31,"turns":4},{"damage":78,"enemies":"Automaton","floor":33,"turns":6}],"event_choices":[{"event_name":"The Cleric","player_choice":"Leave","floor":3,"damage_taken":0},{"event_name":"Living Wall","player_choice":"Grow","floor":5,"damage_taken":0},{"event_name":"The Library","player_choice":"Heal","floor":24,"damage_taken":0},{"event_name":"Vampires","player_choice":"Became a vampire","floor":27,"damage_taken":0}],"boss_relics":[{"not_picked":["Velvet Choker","Sozu"],"picked":"Calling Bell"}],"potions_floor_spawned":[2,10,11,13,16,18,28],"seed_played":"-4480259557909154296","killed_by":"Automaton","ascension_level":0,"is_trial":false}