{"gold_per_floor":[113,131,131,144,144,144,169,66,91,91,106,106,119,138,138,209,209,228,228,238,238,253,253,202,302,374,374],"floor_reached":27,"playtime":717,"items_purged":["Strike_R"],"score":426,"play_id":"cda5cc06-58c9-4f9f-aba7-334c1bdab9c8","local_time":"20181103221518","is_ascension_mode":true,"campfire_choices":[{"data":"Bash","floor":6,"key":"SMITH"},{"data":"Immolate","floor":10,"key":"SMITH"},{"data":"Body Slam","floor":12,"key":"SMITH"},{"data":"Shrug It Off","floor":15,"key":"SMITH"},{"data":"Barricade","floor":23,"key":"SMITH"}],"neow_cost":"NONE","seed_source_timestamp":3504952789820049,"circlet_count":0,"master_deck":["AscendersBane","Strike_R","Strike_R","Strike_R","Strike_R","Defend_R+1","Defend_R","Defend_R","Defend_R+1","Bash+1","Headbutt","Body Slam+1","Immolate+1","Shrug It Off+1","Barricade+1","Clothesline+1","Combust","Shrug It Off"],"relics":["Black Blood","Omamori","War Paint","Happy Flower","MutagenicStrength","FossilizedHelix","Question Card","Toxic Egg 2"],"potions_floor_usage":[7,7,16],"damage_taken":[{"damage":14,"enemies":"Jaw Worm","floor":1,"turns":4},{"damage":7,"enemies":"Cultist","floor":2,"turns":4},{"damage":6,"enemies":"2 Louse","floor":4,"turns":3},{"damage":26,"enemies":"Gremlin Nob","floor":7,"turns":4},{"damage":0,"enemies":"Lots of Slimes","floor":11,"turns":1},{"damage":0,"enemies":"Large Slime","floor":13,"turns":3},{"damage":0,"enemies":"2 Fungi Beasts","floor":14,"turns":1},{"damage":45,"enemies":"The Guardian","floor":16,"turns":9},{"damage":10,"enemies":"3 Byrds","floor":18,"turns":4},{"damage":24,"enemies":"Spheric Guardian","floor":20,"turns":4},{"damage":5,"enemies":"3 Cultists","floor":22,"turns":4},{"damage":11,"enemies":"Colosseum Slavers","floor":25,"turns":4},{"damage":59,"enemies":"Colosseum Nobs","floor":25,"turns":5},{"damage":24,"enemies":"Slavers","floor":27,"turns":2}],"seed_played":"5787732142373034938","potions_obtained":[{"floor":3,"key":"FairyPotion"},{"floor":3,"key":"Weak Potion"},{"floor":4,"key":"FearPotion"},{"floor":7,"key":"FairyPotion"},{"floor":14,"key":"AttackPotion"}],"is_trial":false,"path_per_floor":["M","M","?","M","?","R","E","$","T","R","M","R","M","M","R","B",null,"M","?","M","?","M","R","$","?","T","E"],"character_chosen":"IRONCLAD","items_purchased":["Shrug It Off","Shrug It Off"],"campfire_rested":0,"item_purchase_floors":[8,24],"current_hp_per_floor":[60,59,59,59,75,75,55,55,55,55,61,61,67,73,73,34,65,65,65,51,51,56,56,56,17,17,0],"gold":374,"neow_bonus":"RANDOM_COMMON_RELIC","is_prod":false,"is_daily":false,"chose_seed":false,"campfire_upgraded":5,"win_rate":0,"timestamp":1541279718,"path_taken":["M","M","?","?","?","R","E","$","T","R","?","R","M","M","R","BOSS","M","?","M","?","M","R","$","?","T","E"],"build_version":"2018-11-01","purchased_purges":1,"victory":false,"max_hp_per_floor":[75,75,75,75,75,75,75,75,75,75,75,75,75,75,75,75,75,75,75,75,75,75,75,75,75,75,75],"card_choices":[{"not_picked":["True Grit","Power Through"],"picked":"Headbutt","floor":1},{"not_picked":["Blood for Blood","Heavy Blade"],"picked":"Body Slam","floor":2},{"not_picked":["Dropkick","Clash"],"picked":"Rampage","floor":4},{"not_picked":["Heavy Blade","Wild Strike"],"picked":"Immolate","floor":7},{"not_picked":["Thunderclap","Perfected Strike","Burning Pact"],"picked":"SKIP","floor":11},{"not_picked":["Perfected Strike","Metallicize","Body Slam"],"picked":"SKIP","floor":13},{"not_picked":["Perfected Strike","Havoc","Sentinel"],"picked":"SKIP","floor":14},{"not_picked":["Berserk","Double Tap"],"picked":"Barricade","floor":16},{"not_picked":["Whirlwind","Body Slam"],"picked":"Clothesline+1","floor":18},{"not_picked":["Sword Boomerang","Clothesline","Heavy Blade"],"picked":"SKIP","floor":20},{"not_picked":["Dropkick","Thunderclap","Clothesline+1"],"picked":"SKIP","floor":22}],"player_experience":1586513,"relics_obtained":[{"floor":7,"key":"War Paint"},{"floor":9,"key":"Happy Flower"},{"floor":25,"key":"FossilizedHelix"},{"floor":25,"key":"Question Card"},{"floor":26,"key":"Toxic Egg 2"}],"event_choices":[{"damage_healed":0,"gold_gain":0,"player_choice":"Got Potions","damage_taken":0,"max_hp_gain":0,"max_hp_loss":0,"event_name":"Lab","floor":3,"gold_loss":0},{"cards_removed":["Rampage"],"damage_healed":16,"gold_gain":0,"player_choice":"Offered Uncommon","damage_taken":0,"max_hp_gain":0,"max_hp_loss":0,"event_name":"Bonfire Elementals","floor":5,"gold_loss":0},{"damage_healed":0,"gold_gain":0,"player_choice":"Read","damage_taken":0,"max_hp_gain":0,"max_hp_loss":0,"event_name":"The Library","floor":19,"gold_loss":0,"cards_obtained":["Combust"]},{"damage_healed":0,"gold_gain":0,"player_choice":"Inject Mutagens","damage_taken":0,"relics_obtained":["MutagenicStrength"],"max_hp_gain":0,"max_hp_loss":0,"event_name":"Drug Dealer","floor":21,"gold_loss":0},{"damage_healed":0,"gold_gain":0,"player_choice":"Fight","damage_taken":0,"max_hp_gain":0,"max_hp_loss":0,"event_name":"Colosseum","floor":25,"gold_loss":0},{"damage_healed":0,"gold_gain":0,"player_choice":"Fought Nobs","damage_taken":0,"max_hp_gain":0,"max_hp_loss":0,"event_name":"Colosseum","floor":25,"gold_loss":0}],"is_beta":false,"boss_relics":[{"not_picked":["Runic Dome","Runic Pyramid"],"picked":"Black Blood"}],"items_purged_floors":[8],"is_endless":false,"potions_floor_spawned":[4,7,14,25],"killed_by":"Slavers","ascension_level":20}