{"gold_per_floor":[112,123,139,155,35,35,51,79,130,305,305,305,322,337,337,434,434,449,449,349,368,193,193,212,212,212,230,230,264,31,43,43,146,146,166,186,186,197,215,215],"floor_reached":40,"playtime":7711,"items_purged":["Defend_B","Defend_B","White Noise","Consume"],"score":411,"play_id":"0212987f-7812-4f90-b308-f2ffc81668d7","local_time":"20190213011254","is_ascension_mode":false,"campfire_choices":[{"data":"Defragment","floor":6.0,"key":"SMITH"},{"data":"Coolheaded","floor":12.0,"key":"SMITH"},{"data":"Creative AI","floor":15.0,"key":"SMITH"},{"data":"Zap","floor":23.0,"key":"SMITH"},{"data":"Coolheaded","floor":25.0,"key":"SMITH"},{"data":"Dualcast","floor":28.0,"key":"SMITH"},{"data":"FTL","floor":32.0,"key":"SMITH"}],"neow_cost":"NONE","seed_source_timestamp":0,"circlet_count":0,"master_deck":["Strike_B","Strike_B","Defend_B","Defend_B","Zap+1","Dualcast+1","Defragment+1","Conserve Battery","Self Repair","Leap","Coolheaded+1","Leap","Cold Snap","Auto Shields","Creative AI+1","Go for the Eyes","Stack","Cold Snap","Go for the Eyes","Glacier","Ball Lightning+1","Coolheaded+1","FTL","Ball Lightning+1","FTL","Defragment","FTL+1","Conserve Battery+1","Conserve Battery+1"],"special_seed":0,"relics":["Cracked Core","Potion Belt","Oddly Smooth Stone","Spirit Poop","Orrery","Kunai","Letter Opener","Smiling Mask","Empty Cage"],"potions_floor_usage":[39],"damage_taken":[{"damage":15.0,"enemies":"Small Slimes","floor":1.0,"turns":3.0},{"damage":7.0,"enemies":"2 Louse","floor":2.0,"turns":3.0},{"damage":0.0,"enemies":"Cultist","floor":3.0,"turns":3.0},{"damage":6.0,"enemies":"Exordium Wildlife","floor":4.0,"turns":3.0},{"damage":5.0,"enemies":"Exordium Thugs","floor":7.0,"turns":7.0},{"damage":11.0,"enemies":"Gremlin Nob","floor":8.0,"turns":5.0},{"damage":10.0,"enemies":"Gremlin Gang","floor":13.0,"turns":4.0},{"damage":8.0,"enemies":"Blue Slaver","floor":14.0,"turns":4.0},{"damage":22.0,"enemies":"Hexaghost","floor":16.0,"turns":10.0},{"damage":0.0,"enemies":"Chosen","floor":18.0,"turns":6.0},{"damage":8.0,"enemies":"Spheric Guardian","floor":21.0,"turns":5.0},{"damage":14.0,"enemies":"Centurion and Healer","floor":24.0,"turns":13.0},{"damage":2.0,"enemies":"Snake Plant","floor":27.0,"turns":6.0},{"damage":15.0,"enemies":"Book of Stabbing","floor":29.0,"turns":7.0},{"damage":2.0,"enemies":"Shelled Parasite and Fungi","floor":31.0,"turns":7.0},{"damage":43.0,"enemies":"Automaton","floor":33.0,"turns":15.0},{"damage":29,"enemies":"3 Darklings","floor":35,"turns":7},{"damage":6,"enemies":"Orb Walker","floor":36,"turns":3},{"damage":14,"enemies":"Spire Growth","floor":38,"turns":6},{"damage":31,"enemies":"Jaw Worm Horde","floor":39,"turns":5},{"damage":24,"enemies":"Nemesis","floor":40,"turns":5}],"seed_played":"3230073721661353567","potions_obtained":[{"floor":2.0,"key":"Strength Potion"},{"floor":4.0,"key":"Dexterity Potion"},{"floor":14.0,"key":"Weak Potion"},{"floor":18.0,"key":"Energy Potion"},{"floor":29.0,"key":"LiquidBronze"}],"is_trial":false,"path_per_floor":["M","M","M","M","$","R","M","E","T","?","?","R","M","M","R","B",null,"M","?","$","M","$","R","M","R","T","M","R","E","$","M","R","B",null,"M","M","?","M","M","E"],"character_chosen":"DEFECT","items_purchased":["Coolheaded","Coolheaded","Defragment","Fruit Juice"],"campfire_rested":0,"item_purchase_floors":[5,22,30,30],"current_hp_per_floor":[60,53,53,54,54,54,56,52,52,52,52,52,42,41,41,26,75,75,75,75,74,74,74,67,67,67,65,65,57,62,67,67,24,80,58,52,52,38,7,0],"gold":215,"neow_bonus":"TRANSFORM_CARD","is_prod":false,"is_daily":false,"chose_seed":false,"campfire_upgraded":7,"win_rate":0.0,"timestamp":1550016774,"path_taken":["M","M","M","M","$","R","M","E","T","?","?","R","?","M","R","BOSS","M","?","$","M","$","R","M","R","T","M","R","E","?","M","R","BOSS","M","?","?","M","M","E"],"build_version":"2019-01-23","purchased_purges":4,"victory":false,"max_hp_per_floor":[75,75,75,75,75,75,75,75,75,75,75,75,75,75,75,75,75,75,75,75,75,75,75,75,75,75,75,75,75,80,80,80,80,80,80,80,80,80,80,80],"card_choices":[{"not_picked":["Ball Lightning","Genetic Algorithm"],"picked":"Defragment","floor":1.0},{"not_picked":["Undo","Go for the Eyes"],"picked":"Conserve Battery","floor":2.0},{"not_picked":["Barrage","Steam"],"picked":"Self Repair","floor":3.0},{"not_picked":["Reprogram","Tempest"],"picked":"Leap","floor":4.0},{"not_picked":["Ball Lightning","Steam"],"picked":"Leap","floor":7.0},{"not_picked":["Reinforced Body","Force Field"],"picked":"Cold Snap","floor":8.0},{"not_picked":["Rip and Tear","Redo"],"picked":"Auto Shields","floor":13.0},{"not_picked":["Beam Cell","Steam Power"],"picked":"Creative AI","floor":14.0},{"not_picked":["Rainbow","All For One"],"picked":"Machine Learning","floor":16.0},{"not_picked":["Steam","Tempest"],"picked":"Go for the Eyes","floor":17.0},{"not_picked":["Darkness","Rebound"],"picked":"Stack","floor":17.0},{"not_picked":["Leap","Sweeping Beam"],"picked":"White Noise","floor":17.0},{"not_picked":["Redo","Go for the Eyes"],"picked":"Cold Snap","floor":17.0},{"not_picked":["Gash","Cold Snap"],"picked":"Go for the Eyes","floor":17.0},{"not_picked":["Genetic Algorithm","Reboot"],"picked":"Glacier","floor":18.0},{"not_picked":["Streamline+1","Hologram"],"picked":"Ball Lightning+1","floor":21.0},{"not_picked":["Coolheaded","Leap"],"picked":"FTL","floor":24.0},{"not_picked":["Compile Driver","BootSequence"],"picked":"Ball Lightning+1","floor":27.0},{"not_picked":["Beam Cell","Steam+1"],"picked":"FTL","floor":29.0},{"not_picked":["Hologram+1","Coolheaded"],"picked":"FTL","floor":31.0},{"not_picked":["Thunder Strike","Multi-Cast"],"picked":"Fission","floor":33.0},{"not_picked":["Reinforced Body+1","Rebound+1"],"picked":"Conserve Battery+1","floor":35},{"not_picked":["Steam","Gash+1","Stack"],"picked":"SKIP","floor":36},{"not_picked":["Reprogram","Skim"],"picked":"Conserve Battery+1","floor":38},{"not_picked":["Reprogram","Creative AI","Compile Driver+1"],"picked":"SKIP","floor":39}],"player_experience":120886,"relics_obtained":[{"floor":8.0,"key":"Potion Belt"},{"floor":9.0,"key":"Oddly Smooth Stone"},{"floor":26.0,"key":"Letter Opener"},{"floor":29.0,"key":"Smiling Mask"}],"event_choices":[{"damage_healed":0.0,"max_hp_gain":0.0,"max_hp_loss":0.0,"gold_gain":175.0,"event_name":"Liars Game","player_choice":"AGREE","floor":10.0,"gold_loss":0.0,"damage_taken":0.0,"cards_obtained":["Doubt"]},{"cards_removed":["Doubt"],"damage_healed":0.0,"max_hp_gain":0.0,"max_hp_loss":0.0,"gold_gain":0.0,"event_name":"Bonfire Elementals","player_choice":"Offered Curse","floor":11.0,"gold_loss":0.0,"damage_taken":0.0,"relics_obtained":["Spirit Poop"]},{"damage_healed":0.0,"max_hp_gain":0.0,"max_hp_loss":0.0,"gold_gain":0.0,"event_name":"WeMeetAgain","player_choice":"Gave Potion","floor":19.0,"gold_loss":0.0,"damage_taken":0.0,"relics_obtained":["Kunai"]},{"cards_removed":["Fission"],"damage_healed":0,"gold_gain":0,"player_choice":"Removed Skill","damage_taken":0,"max_hp_gain":0,"max_hp_loss":0,"event_name":"Falling","floor":37,"gold_loss":0}],"is_beta":false,"boss_relics":[{"not_picked":["Snecko Eye","Fusion Hammer"],"picked":"Orrery"},{"not_picked":["Astrolabe","Sozu"],"picked":"Empty Cage"}],"items_purged_floors":[5,20,22,30],"is_endless":false,"potions_floor_spawned":[2,4,14,18,29],"killed_by":"Nemesis","ascension_level":0}