{"gold_per_floor":[114,114,64,76,100,100,128,128,128,163,163,183,214,231,231,231],"floor_reached":16,"playtime":720,"items_purged":[],"score":124,"play_id":"b7b2b28b-5f9c-463c-a770-1820475455cd","local_time":"20190210025454","is_ascension_mode":true,"campfire_choices":[{"data":"Caltrops","floor":6,"key":"SMITH"},{"data":"Dash","floor":8,"key":"SMITH"},{"data":"Sucker Punch","floor":11,"key":"SMITH"},{"data":"Backflip","floor":15,"key":"SMITH"}],"neow_cost":"NONE","seed_source_timestamp":187053726945897,"circlet_count":0,"master_deck":["Defend_G","Defend_G","Defend_G","Defend_G","Defend_G","Strike_G","Strike_G","Strike_G+1","Strike_G+1","Survivor+1","Neutralize+1","Caltrops+1","Sucker Punch+1","Dash+1","Flying Knee","Underhanded Strike","Backflip+1","Outmaneuver"],"relics":["Ring of the Snake","Whetstone","Regal Pillow","The Courier","Question Card","Singing Bowl"],"potions_floor_usage":[13,16,16],"damage_taken":[{"damage":0,"enemies":"Small Slimes","floor":1,"turns":4},{"damage":0,"enemies":"Jaw Worm","floor":4,"turns":4},{"damage":10,"enemies":"Lagavulin","floor":7,"turns":7},{"damage":2,"enemies":"Gremlin Nob","floor":10,"turns":5},{"damage":0,"enemies":"Cultist","floor":12,"turns":3},{"damage":24,"enemies":"3 Sentries","floor":13,"turns":8},{"damage":0,"enemies":"Exordium Wildlife","floor":14,"turns":3},{"damage":36,"enemies":"Slime Boss","floor":16,"turns":11}],"seed_played":"-8331164868302585029","potions_obtained":[{"floor":4,"key":"SpeedPotion"},{"floor":10,"key":"Ancient Potion"},{"floor":12,"key":"Swift Potion"}],"is_trial":false,"path_per_floor":["M","?","?","M","T","R","E","R","T","E","R","M","E","M","R","B"],"character_chosen":"THE_SILENT","items_purchased":[],"campfire_rested":0,"item_purchase_floors":[],"current_hp_per_floor":[77,62,62,62,62,62,52,52,52,50,50,50,26,26,26,0],"gold":231,"neow_bonus":"TEN_PERCENT_HP_BONUS","is_prod":false,"is_daily":false,"chose_seed":false,"campfire_upgraded":4,"win_rate":0,"timestamp":1549763694,"path_taken":["M","?","?","M","?","R","E","R","T","E","R","?","E","M","R","BOSS"],"build_version":"2019-01-23","purchased_purges":0,"victory":false,"max_hp_per_floor":[77,77,77,77,77,77,77,77,77,77,77,77,77,77,77,77],"card_choices":[{"not_picked":["Quick Slash","Dodge and Roll"],"picked":"Caltrops","floor":1},{"not_picked":["Flying Knee","Blade Dance"],"picked":"Sucker Punch","floor":4},{"not_picked":["Night Terror","Slice"],"picked":"Dash","floor":7},{"not_picked":["PiercingWail","Riddle With Holes"],"picked":"Flying Knee","floor":10},{"not_picked":["Catalyst","Sucker Punch","Blade Dance"],"picked":"Underhanded Strike","floor":12},{"not_picked":["Slice","Adrenaline","Outmaneuver"],"picked":"Backflip","floor":13},{"not_picked":["Dodge and Roll","Blade Dance","Slice"],"picked":"Outmaneuver","floor":14}],"player_experience":131605,"relics_obtained":[{"floor":5,"key":"Whetstone"},{"floor":7,"key":"Regal Pillow"},{"floor":9,"key":"The Courier"},{"floor":10,"key":"Question Card"},{"floor":13,"key":"Singing Bowl"}],"event_choices":[{"damage_healed":0,"gold_gain":0,"player_choice":"Entered Light","damage_taken":15,"max_hp_gain":0,"max_hp_loss":0,"event_name":"Shining Light","floor":2,"gold_loss":0,"cards_upgraded":["Survivor","Strike_G"]},{"cards_removed":["Strike_G"],"damage_healed":0,"gold_gain":0,"player_choice":"Card Removal","damage_taken":0,"max_hp_gain":0,"max_hp_loss":0,"event_name":"The Cleric","floor":3,"gold_loss":50}],"is_beta":false,"boss_relics":[],"items_purged_floors":[],"is_endless":false,"potions_floor_spawned":[4,10,12],"killed_by":"Slime Boss","ascension_level":1}