{"gold_per_floor":[13,13,13,88,88,88,100,100,155,155,184,199,234,246,246,341,341,353,353,353,368,293,293,293],"floor_reached":24,"playtime":1059,"items_purged":[],"score":378,"play_id":"149a1a32-8ee6-44dc-a110-9aeeaf028bac","local_time":"20190213115109","is_ascension_mode":true,"campfire_choices":[{"data":"Zap","floor":6,"key":"SMITH"},{"floor":8,"key":"DIG"},{"data":"Hologram","floor":10,"key":"SMITH"},{"floor":15,"key":"REST"},{"data":"Fission","floor":23,"key":"SMITH"}],"neow_cost":"NO_GOLD","seed_source_timestamp":85039946965462,"circlet_count":0,"master_deck":["Strike_B+1","Defend_B","Defend_B","Defend_B","Zap+1","Dualcast","Ball Lightning+1","Hologram+1","Consume","Fission+1","FTL","Seek","Self Repair","Auto Shields"],"special_seed":0,"relics":["Cracked Core","Shovel","Mummified Hand","Anchor","Pen Nib","Sozu","Nloth\u0027s Gift"],"potions_floor_usage":[16],"damage_taken":[{"damage":0,"enemies":"Small Slimes","floor":1,"turns":3},{"damage":2,"enemies":"Jaw Worm","floor":7,"turns":2},{"damage":8,"enemies":"Gremlin Nob","floor":11,"turns":3},{"damage":0,"enemies":"2 Louse","floor":12,"turns":2},{"damage":25,"enemies":"Lagavulin","floor":13,"turns":5},{"damage":10,"enemies":"Exordium Wildlife","floor":14,"turns":4},{"damage":39,"enemies":"The Guardian","floor":16,"turns":13},{"damage":5,"enemies":"2 Thieves","floor":18,"turns":4},{"damage":0,"enemies":"Spheric Guardian","floor":21,"turns":3},{"damage":50,"enemies":"3 Cultists","floor":24,"turns":6}],"seed_played":"-3659036508285554978","potions_obtained":[{"floor":7,"key":"Poison Potion"},{"floor":12,"key":"SpeedPotion"},{"floor":13,"key":"Strength Potion"}],"is_trial":false,"path_per_floor":["M","$","?","?","?","R","M","R","T","R","E","M","E","M","R","B",null,"M","?","?","M","?","R","M"],"character_chosen":"DEFECT","items_purchased":[],"campfire_rested":1,"item_purchase_floors":[],"current_hp_per_floor":[75,75,75,64,64,64,62,62,62,62,54,54,29,19,41,2,57,52,52,52,59,59,59,9],"gold":293,"neow_bonus":"ONE_RARE_RELIC","is_prod":false,"is_daily":false,"chose_seed":false,"campfire_upgraded":3,"win_rate":0,"timestamp":1550055069,"path_taken":["M","$","?","?","?","R","?","R","T","R","E","M","E","M","R","BOSS","M","?","?","?","?","R","M"],"build_version":"2019-01-23","purchased_purges":0,"victory":false,"max_hp_per_floor":[75,75,75,75,75,75,75,75,75,75,75,75,75,75,75,75,75,75,75,75,75,75,75,75],"card_choices":[{"not_picked":["Coolheaded","Lockon"],"picked":"Ball Lightning","floor":1},{"not_picked":["Storm","Doom and Gloom"],"picked":"Hologram","floor":7},{"not_picked":["Coolheaded","Recycle"],"picked":"Consume","floor":11},{"not_picked":["Rebound","Go for the Eyes","Hello World"],"picked":"SKIP","floor":12},{"not_picked":["Streamline","Force Field"],"picked":"Fission","floor":13},{"not_picked":["Redo","Chaos"],"picked":"FTL","floor":14},{"not_picked":["Machine Learning","Reboot"],"picked":"Seek","floor":16},{"not_picked":["Hologram","Sweeping Beam","Darkness"],"picked":"SKIP","floor":18},{"not_picked":["Compile Driver","Static Discharge","Sweeping Beam"],"picked":"SKIP","floor":21}],"player_experience":78839,"relics_obtained":[{"floor":8,"key":"Mummified Hand"},{"floor":9,"key":"Whetstone"},{"floor":11,"key":"Anchor"},{"floor":13,"key":"Pen Nib"}],"event_choices":[{"damage_healed":0,"gold_gain":0,"player_choice":"Leave","damage_taken":0,"max_hp_gain":0,"max_hp_loss":0,"event_name":"The Cleric","floor":3,"gold_loss":0},{"damage_healed":0,"gold_gain":75,"player_choice":"Gather Gold","damage_taken":11,"max_hp_gain":0,"max_hp_loss":0,"event_name":"World of Goop","floor":4,"gold_loss":0},{"cards_removed":["Strike_B"],"damage_healed":0,"gold_gain":0,"player_choice":"Forget","damage_taken":0,"max_hp_gain":0,"max_hp_loss":0,"event_name":"Living Wall","floor":5,"gold_loss":0},{"damage_healed":0,"gold_gain":0,"cards_transformed":["Strike_B","Strike_B"],"player_choice":"Became Test Subject","damage_taken":0,"max_hp_gain":0,"max_hp_loss":0,"event_name":"Drug Dealer","floor":19,"gold_loss":0,"cards_obtained":["Self Repair","Auto Shields"]},{"damage_healed":0,"gold_gain":0,"player_choice":"Traded Relic","damage_taken":0,"relics_obtained":["Nloth\u0027s Gift"],"max_hp_gain":0,"max_hp_loss":0,"event_name":"N\u0027loth","floor":20,"relics_lost":["Whetstone"],"gold_loss":0},{"cards_removed":["Defend_B"],"damage_healed":0,"gold_gain":0,"player_choice":"Gave Gold","damage_taken":0,"max_hp_gain":0,"max_hp_loss":0,"event_name":"Beggar","floor":22,"gold_loss":75}],"is_beta":false,"boss_relics":[{"not_picked":["Orrery","Runic Dome"],"picked":"Sozu"}],"items_purged_floors":[],"is_endless":false,"potions_floor_spawned":[7,12,13,21],"killed_by":"3 Cultists","ascension_level":5}