{"gold_per_floor":[109,125,125,138,98,98,118,118,118,146,158,158,65,78,78,149,149,166,166,3,3,13,13],"floor_reached":23,"playtime":824,"items_purged":[],"score":382,"play_id":"dc4ef221-ef6f-4a46-8a63-03801daea219","local_time":"20181211150918","is_ascension_mode":true,"campfire_choices":[{"data":"Bash","floor":6,"key":"SMITH"},{"data":"Shockwave","floor":8,"key":"SMITH"},{"floor":15,"key":"REST"}],"neow_cost":"NONE","seed_source_timestamp":64927544277333,"circlet_count":0,"master_deck":["AscendersBane","Strike_R","Strike_R","Strike_R","Strike_R","Strike_R","Defend_R","Defend_R","Defend_R","Defend_R","Bash+1","Rampage","Juggernaut+1","Iron Wave","Shockwave+1","Corruption+1","Entrench","Armaments","Spot Weakness","Headbutt","Exhume","Disarm+1","Shrug It Off","Iron Wave","Ghostly Armor"],"relics":["Burning Blood","Omamori","Frozen Egg 2","Bag of Marbles","Sundial","Art of War","Orrery","PreservedInsect"],"potions_floor_usage":[16],"damage_taken":[{"damage":16,"enemies":"Jaw Worm","floor":1,"turns":6},{"damage":6,"enemies":"Cultist","floor":2,"turns":3},{"damage":7,"enemies":"Small Slimes","floor":4,"turns":4},{"damage":7,"enemies":"Looter","floor":5,"turns":4},{"damage":11,"enemies":"Blue Slaver","floor":7,"turns":3},{"damage":25,"enemies":"3 Sentries","floor":10,"turns":9},{"damage":8,"enemies":"3 Louse","floor":11,"turns":4},{"damage":12,"enemies":"Looter","floor":14,"turns":3},{"damage":30,"enemies":"Slime Boss","floor":16,"turns":9},{"damage":6,"enemies":"Shell Parasite","floor":18,"turns":5},{"damage":36,"enemies":"Spheric Guardian","floor":22,"turns":7},{"damage":31,"enemies":"Gremlin Leader","floor":23,"turns":5}],"seed_played":"8884430675741786530","potions_obtained":[{"floor":2,"key":"Dexterity Potion"},{"floor":4,"key":"SpeedPotion"},{"floor":7,"key":"Strength Potion"},{"floor":11,"key":"EssenceOfSteel"}],"is_trial":false,"path_per_floor":["M","M","?","M","M","R","M","R","T","E","M","?","$","M","R","B",null,"M","?","$","?","M","E"],"character_chosen":"IRONCLAD","items_purchased":["Armaments","Spot Weakness","PreservedInsect"],"campfire_rested":1,"item_purchase_floors":[13,13,20],"current_hp_per_floor":[58,58,58,57,56,56,51,51,51,32,30,19,19,13,35,11,59,59,59,59,59,29,0],"gold":13,"neow_bonus":"RANDOM_COMMON_RELIC","is_prod":false,"is_daily":false,"chose_seed":false,"campfire_upgraded":2,"win_rate":0,"timestamp":1544537358,"path_taken":["M","M","?","M","?","R","M","R","T","E","M","?","$","M","R","BOSS","M","?","?","?","M","E"],"build_version":"2018-12-06","purchased_purges":0,"victory":false,"max_hp_per_floor":[75,75,75,75,75,75,75,75,75,75,75,75,75,75,75,75,75,75,75,75,75,75,75],"card_choices":[{"not_picked":["Wild Strike","Armaments","Heavy Blade"],"picked":"SKIP","floor":1},{"not_picked":["Warcry","Clash"],"picked":"Rampage","floor":2},{"not_picked":["True Grit","Perfected Strike"],"picked":"Juggernaut+1","floor":4},{"not_picked":["Pommel Strike","Body Slam"],"picked":"Iron Wave","floor":5},{"not_picked":["Carnage","Rampage"],"picked":"Shockwave","floor":7},{"not_picked":["Headbutt","Fiend Fire"],"picked":"Corruption+1","floor":10},{"not_picked":["Havoc","Battle Trance"],"picked":"Entrench","floor":11},{"not_picked":["Hemokinesis","Warcry"],"picked":"Headbutt","floor":14},{"not_picked":["Fiend Fire","Juggernaut+1"],"picked":"Exhume","floor":16},{"not_picked":["Thunderclap","Reckless Charge"],"picked":"Disarm","floor":17},{"not_picked":["Body Slam","Intimidate"],"picked":"Shrug It Off","floor":17},{"not_picked":["Warcry","Burning Pact"],"picked":"Iron Wave","floor":17},{"not_picked":["Clothesline","Corruption+1","Wild Strike"],"picked":"SKIP","floor":18},{"not_picked":["Body Slam","Sword Boomerang"],"picked":"Ghostly Armor","floor":22}],"player_experience":1786600,"relics_obtained":[{"floor":9,"key":"Bag of Marbles"},{"floor":10,"key":"Sundial"}],"event_choices":[{"damage_healed":0,"gold_gain":0,"player_choice":"Gave Potion","damage_taken":0,"relics_obtained":["Frozen Egg 2"],"max_hp_gain":0,"max_hp_loss":0,"event_name":"WeMeetAgain","floor":3,"gold_loss":0},{"damage_healed":0,"gold_gain":0,"player_choice":"Success","damage_taken":11,"relics_obtained":["Art of War"],"max_hp_gain":0,"max_hp_loss":0,"event_name":"Scrap Ooze","floor":12,"gold_loss":0},{"damage_healed":0,"gold_gain":0,"player_choice":"Forge","damage_taken":0,"max_hp_gain":0,"max_hp_loss":0,"event_name":"Accursed Blacksmith","floor":19,"gold_loss":0,"cards_upgraded":["Disarm"]},{"damage_healed":0,"gold_gain":0,"player_choice":"Ignored","damage_taken":0,"max_hp_gain":0,"max_hp_loss":0,"event_name":"Beggar","floor":21,"gold_loss":0}],"is_beta":false,"boss_relics":[{"not_picked":["Black Blood","Pandora\u0027s Box"],"picked":"Orrery"}],"items_purged_floors":[],"is_endless":false,"potions_floor_spawned":[2,4,7,11],"killed_by":"Gremlin Leader","ascension_level":20}