{"gold_per_floor":[119,119,138,148,198,226,244,277,277,287,304,338,11,26,26,122,152,169,169,188,214,22,51,51],"floor_reached":24,"playtime":1317,"items_purged":[],"score":276,"play_id":"76b833ba-5b31-4479-aedc-5ea9772bf1ce","local_time":"20190209220811","is_ascension_mode":true,"campfire_choices":[{"data":"Armaments","floor":15,"key":"SMITH"}],"neow_cost":"NONE","seed_source_timestamp":169253635081534,"circlet_count":0,"master_deck":["Strike_R","Strike_R","Strike_R","Strike_R","Strike_R","Defend_R","Defend_R","Defend_R","Defend_R","Bash","Clash","Clash","Dual Wield","Warcry","Armaments+1","Sentinel","Flex","Rage","Headbutt","Injury","True Grit","Writhe","Anger+1","Violence","Demon Form+1"],"relics":["Burning Blood","Omamori","Blue Candle","Singing Bowl","Mercury Hourglass","Kunai","Bird Faced Urn","Ornamental Fan","Calling Bell","Nunchaku","Molten Egg 2","Tiny Chest","Frozen Egg 2","Ice Cream"],"potions_floor_usage":[8,12,20,23,23],"damage_taken":[{"damage":0,"enemies":"Small Slimes","floor":1,"turns":3},{"damage":0,"enemies":"2 Louse","floor":3,"turns":2},{"damage":0,"enemies":"Jaw Worm","floor":4,"turns":2},{"damage":26,"enemies":"Lagavulin","floor":6,"turns":5},{"damage":0,"enemies":"Blue Slaver","floor":7,"turns":1},{"damage":0,"enemies":"Gremlin Nob","floor":8,"turns":3},{"damage":6,"enemies":"Exordium Thugs","floor":10,"turns":3},{"damage":0,"enemies":"Exordium Wildlife","floor":11,"turns":1},{"damage":13,"enemies":"Lagavulin","floor":12,"turns":5},{"damage":0,"enemies":"Large Slime","floor":14,"turns":3},{"damage":32,"enemies":"The Guardian","floor":16,"turns":9},{"damage":12,"enemies":"3 Byrds","floor":18,"turns":5},{"damage":19,"enemies":"2 Thieves","floor":20,"turns":4},{"damage":78,"enemies":"Book of Stabbing","floor":23,"turns":8},{"damage":14,"enemies":"3 Cultists","floor":24,"turns":4}],"seed_played":"5120178041599927405","potions_obtained":[{"floor":3,"key":"Fire Potion"},{"floor":8,"key":"Regen Potion"},{"floor":10,"key":"SteroidPotion"},{"floor":14,"key":"Strength Potion"},{"floor":20,"key":"Swift Potion"}],"is_trial":false,"path_per_floor":["M","?","M","M","?","E","M","E","T","M","M","E","$","M","R","B",null,"M","?","M","T","$","E","M"],"character_chosen":"IRONCLAD","items_purchased":["Rage","Ornamental Fan","Violence"],"campfire_rested":0,"item_purchase_floors":[13,13,22],"current_hp_per_floor":[80,77,80,80,80,60,68,74,74,74,80,75,75,81,81,57,86,80,80,67,67,67,10,0],"gold":51,"neow_bonus":"RANDOM_COMMON_RELIC","is_prod":false,"is_daily":false,"chose_seed":false,"campfire_upgraded":1,"win_rate":0,"timestamp":1549746491,"path_taken":["M","?","M","M","?","E","M","E","T","M","M","E","?","M","R","BOSS","M","?","M","?","?","E","M"],"build_version":"2019-01-23","purchased_purges":0,"victory":false,"max_hp_per_floor":[80,80,80,80,80,80,82,82,82,82,82,84,84,84,84,86,86,86,86,86,86,86,86,86],"card_choices":[{"not_picked":["True Grit","Evolve"],"picked":"Clash","floor":1},{"not_picked":["Flex","Spot Weakness"],"picked":"Clash","floor":3},{"not_picked":["Flex","Cleave"],"picked":"Dual Wield","floor":4},{"not_picked":["Cleave","Wild Strike"],"picked":"Warcry","floor":6},{"not_picked":["Heavy Blade","Combust","True Grit"],"picked":"Singing Bowl","floor":7},{"not_picked":["Iron Wave","Whirlwind"],"picked":"Armaments","floor":8},{"not_picked":["Armaments","Feel No Pain"],"picked":"Sentinel","floor":10},{"not_picked":["Heavy Blade","Pommel Strike"],"picked":"Flex","floor":11},{"not_picked":["Iron Wave","Bludgeon","Body Slam"],"picked":"Singing Bowl","floor":12},{"not_picked":["Wild Strike","Second Wind"],"picked":"Headbutt","floor":14},{"not_picked":["Limit Break","Impervious","Demon Form"],"picked":"Singing Bowl","floor":16},{"not_picked":["Havoc","Headbutt+1"],"picked":"True Grit","floor":18},{"not_picked":["Infernal Blade","Power Through"],"picked":"Anger+1","floor":20},{"not_picked":["Shrug It Off","Sentinel"],"picked":"Demon Form+1","floor":23}],"player_experience":114314,"relics_obtained":[{"floor":6,"key":"Singing Bowl"},{"floor":8,"key":"Mercury Hourglass"},{"floor":9,"key":"Kunai"},{"floor":12,"key":"Bird Faced Urn"},{"floor":17,"key":"Nunchaku"},{"floor":17,"key":"Molten Egg 2"},{"floor":17,"key":"Tiny Chest"},{"floor":23,"key":"Ice Cream"}],"event_choices":[{"damage_healed":0,"gold_gain":0,"player_choice":"Success","damage_taken":3,"relics_obtained":["Blue Candle"],"max_hp_gain":0,"max_hp_loss":0,"event_name":"Scrap Ooze","floor":2,"gold_loss":0},{"damage_healed":0,"gold_gain":50,"player_choice":"Gained Gold","damage_taken":0,"max_hp_gain":0,"max_hp_loss":0,"event_name":"Golden Wing","floor":5,"gold_loss":0},{"damage_healed":0,"gold_gain":0,"player_choice":"Opened","damage_taken":0,"relics_obtained":["Frozen Egg 2"],"max_hp_gain":0,"max_hp_loss":0,"event_name":"The Mausoleum","floor":19,"gold_loss":0,"cards_obtained":["Writhe"]}],"is_beta":false,"boss_relics":[{"not_picked":["Mark of Pain","Runic Pyramid"],"picked":"Calling Bell"}],"items_purged_floors":[],"is_endless":false,"potions_floor_spawned":[3,8,10,14,20],"killed_by":"3 Cultists","ascension_level":1}