{"path_per_floor":["M","?","?","M","M","R","E","M","T","?","$","R","M","$","R","B",null,"M","?","?","M","?","E","R","M","T","R","E","M","R","M","R","B",null,"M","?","M","$","M","R","E","?","T","R","T","$","?","M","R","B"],"character_chosen":"IRONCLAD","items_purchased":["Body Slam","Happy Flower","Membership Card","Flame Barrier","Anchor","Secret Technique","Dexterity Potion","Swift Potion"],"gold_per_floor":[115,190,190,210,229,229,264,279,302,302,100,100,120,120,120,222,222,241,241,156,168,368,400,400,417,469,469,496,509,509,526,526,629,629,647,647,661,423,433,433,466,466,466,466,466,52,52,65,65,65],"floor_reached":51,"campfire_rested":2,"playtime":2847,"current_hp_per_floor":[80,69,53,57,61,61,61,59,59,59,59,59,65,65,65,37,80,80,65,65,71,71,56,56,60,60,60,38,44,44,42,82,85,85,83,83,67,67,64,64,24,24,24,64,64,64,64,72,72,20],"items_purged":["Strike_R"],"gold":65,"score":638,"play_id":"b671777a-42e3-4df4-a52c-f7abab7e2aa1","local_time":"20180308202540","is_prod":false,"is_daily":false,"is_ascension_mode":false,"campfire_upgraded":8,"timestamp":1520537140,"path_taken":["BOSS","M","?","?","?","M","R","E","M","T","?","$","R","?","?","R","BOSS","M","?","?","M","?","E","R","?","T","R","E","M","R","M","R","BOSS","M","?","M","$","M","R","E","?","T","R","?","$","?","M","R","BOSS"],"build_version":"2018-03-01-PROD1","purchased_purges":1,"victory":true,"master_deck":["Strike_R","Strike_R+1","Strike_R+1","Defend_R","Defend_R","Defend_R","Defend_R","Bash","Ghostly Armor+1","Rampage+1","Pommel Strike","Armaments+1","Body Slam+1","Shrug It Off+1","Barricade+1","Pommel Strike+1","Feel No Pain+1","True Grit+1","Juggernaut+1","Fire Breathing","Body Slam+1","Flame Barrier+1","Shrug It Off+1","Battle Trance+1","Secret Technique+1","Injury","Body Slam+1"],"max_hp_per_floor":[80,80,80,80,80,80,80,80,80,80,80,80,80,80,80,80,80,80,85,85,85,85,85,85,85,85,85,85,85,85,85,85,85,85,85,85,85,85,85,85,85,85,85,85,85,85,85,85,85,85],"relics":["Burning Blood","Regal Pillow","Mercury Hourglass","Pen Nib","Happy Flower","Velvet Choker","Bag of Marbles","Smiling Mask","Bag of Preparation","Molten Egg 2","Black Star","Membership Card","Lantern","Blood Vial","Bronze Scales","Red Skull","Anchor"],"card_choices":[{"not_picked":["Second Wind","Clash"],"picked":"Ghostly Armor"},{"not_picked":["Wild Strike","Rupture"],"picked":"Rampage"},{"not_picked":["Sever Soul","Combust"],"picked":"Pommel Strike"},{"not_picked":["Second Wind","True Grit"],"picked":"Armaments"},{"not_picked":["Whirlwind","Reckless Charge"],"picked":"Shrug It Off"},{"not_picked":["Limit Break","Bludgeon"],"picked":"Barricade"},{"not_picked":["Twin Strike","Flex"],"picked":"Pommel Strike"},{"not_picked":["Hemokinesis","Pommel Strike"],"picked":"Feel No Pain"},{"not_picked":["Disarm","Headbutt"],"picked":"True Grit"},{"not_picked":["Wild Strike","Corruption"],"picked":"Shrug It Off"},{"not_picked":["Intimidate","Dual Wield"],"picked":"Battle Trance"},{"not_picked":["Headbutt","Anger"],"picked":"Body Slam"}],"player_experience":247410,"potions_floor_usage":[7,21,33,35,39,50,50],"damage_taken":[{"damage":1,"enemies":"Cultist","floor":1,"turns":3},{"damage":2,"enemies":"Small Slimes","floor":4,"turns":3},{"damage":2,"enemies":"2 Louse","floor":5,"turns":3},{"damage":6,"enemies":"Gremlin Nob","floor":7,"turns":3},{"damage":8,"enemies":"Gremlin Gang","floor":8,"turns":3},{"damage":0,"enemies":"Exordium Thugs","floor":13,"turns":4},{"damage":34,"enemies":"Slime Boss","floor":16,"turns":8},{"damage":2,"enemies":"Shell Parasite","floor":18,"turns":4},{"damage":0,"enemies":"2 Thieves","floor":21,"turns":3},{"damage":21,"enemies":"Book of Stabbing","floor":23,"turns":5},{"damage":2,"enemies":"3 Cultists","floor":25,"turns":6},{"damage":28,"enemies":"Slavers","floor":28,"turns":7},{"damage":0,"enemies":"Snecko","floor":29,"turns":7},{"damage":8,"enemies":"Snake Plant","floor":31,"turns":4},{"damage":0,"enemies":"Champ","floor":33,"turns":10},{"damage":8,"enemies":"3 Darklings","floor":35,"turns":9},{"damage":22,"enemies":"Orb Walker","floor":37,"turns":5},{"damage":9,"enemies":"3 Darklings","floor":39,"turns":5},{"damage":46,"enemies":"Nemesis","floor":41,"turns":9},{"damage":0,"enemies":"4 Shapes","floor":48,"turns":6},{"damage":60,"enemies":"Donu and Deca","floor":50,"turns":10}],"event_choices":[{"event_name":"World of Goop","player_choice":"Gather Gold","floor":2,"damage_taken":0},{"event_name":"Shining Light","player_choice":"Entered Light","floor":3,"damage_taken":0},{"event_name":"Bonfire Elementals","player_choice":"BASIC","floor":10,"damage_taken":0},{"event_name":"Forgotten Altar","player_choice":"Shed Blood","floor":19,"damage_taken":0},{"event_name":"Addict","player_choice":"Obtained Relic","floor":20,"damage_taken":0},{"event_name":"The Joust","player_choice":"Bet on Owner","floor":22,"damage_taken":0},{"event_name":"Match and Keep!","player_choice":"3 cards matched","floor":36,"damage_taken":0},{"event_name":"Tomb of Lord Red Mask","player_choice":"Ignored","floor":42,"damage_taken":0},{"event_name":"Accursed Blacksmith","player_choice":"Forge","floor":47,"damage_taken":0}],"boss_relics":[{"not_picked":["Runic Pyramid","Eternal Feather"],"picked":"Velvet Choker"},{"not_picked":["Cursed Key","Snecko Eye"],"picked":"Black Star"}],"potions_floor_spawned":[1,5,8,13,18,28,29,35,48],"seed_played":"-7483333092412775405","ascension_level":0,"is_trial":false}