{"gold_per_floor":[113,133,152,168,185,185,210,220,245,245,257,257,292,467,467,562,562,581,595,609,180,192,192,202,202,226,237,267,267,299,311,311,408,408,428,448,110,123,143,176,193,221,276,290,302,302,313,313,313,313,313,313,82,111,111],"floor_reached":55,"playtime":7739,"items_purged":["Strike_B","Strike_B","Defend_B"],"score":877,"play_id":"41cf3fea-0ee7-47c0-9a35-cf47e1abb741","local_time":"20190213193649","is_ascension_mode":true,"campfire_choices":[{"data":"Go for the Eyes","floor":6.0,"key":"SMITH"},{"floor":10.0,"key":"REST"},{"floor":12.0,"key":"REST"},{"data":"Defragment","floor":15.0,"key":"SMITH"},{"floor":23.0,"key":"REST"},{"floor":25.0,"key":"REST"},{"data":"Storm","floor":32.0,"key":"SMITH"},{"floor":49,"key":"RECALL"},{"data":"Coolheaded","floor":52,"key":"SMITH"}],"neow_cost":"NONE","seed_source_timestamp":1365336417633400,"circlet_count":0,"master_deck":["Strike_B+1","Strike_B+1","Defend_B","Defend_B","Defend_B","Zap","Dualcast","Defragment+1","Go for the Eyes+1","Skim","Genetic Algorithm","Hologram","Go for the Eyes","Hologram","Capacitor","Biased Cognition","Gash+1","Leap","Storm+1","Ball Lightning+1","Coolheaded+1","Defragment+1","Auto Shields","Hologram+1","Undo+1","Seek","FTL+1","Sunder+1","BootSequence+1","Barrage+1","Leap","Cold Snap+1","Hologram+1","Parasite","Heatsinks","Darkness","Electrodynamics"],"special_seed":0,"relics":["Cracked Core","Bag of Preparation","Centennial Puzzle","Dead Branch","Sozu","Bird Faced Urn","Whetstone","Bag of Marbles","Omamori","Velvet Choker","Mummified Hand","Mango","Ice Cream","Orichalcum"],"potions_floor_usage":[50],"damage_taken":[{"damage":1.0,"enemies":"Cultist","floor":1.0,"turns":4.0},{"damage":10.0,"enemies":"Small Slimes","floor":2.0,"turns":4.0},{"damage":3.0,"enemies":"Jaw Worm","floor":3.0,"turns":3.0},{"damage":3.0,"enemies":"Exordium Thugs","floor":4.0,"turns":5.0},{"damage":15.0,"enemies":"Exordium Wildlife","floor":5.0,"turns":5.0},{"damage":41.0,"enemies":"Gremlin Nob","floor":7.0,"turns":5.0},{"damage":0.0,"enemies":"Blue Slaver","floor":8.0,"turns":5.0},{"damage":1.0,"enemies":"3 Louse","floor":11.0,"turns":3.0},{"damage":12.0,"enemies":"Lagavulin","floor":13.0,"turns":8.0},{"damage":9.0,"enemies":"Hexaghost","floor":16.0,"turns":9.0},{"damage":5.0,"enemies":"Spheric Guardian","floor":18.0,"turns":4.0},{"damage":2.0,"enemies":"Shell Parasite","floor":19.0,"turns":5.0},{"damage":26.0,"enemies":"Snake Plant","floor":20.0,"turns":5.0},{"damage":40.0,"enemies":"Sentry and Sphere","floor":22.0,"turns":6.0},{"damage":14.0,"enemies":"Cultist and Chosen","floor":24.0,"turns":5.0},{"damage":18.0,"enemies":"Shelled Parasite and Fungi","floor":27.0,"turns":4.0},{"damage":0.0,"enemies":"Book of Stabbing","floor":28.0,"turns":6.0},{"damage":10.0,"enemies":"Slavers","floor":30.0,"turns":4.0},{"damage":3.0,"enemies":"3 Cultists","floor":31.0,"turns":5.0},{"damage":31.0,"enemies":"Collector","floor":33.0,"turns":8.0},{"damage":0.0,"enemies":"Orb Walker","floor":35.0,"turns":3.0},{"damage":3.0,"enemies":"3 Shapes","floor":36.0,"turns":5.0},{"damage":1,"enemies":"Maw","floor":38,"turns":5},{"damage":9,"enemies":"Writhing Mass","floor":39,"turns":5},{"damage":50,"enemies":"Nemesis","floor":40,"turns":11},{"damage":0,"enemies":"Spire Growth","floor":41,"turns":4},{"damage":29,"enemies":"Reptomancer","floor":42,"turns":6},{"damage":20,"enemies":"3 Darklings","floor":44,"turns":4},{"damage":0,"enemies":"4 Shapes","floor":45,"turns":5},{"damage":0,"enemies":"Writhing Mass","floor":47,"turns":4},{"damage":37,"enemies":"Awakened One","floor":50,"turns":19},{"damage":33,"enemies":"Shield and Spear","floor":54,"turns":9},{"damage":69,"enemies":"The Heart","floor":55,"turns":3}],"seed_played":"5087951396870713466","potions_obtained":[{"floor":1.0,"key":"Weak Potion"},{"floor":4.0,"key":"FocusPotion"},{"floor":7.0,"key":"SkillPotion"},{"floor":8.0,"key":"Block Potion"},{"floor":16.0,"key":"Fire Potion"}],"is_trial":false,"path_per_floor":["M","M","M","M","M","R","E","M","T","R","M","R","E","?","R","B",null,"M","M","M","$","M","R","M","R","T","M","E","?","E","M","R","B",null,"M","M","$","M","M","E","M","E","T","M","M","?","M","?","R","B",null,"R","$","E","B"],"character_chosen":"DEFECT","items_purchased":["Storm","Bird Faced Urn","Mummified Hand","Heatsinks","Darkness"],"campfire_rested":4,"item_purchase_floors":[21,21,37,53,53],"current_hp_per_floor":[74,64,61,58,43,43,2,2,2,24,23,45,33,33,33,24,75,70,68,42,42,8,30,22,44,44,36,46,46,42,47,47,26,75,75,74,74,74,74,43,53,34,34,22,30,52,62,62,62,37,89,89,89,59,0],"gold":111,"neow_bonus":"THREE_CARDS","is_prod":false,"is_daily":false,"chose_seed":false,"campfire_upgraded":4,"win_rate":0,"timestamp":1550083009,"path_taken":["M","M","M","M","M","R","E","M","T","R","?","R","E","?","R","BOSS","M","M","M","$","M","R","M","R","T","M","E","?","E","M","R","BOSS","M","?","$","M","M","E","M","E","T","M","M","?","M","?","R","BOSS","R","$","E","BOSS"],"build_version":"2019-01-23","purchased_purges":3,"victory":false,"max_hp_per_floor":[75,75,75,75,75,75,75,75,75,75,75,75,75,75,75,75,75,75,75,75,75,75,75,75,75,75,75,75,75,75,75,75,75,75,75,75,75,75,75,89,89,89,89,89,89,89,89,89,89,89,89,89,89,89,89],"card_choices":[{"not_picked":["Rebound","Turbo"],"picked":"Defragment","floor":0.0},{"not_picked":["Rip and Tear","Loop"],"picked":"Go for the Eyes","floor":1.0},{"not_picked":["Rebound","Force Field"],"picked":"Skim","floor":2.0},{"not_picked":["Blizzard","Self Repair"],"picked":"Genetic Algorithm","floor":3.0},{"not_picked":["Rebound","Storm"],"picked":"Hologram","floor":4.0},{"not_picked":["Sweeping Beam","Beam Cell","Steam"],"picked":"SKIP","floor":5.0},{"not_picked":["Genetic Algorithm","Undo"],"picked":"Go for the Eyes","floor":7.0},{"not_picked":["Redo","Go for the Eyes","Compile Driver"],"picked":"SKIP","floor":8.0},{"not_picked":["Streamline","Compile Driver"],"picked":"Hologram","floor":11.0},{"not_picked":["Compile Driver","Fission"],"picked":"Capacitor","floor":13.0},{"not_picked":["Rainbow","All For One"],"picked":"Biased Cognition","floor":16.0},{"not_picked":["Defragment","Lockon"],"picked":"Gash+1","floor":18.0},{"not_picked":["Redo","Sweeping Beam"],"picked":"Leap","floor":19.0},{"not_picked":["Go for the Eyes","Barrage","Creative AI"],"picked":"SKIP","floor":20.0},{"not_picked":["Double Energy","Compile Driver"],"picked":"Ball Lightning+1","floor":22.0},{"not_picked":["Go for the Eyes+1","Sweeping Beam"],"picked":"Coolheaded","floor":24.0},{"not_picked":["Turbo","Stack"],"picked":"Defragment+1","floor":27.0},{"not_picked":["Chill","Tempest"],"picked":"Auto Shields","floor":28.0},{"not_picked":["Redo","Melter"],"picked":"Hologram+1","floor":30.0},{"not_picked":["Rip and Tear","Rebound"],"picked":"Undo+1","floor":31.0},{"not_picked":["All For One","Machine Learning"],"picked":"Seek","floor":33.0},{"not_picked":["Cold Snap","Go for the Eyes+1"],"picked":"FTL+1","floor":35.0},{"not_picked":["Streamline","Gash"],"picked":"Sunder+1","floor":36.0},{"not_picked":["Storm","Hello World"],"picked":"BootSequence+1","floor":38},{"not_picked":["Steam","Redo"],"picked":"Barrage+1","floor":39},{"not_picked":["Barrage","Redo"],"picked":"Leap","floor":40},{"not_picked":["Sweeping Beam","Steam+1","Multi-Cast"],"picked":"SKIP","floor":41},{"not_picked":["Go for the Eyes+1","Barrage"],"picked":"Cold Snap+1","floor":42},{"not_picked":["Doom and Gloom","Go for the Eyes+1"],"picked":"Hologram+1","floor":44},{"not_picked":["Double Energy+1","Leap","Hologram+1"],"picked":"SKIP","floor":45},{"not_picked":["Compile Driver","Stack+1","Auto Shields"],"picked":"SKIP","floor":47},{"not_picked":["Sunder+1","Stack+1"],"picked":"Electrodynamics","floor":54}],"player_experience":149345,"relics_obtained":[{"floor":7.0,"key":"Bag of Preparation"},{"floor":9.0,"key":"Centennial Puzzle"},{"floor":13.0,"key":"Dead Branch"},{"floor":26.0,"key":"Whetstone"},{"floor":28.0,"key":"Bag of Marbles"},{"floor":30.0,"key":"Omamori"},{"floor":40,"key":"Mango"},{"floor":42,"key":"Ice Cream"},{"floor":54,"key":"Orichalcum"}],"event_choices":[{"damage_healed":0.0,"max_hp_gain":0.0,"max_hp_loss":0.0,"gold_gain":175.0,"event_name":"Liars Game","player_choice":"AGREE","floor":14.0,"gold_loss":0.0,"damage_taken":0.0,"cards_obtained":["Doubt"]},{"cards_removed":["Doubt"],"damage_healed":0.0,"max_hp_gain":0.0,"max_hp_loss":0.0,"gold_gain":0.0,"event_name":"Purifier","player_choice":"Purged","floor":29.0,"gold_loss":0.0,"damage_taken":0.0},{"damage_healed":22,"gold_gain":0,"player_choice":"Writhe","damage_taken":0,"max_hp_gain":0,"max_hp_loss":0,"event_name":"Winding Halls","floor":46,"gold_loss":0,"cards_obtained":["Writhe"]},{"damage_healed":0,"gold_gain":0,"player_choice":"Ignored","damage_taken":0,"max_hp_gain":0,"max_hp_loss":0,"event_name":"Tomb of Lord Red Mask","floor":48,"gold_loss":0}],"is_beta":false,"boss_relics":[{"not_picked":["Snecko Eye","Inserter"],"picked":"Sozu"},{"not_picked":["Tiny House","FrozenCore"],"picked":"Velvet Choker"}],"items_purged_floors":[21,37,53],"is_endless":false,"potions_floor_spawned":[1,4,7,8,16,18,19,20,30,33,36,38,44],"killed_by":"The Heart","ascension_level":1}