{"gold_per_floor":[219,219,4,0,15,15,15,15,15,55,55,79,79,113,113,207,207,223,223,138,150,8,28,28,39,39,39,39,69,69,96,96,168,168,184,184,184,194,194,194,222,222,247,276,290,305,7,19,19,19,19],"floor_reached":52,"playtime":3413,"items_purged":["Injury","Strike_R","Strike_R"],"score":2083,"play_id":"6d7ca09c-5131-43f4-a05e-e6b1c4940278","local_time":"20181211170649","is_ascension_mode":true,"campfire_choices":[{"data":"Immolate","floor":6,"key":"SMITH"},{"data":"Bash","floor":8,"key":"SMITH"},{"data":"Iron Wave","floor":11,"key":"SMITH"},{"floor":15,"key":"REST"},{"floor":24,"key":"REST"},{"data":"True Grit","floor":27,"key":"SMITH"},{"floor":30,"key":"REST"},{"data":"True Grit","floor":32,"key":"SMITH"},{"floor":40,"key":"RECALL"},{"data":"Feel No Pain","floor":42,"key":"SMITH"},{"data":"True Grit","floor":49,"key":"SMITH"}],"neow_cost":"NONE","seed_source_timestamp":69379578204049,"circlet_count":0,"master_deck":["AscendersBane","Strike_R","Strike_R","Strike_R+1","Defend_R","Defend_R","Defend_R","Defend_R","Bash+1","Carnage+1","Immolate+1","Iron Wave+1","Body Slam+1","True Grit+1","True Grit+1","Reaper+1","Shrug It Off+1","Intimidate","Feel No Pain+1","Clothesline+1","Impervious","Warcry","Dramatic Entrance+1","Impervious","Shrug It Off","True Grit+1","Doubt","Havoc+1","Sentinel+1","Feel No Pain","Second Wind"],"relics":["Black Blood","Bloody Idol","Calipers","Molten Egg 2","Boot","Dead Branch","Cursed Key","Anchor","Nilry\u0027s Codex","Blood Vial","Whetstone","Bag of Marbles","Kunai"],"potions_floor_usage":[14,14,23,31,51,51],"damage_taken":[{"damage":12,"enemies":"2 Louse","floor":1,"turns":3},{"damage":10,"enemies":"Small Slimes","floor":5,"turns":3},{"damage":17,"enemies":"3 Sentries","floor":10,"turns":6},{"damage":5,"enemies":"Jaw Worm","floor":12,"turns":3},{"damage":21,"enemies":"Gremlin Nob","floor":14,"turns":4},{"damage":2,"enemies":"Slime Boss","floor":16,"turns":8},{"damage":31,"enemies":"Shell Parasite","floor":18,"turns":5},{"damage":49,"enemies":"Spheric Guardian","floor":21,"turns":8},{"damage":0,"enemies":"Chosen and Byrds","floor":23,"turns":5},{"damage":11,"enemies":"Centurion and Healer","floor":25,"turns":5},{"damage":15,"enemies":"Slavers","floor":29,"turns":5},{"damage":7,"enemies":"Book of Stabbing","floor":31,"turns":4},{"damage":53,"enemies":"Collector","floor":33,"turns":16},{"damage":3,"enemies":"3 Shapes","floor":35,"turns":6},{"damage":0,"enemies":"Orb Walker","floor":38,"turns":2},{"damage":16,"enemies":"Reptomancer","floor":41,"turns":8},{"damage":41,"enemies":"Nemesis","floor":44,"turns":15},{"damage":0,"enemies":"Maw","floor":45,"turns":8},{"damage":6,"enemies":"Writhing Mass","floor":46,"turns":6},{"damage":0,"enemies":"4 Shapes","floor":48,"turns":6},{"damage":5,"enemies":"Awakened One","floor":50,"turns":7},{"damage":0,"enemies":"Donu and Deca","floor":51,"turns":11}],"seed_played":"-7013933858538603603","potions_obtained":[{"floor":1,"key":"Dexterity Potion"},{"floor":14,"key":"Dexterity Potion"},{"floor":21,"key":"AttackPotion"},{"floor":29,"key":"Block Potion"},{"floor":33,"key":"SteroidPotion"}],"is_trial":false,"path_per_floor":["M","?","$","?","M","R","?","R","T","E","R","M","$","E","R","B",null,"M","?","?","M","$","M","R","M","T","R","?","E","R","E","R","B",null,"M","?","?","M","$","R","E","R","T","E","M","M","$","M","R","B","B",null],"character_chosen":"IRONCLAD","items_purchased":["Immolate","Weak Potion","Intimidate","Second Wind","LiquidBronze"],"campfire_rested":3,"item_purchase_floors":[3,3,22,47,47],"current_hp_per_floor":[62,62,62,62,58,58,53,53,53,42,42,43,43,28,50,54,70,50,50,50,12,12,25,47,52,52,52,31,37,59,65,65,25,63,75,75,75,75,75,75,74,74,75,56,75,75,75,75,75,75,75],"gold":19,"neow_bonus":"HUNDRED_GOLD","is_prod":false,"is_daily":false,"chose_seed":false,"campfire_upgraded":7,"win_rate":0,"timestamp":1544544409,"path_taken":["M","?","$","?","M","R","?","R","T","E","R","M","$","E","R","BOSS","M","?","?","M","$","M","R","M","T","R","?","E","R","E","R","BOSS","M","?","?","?","$","R","E","R","T","E","M","?","?","M","R","BOSS","BOSS"],"build_version":"2018-12-06","purchased_purges":3,"victory":true,"max_hp_per_floor":[75,75,75,75,75,75,75,75,75,75,75,75,75,75,75,75,75,75,75,75,75,75,75,75,75,75,75,75,75,75,75,75,75,75,75,75,75,75,75,75,75,75,75,75,75,75,75,75,75,75,75],"card_choices":[{"not_picked":["Flex","Perfected Strike"],"picked":"Carnage","floor":1},{"not_picked":["Bloodletting","Wild Strike"],"picked":"Iron Wave","floor":5},{"not_picked":["True Grit","Flame Barrier"],"picked":"Body Slam+1","floor":10},{"not_picked":["Burning Pact","Headbutt+1"],"picked":"True Grit","floor":12},{"not_picked":["Burning Pact","Clothesline+1"],"picked":"True Grit","floor":14},{"not_picked":["Double Tap","Juggernaut"],"picked":"Reaper+1","floor":16},{"not_picked":["Rampage+1","Cleave+1","Sever Soul+1"],"picked":"SKIP","floor":18},{"not_picked":["Intimidate","Whirlwind+1"],"picked":"Shrug It Off+1","floor":21},{"not_picked":["Searing Blow+1","Body Slam+1"],"picked":"Feel No Pain","floor":23},{"not_picked":["Wild Strike+1","Iron Wave+1"],"picked":"Clothesline+1","floor":25},{"not_picked":["Clash+1","Clothesline+1","Havoc"],"picked":"SKIP","floor":29},{"not_picked":["Headbutt+1","Rupture","Clash+1"],"picked":"SKIP","floor":31},{"not_picked":["Fiend Fire+1","Immolate+1"],"picked":"Impervious","floor":33},{"not_picked":["Headbutt+1","Clothesline+1"],"picked":"Warcry","floor":35},{"not_picked":["Discovery","Secret Weapon"],"picked":"Dramatic Entrance+1","floor":36},{"not_picked":["Burning Pact","Armaments"],"picked":"Shrug It Off","floor":38},{"not_picked":["Carnage+1","Anger+1"],"picked":"True Grit","floor":41},{"not_picked":["True Grit","Heavy Blade+1"],"picked":"Havoc+1","floor":44},{"not_picked":["Bloodletting","Cleave+1"],"picked":"Sentinel+1","floor":45},{"not_picked":["Headbutt+1","Rampage+1"],"picked":"Feel No Pain","floor":46},{"not_picked":["Perfected Strike+1","Clothesline+1","Cleave+1"],"picked":"SKIP","floor":48}],"player_experience":1788158,"relics_obtained":[{"floor":9,"key":"Molten Egg 2"},{"floor":10,"key":"Boot"},{"floor":14,"key":"Dead Branch"},{"floor":28,"key":"Nilry\u0027s Codex"},{"floor":29,"key":"Blood Vial"},{"floor":31,"key":"Whetstone"},{"floor":41,"key":"Bag of Marbles"},{"floor":44,"key":"Kunai"}],"event_choices":[{"damage_healed":0,"gold_gain":0,"player_choice":"Take Wound","damage_taken":0,"relics_obtained":["Golden Idol"],"max_hp_gain":0,"max_hp_loss":0,"event_name":"Golden Idol","floor":2,"gold_loss":0,"cards_obtained":["Injury"]},{"damage_healed":0,"gold_gain":0,"player_choice":"Left Gold","damage_taken":0,"max_hp_gain":0,"max_hp_loss":0,"event_name":"World of Goop","floor":4,"gold_loss":4},{"damage_healed":0,"gold_gain":0,"player_choice":"Success","damage_taken":5,"relics_obtained":["Calipers"],"max_hp_gain":0,"max_hp_loss":0,"event_name":"Scrap Ooze","floor":7,"gold_loss":0},{"damage_healed":0,"gold_gain":0,"player_choice":"Gave Idol","damage_taken":0,"relics_obtained":["Bloody Idol"],"max_hp_gain":0,"max_hp_loss":0,"event_name":"Forgotten Altar","floor":19,"relics_lost":["Golden Idol"],"gold_loss":0},{"damage_healed":0,"gold_gain":0,"player_choice":"Obtained Relic","damage_taken":0,"relics_obtained":["Anchor"],"max_hp_gain":0,"max_hp_loss":0,"event_name":"Addict","floor":20,"gold_loss":85},{"damage_healed":0,"gold_gain":0,"player_choice":"Obtained Book","damage_taken":21,"max_hp_gain":0,"max_hp_loss":0,"event_name":"Cursed Tome","floor":28,"gold_loss":0},{"damage_healed":0,"gold_gain":0,"player_choice":"Memory 1","damage_taken":0,"max_hp_gain":0,"max_hp_loss":0,"event_name":"SensoryStone","floor":36,"gold_loss":0},{"damage_healed":0,"gold_gain":0,"player_choice":"Copied","damage_taken":0,"max_hp_gain":0,"max_hp_loss":0,"event_name":"Duplicator","floor":37,"gold_loss":0,"cards_obtained":["Impervious"]}],"is_beta":false,"boss_relics":[{"not_picked":["Calling Bell","Orrery"],"picked":"Cursed Key"},{"not_picked":["Runic Dome","Eternal Feather"],"picked":"Black Blood"}],"items_purged_floors":[3,22,47],"is_endless":false,"potions_floor_spawned":[1,5,14,21,29,33,38,44,45,46,48],"ascension_level":20}