{"gold_per_floor":[118,128,37,55,72,86,86,113,113,113,15,81,81,100,100,195,195,209,228,228,228,228],"floor_reached":22,"playtime":2034,"items_purged":[],"score":186,"play_id":"59b99454-1535-463f-a414-d6da1401a4dc","local_time":"20190211001619","is_ascension_mode":false,"campfire_choices":[{"floor":10,"key":"REST"},{"data":"Pommel Strike","floor":13,"key":"SMITH"},{"data":"Iron Wave","floor":15,"key":"SMITH"}],"neow_cost":"","seed_source_timestamp":312093601423400,"circlet_count":0,"master_deck":["Strike_R+1","Strike_R","Strike_R","Strike_R","Strike_R","Defend_R","Defend_R","Defend_R","Bash+1","Anger","Burning Pact","Iron Wave+1","Combust","Iron Wave+1","Pommel Strike+1","Twin Strike","Pommel Strike","Anger","Whirlwind","Double Tap","Iron Wave+1","Cleave+1"],"relics":["Burning Blood","Whetstone","Pantograph","Philosopher\u0027s Stone"],"potions_floor_usage":[8,16,16],"damage_taken":[{"damage":5,"enemies":"2 Louse","floor":1,"turns":3},{"damage":1,"enemies":"Cultist","floor":2,"turns":3},{"damage":6,"enemies":"Jaw Worm","floor":4,"turns":3},{"damage":3,"enemies":"3 Louse","floor":5,"turns":3},{"damage":7,"enemies":"2 Fungi Beasts","floor":6,"turns":3},{"damage":23,"enemies":"3 Sentries","floor":8,"turns":6},{"damage":8,"enemies":"Red Slaver","floor":14,"turns":2},{"damage":57,"enemies":"The Guardian","floor":16,"turns":11},{"damage":13,"enemies":"Chosen","floor":18,"turns":4},{"damage":23,"enemies":"2 Thieves","floor":19,"turns":4},{"damage":25,"enemies":"Colosseum Slavers","floor":20,"turns":4},{"damage":42,"enemies":"Snake Plant","floor":22,"turns":3}],"seed_played":"-5317206167105735372","potions_obtained":[{"floor":2,"key":"Strength Potion"},{"floor":5,"key":"Energy Potion"},{"floor":14,"key":"PowerPotion"},{"floor":19,"key":"Strength Potion"}],"is_trial":false,"path_per_floor":["M","M","$","M","M","M","?","E","T","R","$","?","R","M","R","B",null,"M","M","?","?","M"],"character_chosen":"IRONCLAD","items_purchased":["Iron Wave","Combust","Anger","Block Potion"],"campfire_rested":1,"item_purchase_floors":[3,3,11,11],"current_hp_per_floor":[80,80,80,80,80,79,79,62,62,80,80,80,80,78,78,29,80,73,56,37,37,0],"gold":228,"neow_bonus":"","is_prod":false,"is_daily":false,"chose_seed":false,"campfire_upgraded":2,"win_rate":0.0,"timestamp":1549862179,"path_taken":["M","M","$","M","M","M","?","E","T","R","?","?","R","M","R","BOSS","M","M","?","?","?"],"build_version":"2019-01-23","purchased_purges":0,"victory":false,"max_hp_per_floor":[80,80,80,80,80,80,80,80,80,80,80,80,80,80,80,80,80,80,80,80,80,80],"card_choices":[{"not_picked":["Dropkick","Clash"],"picked":"Anger","floor":1},{"not_picked":["Clash","Carnage"],"picked":"Burning Pact","floor":2},{"not_picked":["Flex","Thunderclap"],"picked":"Iron Wave","floor":4},{"not_picked":["Shrug It Off","Uppercut"],"picked":"Pommel Strike","floor":5},{"not_picked":["Brutality","Dropkick"],"picked":"Twin Strike","floor":6},{"not_picked":["Twin Strike","Carnage"],"picked":"Pommel Strike","floor":8},{"not_picked":["Inflame","Bludgeon"],"picked":"Whirlwind","floor":14},{"not_picked":["Berserk","Impervious"],"picked":"Double Tap","floor":16},{"not_picked":["Carnage","Reckless Charge+1"],"picked":"Iron Wave+1","floor":18},{"not_picked":["Bloodletting","Shockwave+1"],"picked":"Cleave+1","floor":19}],"player_experience":0,"relics_obtained":[{"floor":8,"key":"Whetstone"},{"floor":9,"key":"Pantograph"}],"event_choices":[{"cards_removed":["Defend_R"],"damage_healed":0,"gold_gain":0,"player_choice":"Purged","damage_taken":0,"max_hp_gain":0,"max_hp_loss":0,"event_name":"Purifier","floor":7,"gold_loss":0},{"damage_healed":0,"gold_gain":66,"player_choice":"Gained Gold","damage_taken":0,"max_hp_gain":0,"max_hp_loss":0,"event_name":"Golden Wing","floor":12,"gold_loss":0},{"damage_healed":0,"gold_gain":0,"player_choice":"Fight","damage_taken":0,"max_hp_gain":0,"max_hp_loss":0,"event_name":"Colosseum","floor":20,"gold_loss":0},{"damage_healed":0,"gold_gain":0,"player_choice":"Fled From Nobs","damage_taken":0,"max_hp_gain":0,"max_hp_loss":0,"event_name":"Colosseum","floor":20,"gold_loss":0},{"damage_healed":0,"gold_gain":0,"player_choice":"Upgraded","damage_taken":0,"max_hp_gain":0,"max_hp_loss":0,"event_name":"Upgrade Shrine","floor":21,"gold_loss":0,"cards_upgraded":["Iron Wave"]}],"is_beta":false,"boss_relics":[{"not_picked":["Runic Pyramid","Eternal Feather"],"picked":"Philosopher\u0027s Stone"}],"items_purged_floors":[],"is_endless":false,"potions_floor_spawned":[2,5,14,19,20],"killed_by":"Snake Plant","ascension_level":0}