{"gold_per_floor":[361,22,33,47,67,67,79,108,154,154,164,184,184,184,184,287,337,349,364,364,379,45,57,87,87,132,132,147,157,157,167,167,264,264,277,295,395,395,406,406,454,469,469,494,510,545,545,561,561,561,561,561,87,120,120],"floor_reached":56,"playtime":5295,"items_purged":["Strike_G","Strike_G"],"score":1285,"play_id":"64e2fd76-327c-45a3-b037-7f6a8b22bf34","local_time":"20190214130901","is_ascension_mode":false,"campfire_choices":[{"data":"After Image","floor":6.0,"key":"SMITH"},{"data":"Cloak And Dagger","floor":10.0,"key":"SMITH"},{"data":"Blade Dance","floor":15.0,"key":"SMITH"},{"data":"Cloak And Dagger","floor":27.0,"key":"SMITH"},{"data":"Caltrops","floor":30,"key":"SMITH"},{"data":"Neutralize","floor":32,"key":"SMITH"},{"data":"1","floor":40,"key":"LIFT"},{"floor":49,"key":"RECALL"},{"data":"2","floor":52,"key":"LIFT"}],"neow_cost":"TEN_PERCENT_HP_LOSS","seed_source_timestamp":634744141400,"circlet_count":0,"master_deck":["Defend_G","Defend_G","Defend_G","Defend_G+1","Defend_G","Survivor","Neutralize+1","After Image+1","Flying Knee","Backstab","Escape Plan","Blade Dance+1","Cloak And Dagger+1","Cloak And Dagger+1","Burst","Infinite Blades","PiercingWail+1","Cloak And Dagger+1","Backstab","Caltrops+1","After Image","Cloak And Dagger+1","Tools of the Trade","Acrobatics","Blade Dance+1","Cloak And Dagger+1","Blur+1","Escape Plan+1","Caltrops","After Image+1","Infinite Blades"],"special_seed":0,"relics":["Ring of the Snake","Kunai","Letter Opener","Potion Belt","Tiny House","Ninja Scroll","Meat on the Bone","Dream Catcher","Orrery","Girya","Prayer Wheel","Orichalcum","Darkstone Periapt","Calipers","Paper Crane"],"potions_floor_usage":[33,42,42,55,55,55,55],"damage_taken":[{"damage":8.0,"enemies":"Jaw Worm","floor":1.0,"turns":7.0},{"damage":0.0,"enemies":"Cultist","floor":3.0,"turns":4.0},{"damage":0.0,"enemies":"Small Slimes","floor":4.0,"turns":5.0},{"damage":0.0,"enemies":"Gremlin Gang","floor":5.0,"turns":2.0},{"damage":0.0,"enemies":"Blue Slaver","floor":7.0,"turns":5.0},{"damage":8.0,"enemies":"Lagavulin","floor":8.0,"turns":8.0},{"damage":0.0,"enemies":"2 Fungi Beasts","floor":11.0,"turns":4.0},{"damage":4.0,"enemies":"Lots of Slimes","floor":12.0,"turns":4.0},{"damage":16.0,"enemies":"Slime Boss","floor":16.0,"turns":17.0},{"damage":0.0,"enemies":"3 Byrds","floor":18.0,"turns":5.0},{"damage":0.0,"enemies":"Chosen","floor":19.0,"turns":6.0},{"damage":0.0,"enemies":"Shelled Parasite and Fungi","floor":21.0,"turns":7.0},{"damage":0.0,"enemies":"3 Cultists","floor":23.0,"turns":6.0},{"damage":5.0,"enemies":"Gremlin Leader","floor":24.0,"turns":9.0},{"damage":1.0,"enemies":"Chosen and Byrds","floor":28.0,"turns":4.0},{"damage":1,"enemies":"Centurion and Healer","floor":29,"turns":7},{"damage":4,"enemies":"Snake Plant","floor":31,"turns":5},{"damage":0,"enemies":"Champ","floor":33,"turns":18},{"damage":0,"enemies":"Orb Walker","floor":35,"turns":4},{"damage":0,"enemies":"3 Shapes","floor":36,"turns":6},{"damage":0,"enemies":"Mind Bloom Boss Battle","floor":37,"turns":9},{"damage":5,"enemies":"Jaw Worm Horde","floor":39,"turns":6},{"damage":1,"enemies":"2 Orb Walkers","floor":41,"turns":6},{"damage":0,"enemies":"Writhing Mass","floor":42,"turns":9},{"damage":0,"enemies":"Reptomancer","floor":44,"turns":11},{"damage":0,"enemies":"Sphere and 2 Shapes","floor":45,"turns":5},{"damage":3,"enemies":"Giant Head","floor":46,"turns":9},{"damage":4,"enemies":"Spire Growth","floor":48,"turns":7},{"damage":1,"enemies":"Awakened One","floor":50,"turns":32},{"damage":31,"enemies":"Shield and Spear","floor":54,"turns":10},{"damage":6,"enemies":"The Heart","floor":55,"turns":11}],"seed_played":"-5096278811698825435","potions_obtained":[{"floor":1.0,"key":"Explosive Potion"},{"floor":4.0,"key":"Strength Potion"},{"floor":8.0,"key":"GamblersBrew"},{"floor":11.0,"key":"Dexterity Potion"},{"floor":12.0,"key":"SmokeBomb"},{"floor":16.0,"key":"Poison Potion"},{"floor":17.0,"key":"Fruit Juice"},{"floor":18.0,"key":"FearPotion"},{"floor":21.0,"key":"Dexterity Potion"},{"floor":24.0,"key":"Regen Potion"},{"floor":28.0,"key":"Ancient Potion"},{"floor":29,"key":"Swift Potion"},{"floor":37,"key":"Block Potion"},{"floor":42,"key":"SpeedPotion"},{"floor":45,"key":"Swift Potion"},{"floor":54,"key":"Weak Potion"}],"is_trial":false,"path_per_floor":["?","?","?","M","?","M","?","?","M","?","?","M"],"character_chosen":"THE_SILENT","items_purchased":["Kunai","After Image","Ninja Scroll","Calipers","LiquidBronze"],"campfire_rested":0,"item_purchase_floors":[2,2,22,53,53],"current_hp_per_floor":[55,55,55,55,55,55,55,47,47,47,47,43,36,36,36,20,73,73,73,73,73,73,73,68,68,68,68,67,66,66,62,62,62,73,73,73,73,73,68,68,67,67,67,67,67,64,64,60,60,59,73,73,73,42,48],"gold":120,"neow_bonus":"TWO_FIFTY_GOLD","is_prod":false,"is_daily":false,"chose_seed":false,"campfire_upgraded":6,"win_rate":0,"timestamp":1550117341,"path_taken":["M","$","M","M","M","R","M","E","T","R","M","M","?","?","R","BOSS","M","M","?","?","$","M","E","?","T","R","M","M","R","M","R","BOSS","M","?","?","?","?","R","?","M","T","E","M","E","?","?","R","BOSS","R","$","E","BOSS"],"build_version":"2019-01-23","purchased_purges":2,"victory":true,"max_hp_per_floor":[63,63,63,63,63,63,63,63,63,63,63,63,63,63,63,63,73,73,73,73,73,73,73,73,73,73,73,73,73,73,73,73,73,73,73,73,73,73,73,73,73,73,73,73,73,73,73,73,73,73,73,73,73,73,73],"card_choices":[{"not_picked":["Deadly Poison","Blade Dance","Acrobatics"],"picked":"SKIP","floor":1.0},{"not_picked":["Leg Sweep","Quick Slash"],"picked":"Flying Knee","floor":3.0},{"not_picked":["Accuracy","Bouncing Flask"],"picked":"Backstab","floor":4.0},{"not_picked":["Crippling Poison","Outmaneuver"],"picked":"Escape Plan","floor":5.0},{"not_picked":["Quick Slash","Backflip"],"picked":"Blade Dance","floor":7.0},{"not_picked":["Blur","Infinite Blades"],"picked":"Cloak And Dagger","floor":8.0},{"not_picked":["Deadly Poison","Phantasmal Killer","Setup"],"picked":"SKIP","floor":11.0},{"not_picked":["Dagger Spray","Noxious Fumes"],"picked":"Cloak And Dagger","floor":12.0},{"not_picked":["Grand Finale","Wraith Form v2"],"picked":"Burst","floor":16.0},{"not_picked":["Bouncing Flask","Prepared"],"picked":"Infinite Blades","floor":17.0},{"not_picked":["Choke","Calculated Gamble"],"picked":"PiercingWail+1","floor":18.0},{"not_picked":["Accuracy","Eviscerate"],"picked":"Cloak And Dagger","floor":19.0},{"not_picked":["Riddle With Holes","Dash+1","Outmaneuver"],"picked":"SKIP","floor":21.0},{"not_picked":["Dodge and Roll","Leg Sweep+1"],"picked":"Caltrops","floor":23.0},{"not_picked":["Quick Slash","Poisoned Stab","Prepared"],"picked":"SKIP","floor":24.0},{"not_picked":["Infinite Blades","Blade Dance"],"picked":"After Image","floor":28.0},{"not_picked":["Calculated Gamble+1","Quick Slash"],"picked":"Cloak And Dagger+1","floor":29},{"not_picked":["Dagger Throw+1","Sucker Punch+1","Leg Sweep"],"picked":"SKIP","floor":31},{"not_picked":["Wraith Form v2","A Thousand Cuts"],"picked":"Tools of the Trade","floor":33},{"not_picked":["Footwork+1","Deadly Poison"],"picked":"Acrobatics","floor":34},{"not_picked":["Dagger Throw","Well Laid Plans"],"picked":"Blade Dance+1","floor":34},{"not_picked":["Dodge and Roll+1","Tools of the Trade"],"picked":"Cloak And Dagger+1","floor":34},{"not_picked":["Quick Slash+1","Dagger Spray"],"picked":"Blur+1","floor":34},{"not_picked":["Deflect","Quick Slash","Terror"],"picked":"SKIP","floor":35},{"not_picked":["Tactician+1","Catalyst","Cloak And Dagger"],"picked":"SKIP","floor":36},{"not_picked":["Venomology","Distraction"],"picked":"Escape Plan+1","floor":39},{"not_picked":["Blur+1","Catalyst+1"],"picked":"Caltrops","floor":42},{"not_picked":["Blade Dance+1","Cloak And Dagger+1","Leg Sweep+1"],"picked":"SKIP","floor":42},{"not_picked":["Outmaneuver+1","Deflect","Masterful Stab"],"picked":"SKIP","floor":44},{"not_picked":["Outmaneuver+1","Flying Knee","Storm of Steel"],"picked":"SKIP","floor":45},{"not_picked":["Quick Slash","Dagger Throw","Sucker Punch+1"],"picked":"SKIP","floor":45},{"not_picked":["Quick Slash","Riddle With Holes+1","Flying Knee+1"],"picked":"SKIP","floor":46},{"not_picked":["Endless Agony+1","Sucker Punch"],"picked":"Infinite Blades","floor":48},{"not_picked":["Expertise","Deadly Poison+1","Bane+1"],"picked":"SKIP","floor":48},{"not_picked":["Predator+1","Cloak And Dagger+1","Backflip"],"picked":"SKIP","floor":54}],"player_experience":395552,"relics_obtained":[{"floor":8.0,"key":"Letter Opener"},{"floor":9.0,"key":"Potion Belt"},{"floor":24.0,"key":"Meat on the Bone"},{"floor":26.0,"key":"Dream Catcher"},{"floor":37,"key":"Girya"},{"floor":41,"key":"Prayer Wheel"},{"floor":44,"key":"Orichalcum"},{"floor":46,"key":"Darkstone Periapt"},{"floor":54,"key":"Paper Crane"}],"event_choices":[{"cards_removed":["Strike_G"],"damage_healed":0.0,"max_hp_gain":0.0,"max_hp_loss":0.0,"gold_gain":0.0,"event_name":"Golden Wing","player_choice":"Card Removal","floor":13.0,"gold_loss":0.0,"damage_taken":7.0},{"damage_healed":0.0,"max_hp_gain":0.0,"max_hp_loss":0.0,"gold_gain":0.0,"event_name":"Upgrade Shrine","player_choice":"Upgraded","floor":14.0,"gold_loss":0.0,"damage_taken":0.0,"cards_upgraded":["Cloak And Dagger"]},{"damage_healed":0.0,"max_hp_gain":0.0,"max_hp_loss":0.0,"gold_gain":0.0,"cards_transformed":["Strike_G"],"event_name":"Transmorgrifier","player_choice":"Transformed","floor":20.0,"gold_loss":0.0,"damage_taken":0.0,"cards_obtained":["Backstab"]},{"damage_healed":0.0,"max_hp_gain":0.0,"max_hp_loss":0.0,"gold_gain":0.0,"event_name":"N\u0027loth","player_choice":"Ignored","floor":25.0,"gold_loss":0.0,"damage_taken":0.0},{"damage_healed":0,"gold_gain":0,"player_choice":"Fight","damage_taken":0,"max_hp_gain":0,"max_hp_loss":0,"event_name":"MindBloom","floor":37,"gold_loss":0},{"cards_removed":["Strike_G"],"damage_healed":0,"gold_gain":0,"player_choice":"Purged","damage_taken":0,"max_hp_gain":0,"max_hp_loss":0,"event_name":"Purifier","floor":38,"gold_loss":0},{"damage_healed":0,"gold_gain":0,"player_choice":"Fight","damage_taken":0,"max_hp_gain":0,"max_hp_loss":0,"event_name":"Mysterious Sphere","floor":41,"gold_loss":0},{"damage_healed":0,"gold_gain":0,"player_choice":"Copied","damage_taken":0,"max_hp_gain":0,"max_hp_loss":0,"event_name":"Duplicator","floor":47,"gold_loss":0,"cards_obtained":["After Image"]}],"is_beta":false,"boss_relics":[{"not_picked":["Runic Pyramid","Ectoplasm"],"picked":"Tiny House"},{"not_picked":["HoveringKite","Pandora\u0027s Box"],"picked":"Orrery"}],"items_purged_floors":[22,53],"is_endless":false,"potions_floor_spawned":[1,4,8,11,12,16,18,21,24,28,29,37,39,42,45,46,54],"ascension_level":0}