{"path_per_floor":["M","M","$","M","T","E","R","M","T","E","?","?","R","M","R","B",null,"M","?","$","?","M","E","?","R","T","M","R","E","R","$","R","B",null,"M","?","$","M","$","R","E","?","T","M","?","M","R","M","R","B"],"character_chosen":"IRONCLAD","items_purchased":["Thread and Needle","Kunai","Metallicize","Shovel","Dramatic Entrance","Flex"],"gold_per_floor":[360,372,82,100,123,151,151,171,251,286,461,461,461,476,476,577,577,594,594,245,245,261,290,290,290,290,300,300,333,333,19,19,119,119,138,138,33,52,1,1,26,0,0,20,20,35,35,53,53,53],"floor_reached":51,"campfire_rested":3,"playtime":3071,"current_hp_per_floor":[46,51,51,57,57,50,74,73,73,75,81,87,87,91,91,50,92,82,82,82,82,81,70,61,61,61,46,73,74,74,74,74,22,102,102,102,102,96,96,96,42,42,42,44,44,36,81,80,80,34],"items_purged":["Doubt"],"gold":53,"score":673,"play_id":"0892f76a-10ce-46fe-9b50-d864368b75e4","is_prod":false,"is_daily":false,"is_ascension_mode":true,"campfire_upgraded":2,"path_taken":["M","M","$","M","?","E","R","M","T","E","?","?","R","M","R","BOSS","M","?","$","?","?","E","?","R","T","M","R","E","R","$","R","BOSS","M","?","$","M","?","R","E","?","T","M","?","M","R","M","R","BOSS"],"build_version":"2018-02-22-PROD2","purchased_purges":1,"victory":true,"master_deck":["Strike_R+1","Strike_R+1","Strike_R+1","Strike_R+1","Strike_R+1","Defend_R+1","Defend_R+1","Defend_R+1","Defend_R+1","Bash","Disarm","Shrug It Off","Headbutt+1","Iron Wave","Perfected Strike+1","Clash","Thunderclap","Double Tap","Inflame+1","Metallicize+1","Cleave","Flex","Cleave+1","True Grit","Anger+1","Limit Break","Flex","Dramatic Entrance+1","Heavy Blade+1","Flex","Cleave+1","Second Wind+1","Thunderclap+1","Shrug It Off+1","Limit Break"],"max_hp_per_floor":[80,80,80,80,80,80,80,80,80,80,86,92,92,92,92,92,92,92,92,92,92,92,92,92,92,92,92,92,102,102,102,102,102,102,102,102,102,102,102,102,102,102,102,102,102,102,102,102,102,102],"relics":["Burning Blood","Thread and Needle","Vajra","Self Forming Clay","Darkstone Periapt","Dream Catcher","Frozen Egg 2","Black Star","Girya","Kunai","Mummified Hand","Molten Egg 2","Juzu Bracelet","Pear","Pantograph","Shovel","Runic Pyramid","Orichalcum","Unceasing Top","Bird Faced Urn","Red Mask","Regal Pillow","Bag of Marbles"],"card_choices":[{"not_picked":["Ghostly Armor","Sword Boomerang"],"picked":"Disarm"},{"not_picked":["Body Slam","Shockwave"],"picked":"Shrug It Off"},{"not_picked":["Iron Wave","Bludgeon"],"picked":"Headbutt"},{"not_picked":["Battle Trance","Whirlwind"],"picked":"Iron Wave"},{"not_picked":["Body Slam","True Grit"],"picked":"Perfected Strike"},{"not_picked":["Dark Embrace","Feel No Pain"],"picked":"Clash"},{"not_picked":["Battle Trance","Warcry"],"picked":"Thunderclap"},{"not_picked":["Juggernaut","Immolate"],"picked":"Double Tap"},{"not_picked":["Headbutt","Wild Strike"],"picked":"Inflame"},{"not_picked":["Heavy Blade","Perfected Strike"],"picked":"Cleave"},{"not_picked":["Second Wind","Shrug It Off"],"picked":"Flex"},{"not_picked":["Hemokinesis","Disarm"],"picked":"Cleave"},{"not_picked":["Demon Form","Sword Boomerang"],"picked":"True Grit"},{"not_picked":["Shrug It Off","Sword Boomerang"],"picked":"Anger"},{"not_picked":["Reaper","Brutality"],"picked":"Limit Break"},{"not_picked":["Spot Weakness","Perfected Strike"],"picked":"Flex"},{"not_picked":["Intimidate","Sword Boomerang"],"picked":"Heavy Blade"},{"not_picked":["Combust","Clothesline"],"picked":"Cleave"},{"not_picked":["Twin Strike","Sever Soul"],"picked":"Second Wind"},{"not_picked":["Twin Strike","Perfected Strike"],"picked":"Thunderclap"},{"not_picked":["Body Slam","True Grit"],"picked":"Shrug It Off"},{"not_picked":["Thunderclap","Bloodletting"],"picked":"Limit Break"}],"player_experience":132425,"potions_floor_usage":[10,16,16,18,23,33,33,41,46,50],"damage_taken":[{"damage":0,"enemies":"Cultist","floor":1,"turns":4},{"damage":1,"enemies":"Jaw Worm","floor":2,"turns":6},{"damage":0,"enemies":"2 Louse","floor":4,"turns":3},{"damage":13,"enemies":"3 Sentries","floor":6,"turns":8},{"damage":7,"enemies":"Blue Slaver","floor":8,"turns":3},{"damage":4,"enemies":"Gremlin Nob","floor":10,"turns":4},{"damage":2,"enemies":"Exordium Wildlife","floor":14,"turns":3},{"damage":47,"enemies":"The Guardian","floor":16,"turns":10},{"damage":16,"enemies":"Chosen","floor":18,"turns":6},{"damage":7,"enemies":"2 Thieves","floor":22,"turns":5},{"damage":17,"enemies":"Book of Stabbing","floor":23,"turns":6},{"damage":21,"enemies":"Sentry and Sphere","floor":27,"turns":7},{"damage":15,"enemies":"Slavers","floor":29,"turns":5},{"damage":83,"enemies":"Automaton","floor":33,"turns":12},{"damage":6,"enemies":"Orb Walker","floor":35,"turns":3},{"damage":12,"enemies":"3 Shapes","floor":38,"turns":3},{"damage":60,"enemies":"Giant Head","floor":41,"turns":9},{"damage":6,"enemies":"3 Darklings","floor":44,"turns":4},{"damage":16,"enemies":"Maw","floor":46,"turns":7},{"damage":9,"enemies":"Sphere and 2 Shapes","floor":48,"turns":4},{"damage":76,"enemies":"Time Eater","floor":50,"turns":10}],"event_choices":[{"event_name":"Liars Game","player_choice":"agreed","floor":11,"damage_taken":0},{"event_name":"Big Fish","player_choice":"Box","floor":12,"damage_taken":0},{"event_name":"The Mausoleum","player_choice":"Yes","floor":19,"damage_taken":0},{"event_name":"Back to Basics","player_choice":"Simplicity","floor":21,"damage_taken":0},{"event_name":"Wheel of Change","player_choice":"Damage","floor":24,"damage_taken":0},{"event_name":"Purifier","player_choice":"One Purge","floor":36,"damage_taken":0},{"event_name":"Tomb of Lord Red Mask","player_choice":"Paid","floor":42,"damage_taken":0},{"event_name":"Mysterious Sphere","player_choice":"Ignore","floor":45,"damage_taken":0}],"boss_relics":[{"not_picked":["Orrery","Calling Bell"],"picked":"Black Star"},{"not_picked":["Runic Cube","Runic Dome"],"picked":"Runic Pyramid"}],"potions_floor_spawned":[1,4,14,16,18,22,27,38,44,46],"seed_played":"-1660029165064407129","ascension_level":1,"is_trial":false}