{"gold_per_floor":[19,19,19,19,38,69,81,81,81,138,138,138,165,165,165,263,263,277,293,304,304,333,365,377,377,377,412,429,15,40,40,40,137,137,156,378,378,398,498,498,524,524,547,578,578,578,175,206,206,206],"floor_reached":51,"playtime":3405,"items_purged":["Feel No Pain+1"],"score":975,"play_id":"26829d28-a648-4e05-b0ee-714fdbb104b0","local_time":"20190205022020","is_ascension_mode":true,"campfire_choices":[{"data":"Whirlwind","floor":12,"key":"SMITH"},{"data":"Reckless Charge","floor":15,"key":"SMITH"},{"data":"Demon Form","floor":25,"key":"SMITH"},{"data":"Mayhem","floor":32,"key":"SMITH"},{"data":"Double Tap","floor":40,"key":"SMITH"},{"data":"Transmutation","floor":42,"key":"SMITH"},{"data":"Bandage Up","floor":45,"key":"SMITH"},{"data":"Madness","floor":49,"key":"SMITH"}],"neow_cost":"NO_GOLD","seed_source_timestamp":127230317304141,"circlet_count":0,"master_deck":["Defend_R+1","Bash","Whirlwind+1","Disarm+1","Reckless Charge+1","Rage+1","Wild Strike","Ghostly Armor+1","Anger+1","Demon Form+1","Heavy Blade","Thunderclap+1","Mayhem+1","Battle Trance","Shockwave","Battle Trance","Double Tap+1","Sword Boomerang+1","Carnage+1","Bandage Up+1","Transmutation+1","Swift Strike","Infernal Blade+1","Madness+1","Madness"],"relics":["Burning Blood","Incense Burner","Singing Bowl","Juzu Bracelet","War Paint","Coffee Dripper","Red Mask","Gambling Chip","PreservedInsect","Dodecahedron","Happy Flower","Dream Catcher","Astrolabe","Charon\u0027s Ashes","Regal Pillow","Whetstone","Smiling Mask","Centennial Puzzle","Sling","Bottled Flame"],"potions_floor_usage":[10,27,28,33,33,39,50,50,50],"damage_taken":[{"damage":1,"enemies":"Cultist","floor":1,"turns":3},{"damage":5,"enemies":"Small Slimes","floor":5,"turns":3},{"damage":34,"enemies":"3 Sentries","floor":6,"turns":8},{"damage":5,"enemies":"Jaw Worm","floor":7,"turns":4},{"damage":15,"enemies":"3 Sentries","floor":10,"turns":5},{"damage":19,"enemies":"Gremlin Nob","floor":13,"turns":5},{"damage":9,"enemies":"The Guardian","floor":16,"turns":12},{"damage":1,"enemies":"Shell Parasite","floor":18,"turns":8},{"damage":10,"enemies":"Chosen","floor":19,"turns":6},{"damage":4,"enemies":"Snake Plant","floor":20,"turns":3},{"damage":0,"enemies":"Masked Bandits","floor":22,"turns":2},{"damage":5,"enemies":"Gremlin Leader","floor":23,"turns":6},{"damage":0,"enemies":"Centurion and Healer","floor":24,"turns":4},{"damage":17,"enemies":"Book of Stabbing","floor":27,"turns":4},{"damage":6,"enemies":"Snecko","floor":28,"turns":5},{"damage":7,"enemies":"Gremlin Leader","floor":30,"turns":4},{"damage":21,"enemies":"Collector","floor":33,"turns":7},{"damage":16,"enemies":"3 Shapes","floor":35,"turns":2},{"damage":10,"enemies":"Orb Walker","floor":38,"turns":3},{"damage":1,"enemies":"Mind Bloom Boss Battle","floor":39,"turns":4},{"damage":0,"enemies":"Giant Head","floor":41,"turns":4},{"damage":23,"enemies":"Nemesis","floor":44,"turns":5},{"damage":0,"enemies":"Reptomancer","floor":48,"turns":4},{"damage":27,"enemies":"Time Eater","floor":50,"turns":9}],"seed_played":"-9163513556617593827","potions_obtained":[{"floor":1,"key":"Swift Potion"},{"floor":16,"key":"Dexterity Potion"},{"floor":19,"key":"SkillPotion"},{"floor":24,"key":"FearPotion"},{"floor":28,"key":"Strength Potion"},{"floor":30,"key":"SkillPotion"},{"floor":33,"key":"SpeedPotion"},{"floor":41,"key":"Swift Potion"},{"floor":44,"key":"Strength Potion"},{"floor":48,"key":"Swift Potion"}],"is_trial":false,"path_per_floor":["M","$","?","?","M","E","M","?","T","?","?","R","E","?","R","B",null,"M","M","M","?","?","E","M","R","T","E","M","$","E","?","R","B",null,"M","?","?","M","?","R","E","R","T","E","R","?","$","E","R","B",null],"character_chosen":"IRONCLAD","items_purchased":["Happy Flower","Mayhem","Battle Trance","Centennial Puzzle","Sling"],"campfire_rested":0,"item_purchase_floors":[29,29,29,47,47],"current_hp_per_floor":[80,80,80,80,80,52,53,37,37,28,28,28,15,90,90,89,92,94,90,94,94,98,98,98,98,98,87,89,89,88,88,88,73,100,92,92,82,84,93,93,105,105,105,91,91,77,77,91,91,76],"gold":206,"neow_bonus":"REMOVE_TWO","is_prod":false,"is_daily":false,"chose_seed":false,"campfire_upgraded":8,"win_rate":0,"timestamp":1549329620,"path_taken":["M","$","?","?","M","E","?","?","T","?","?","R","E","?","R","BOSS","M","M","M","?","?","E","M","R","T","E","M","$","E","?","R","BOSS","M","?","?","M","?","R","E","R","T","E","R","?","$","E","R","BOSS"],"build_version":"2019-01-23","purchased_purges":1,"victory":true,"max_hp_per_floor":[80,80,80,80,80,80,80,80,80,80,80,80,80,90,90,92,92,94,94,96,96,98,98,98,98,98,98,100,100,100,100,100,100,100,102,102,102,104,104,104,106,106,106,108,108,108,108,110,110,110],"card_choices":[{"not_picked":["Seeing Red","Sword Boomerang"],"picked":"Whirlwind","floor":1},{"not_picked":["Rupture","Havoc"],"picked":"Reckless Charge","floor":5},{"not_picked":["Thunderclap","Entrench"],"picked":"Rage","floor":6},{"not_picked":["Ghostly Armor","Headbutt"],"picked":"Wild Strike","floor":7},{"not_picked":["Second Wind","Sword Boomerang"],"picked":"Ghostly Armor","floor":10},{"not_picked":["Blood for Blood","Clothesline"],"picked":"Immolate","floor":13},{"not_picked":["Immolate","Dark Embrace","Feed"],"picked":"Singing Bowl","floor":16},{"not_picked":["Twin Strike+1","True Grit","Flex"],"picked":"Singing Bowl","floor":18},{"not_picked":["Shrug It Off","Dropkick"],"picked":"Anger","floor":19},{"not_picked":["True Grit","Thunderclap","Body Slam"],"picked":"Singing Bowl","floor":20},{"not_picked":["Flex","Body Slam","Sever Soul+1"],"picked":"Singing Bowl","floor":22},{"not_picked":["Heavy Blade+1","Twin Strike"],"picked":"Demon Form","floor":23},{"not_picked":["Havoc+1","Cleave"],"picked":"Heavy Blade","floor":24},{"not_picked":["Pommel Strike","Searing Blow"],"picked":"Thunderclap","floor":27},{"not_picked":["Cleave","Perfected Strike","Sword Boomerang+1"],"picked":"Singing Bowl","floor":28},{"not_picked":["Clash","Perfected Strike"],"picked":"Shockwave","floor":30},{"not_picked":["Feed","Impervious"],"picked":"Double Tap","floor":33},{"not_picked":["Reckless Charge+1","True Grit","Iron Wave"],"picked":"Singing Bowl","floor":35},{"not_picked":["Trip","HandOfGreed"],"picked":"Bandage Up","floor":37},{"not_picked":["Finesse","Deep Breath"],"picked":"Transmutation","floor":37},{"not_picked":["Deep Breath","PanicButton"],"picked":"Swift Strike","floor":37},{"not_picked":["Carnage","Clash","Havoc+1"],"picked":"Singing Bowl","floor":38},{"not_picked":["Headbutt","Anger"],"picked":"Infernal Blade+1","floor":39},{"not_picked":["Iron Wave","Perfected Strike+1","Thunderclap+1"],"picked":"Singing Bowl","floor":41},{"not_picked":["Pommel Strike","Sword Boomerang+1","Bludgeon"],"picked":"Singing Bowl","floor":44},{"not_picked":["Burning Pact","Anger+1","Warcry+1"],"picked":"Singing Bowl","floor":48}],"player_experience":69914,"relics_obtained":[{"floor":6,"key":"Incense Burner"},{"floor":9,"key":"Singing Bowl"},{"floor":13,"key":"War Paint"},{"floor":22,"key":"Red Mask"},{"floor":23,"key":"Gambling Chip"},{"floor":26,"key":"PreservedInsect"},{"floor":27,"key":"Dodecahedron"},{"floor":30,"key":"Dream Catcher"},{"floor":39,"key":"Charon\u0027s Ashes"},{"floor":41,"key":"Regal Pillow"},{"floor":43,"key":"Whetstone"},{"floor":44,"key":"Smiling Mask"},{"floor":48,"key":"Bottled Flame"}],"event_choices":[{"damage_healed":0,"gold_gain":0,"player_choice":"Leave","damage_taken":0,"max_hp_gain":0,"max_hp_loss":0,"event_name":"The Cleric","floor":3,"gold_loss":0},{"damage_healed":0,"gold_gain":0,"cards_transformed":["Strike_R"],"player_choice":"Transformed","damage_taken":0,"max_hp_gain":0,"max_hp_loss":0,"event_name":"Transmorgrifier","floor":4,"gold_loss":0,"cards_obtained":["Disarm"]},{"damage_healed":0,"gold_gain":0,"player_choice":"Entered Light","damage_taken":16,"max_hp_gain":0,"max_hp_loss":0,"event_name":"Shining Light","floor":8,"gold_loss":0,"cards_upgraded":["Disarm","Rage"]},{"damage_healed":0,"gold_gain":0,"player_choice":"Searched \u00273\u0027 times","damage_taken":0,"relics_obtained":["Juzu Bracelet"],"max_hp_gain":0,"max_hp_loss":0,"event_name":"Dead Adventurer","floor":10,"gold_loss":0},{"cards_removed":["Strike_R"],"damage_healed":0,"gold_gain":0,"player_choice":"Forget","damage_taken":0,"max_hp_gain":0,"max_hp_loss":0,"event_name":"Living Wall","floor":11,"gold_loss":0},{"cards_removed":["Immolate"],"damage_healed":65,"gold_gain":0,"player_choice":"Offered Rare","damage_taken":0,"max_hp_gain":10,"max_hp_loss":0,"event_name":"Bonfire Elementals","floor":14,"gold_loss":0},{"cards_removed":["Strike_R"],"damage_healed":0,"gold_gain":0,"player_choice":"Elegance","damage_taken":0,"max_hp_gain":0,"max_hp_loss":0,"event_name":"Back to Basics","floor":21,"gold_loss":0},{"damage_healed":0,"gold_gain":0,"player_choice":"Fought Bandits","damage_taken":0,"max_hp_gain":0,"max_hp_loss":0,"event_name":"Masked Bandits","floor":22,"gold_loss":0},{"damage_healed":0,"gold_gain":0,"player_choice":"Copied","damage_taken":0,"max_hp_gain":0,"max_hp_loss":0,"event_name":"Duplicator","floor":31,"gold_loss":0,"cards_obtained":["Battle Trance"]},{"damage_healed":0,"gold_gain":222,"player_choice":"Wore Mask","damage_taken":0,"max_hp_gain":0,"max_hp_loss":0,"event_name":"Tomb of Lord Red Mask","floor":36,"gold_loss":0},{"damage_healed":0,"gold_gain":0,"player_choice":"Memory 3","damage_taken":10,"max_hp_gain":0,"max_hp_loss":0,"event_name":"SensoryStone","floor":37,"gold_loss":0},{"damage_healed":0,"gold_gain":0,"player_choice":"Fight","damage_taken":0,"max_hp_gain":0,"max_hp_loss":0,"event_name":"MindBloom","floor":39,"gold_loss":0},{"damage_healed":0,"gold_gain":0,"player_choice":"Embrace Madness","damage_taken":14,"max_hp_gain":0,"max_hp_loss":0,"event_name":"Winding Halls","floor":46,"gold_loss":0,"cards_obtained":["Madness","Madness"]}],"is_beta":false,"boss_relics":[{"not_picked":["Runic Dome","Busted Crown"],"picked":"Coffee Dripper"},{"not_picked":["Snecko Eye","Fusion Hammer"],"picked":"Astrolabe"}],"items_purged_floors":[47],"is_endless":false,"potions_floor_spawned":[1,16,19,24,28,30,33,41,44,48],"ascension_level":2}