{"gold_per_floor":[117,88,88,105,68,401,418,418,418,436,453,482,493,508,508,579,629,640,658,330,346,363,363,363],"floor_reached":24,"playtime":1341,"items_purged":["Strike_G"],"score":462,"play_id":"b0b306ee-1543-42bf-acfb-c58e1c9d84ed","local_time":"20190213021059","is_ascension_mode":true,"campfire_choices":[{"data":"Noxious Fumes","floor":8,"key":"SMITH"},{"data":"Deadly Poison","floor":15,"key":"SMITH"},{"floor":23,"key":"REST"}],"neow_cost":"NONE","seed_source_timestamp":18952842011700,"circlet_count":0,"master_deck":["AscendersBane","Defend_G","Defend_G","Defend_G","Defend_G","Defend_G","Strike_G","Strike_G","Strike_G+1","Strike_G","Survivor","Neutralize","Noxious Fumes+1","Poisoned Stab+1","Deflect","Backstab","Leg Sweep","Die Die Die","Deadly Poison+1","Blade Dance","Endless Agony","Corpse Explosion","Backflip","Blade Dance","Blur","Noxious Fumes+1"],"relics":["Ring of the Snake","NeowsBlessing","Old Coin","Question Card","Kunai","Tiny House","Snake Skull"],"potions_floor_usage":[12,12,19,24,24],"damage_taken":[{"damage":0,"enemies":"Small Slimes","floor":1,"turns":1},{"damage":0,"enemies":"Cultist","floor":4,"turns":1},{"damage":0,"enemies":"Lagavulin","floor":6,"turns":1},{"damage":0,"enemies":"Jaw Worm","floor":7,"turns":3},{"damage":0,"enemies":"Looter","floor":10,"turns":3},{"damage":0,"enemies":"3 Louse","floor":11,"turns":1},{"damage":1,"enemies":"Gremlin Nob","floor":12,"turns":3},{"damage":0,"enemies":"Red Slaver","floor":13,"turns":3},{"damage":0,"enemies":"2 Fungi Beasts","floor":14,"turns":2},{"damage":10,"enemies":"Hexaghost","floor":16,"turns":9},{"damage":18,"enemies":"Chosen","floor":18,"turns":4},{"damage":6,"enemies":"3 Byrds","floor":19,"turns":4},{"damage":37,"enemies":"Snake Plant","floor":21,"turns":6},{"damage":10,"enemies":"Snecko","floor":22,"turns":7},{"damage":26,"enemies":"Gremlin Leader","floor":24,"turns":5}],"seed_played":"-6336058619928812534","potions_obtained":[{"floor":1,"key":"Swift Potion"},{"floor":6,"key":"Strength Potion"},{"floor":11,"key":"Block Potion"},{"floor":13,"key":"Energy Potion"},{"floor":17,"key":"FairyPotion"},{"floor":18,"key":"Regen Potion"},{"floor":22,"key":"Explosive Potion"}],"is_trial":false,"path_per_floor":["?","M"],"character_chosen":"THE_SILENT","items_purchased":["Poisoned Stab","Backstab","Snake Skull","Blur"],"campfire_rested":1,"item_purchase_floors":[2,5,20,20],"current_hp_per_floor":[59,59,59,59,59,59,59,59,59,59,59,58,58,58,58,48,67,49,57,57,20,10,31,5],"gold":363,"neow_bonus":"THREE_ENEMY_KILL","is_prod":false,"is_daily":false,"chose_seed":false,"campfire_upgraded":2,"win_rate":0,"timestamp":1549991459,"path_taken":["M","$","?","M","$","E","M","R","T","M","M","E","M","M","R","BOSS","M","M","$","M","?","R","E"],"build_version":"2019-01-23","purchased_purges":1,"victory":false,"max_hp_per_floor":[66,66,66,66,66,66,66,66,66,66,66,66,66,66,66,66,71,71,71,71,71,71,71,71],"card_choices":[{"not_picked":["Deadly Poison","Prepared"],"picked":"Noxious Fumes","floor":1},{"not_picked":["Cloak And Dagger","Masterful Stab"],"picked":"Deflect","floor":4},{"not_picked":["Sucker Punch","Cloak And Dagger"],"picked":"Leg Sweep","floor":6},{"not_picked":["Underhanded Strike","Distraction","Quick Slash"],"picked":"SKIP","floor":7},{"not_picked":["Predator","Dagger Throw","Poisoned Stab"],"picked":"Die Die Die","floor":10},{"not_picked":["Deflect","Underhanded Strike","Cloak And Dagger"],"picked":"Deadly Poison","floor":11},{"not_picked":["Envenom","Dagger Spray","Poisoned Stab"],"picked":"Blade Dance","floor":12},{"not_picked":["Sucker Punch","Poisoned Stab","Deflect"],"picked":"Endless Agony","floor":13},{"not_picked":["Accuracy","Flying Knee","Deflect","Skewer"],"picked":"SKIP","floor":14},{"not_picked":["Storm of Steel","Doppelganger","Die Die Die"],"picked":"Corpse Explosion","floor":16},{"not_picked":["Slice","Accuracy","Acrobatics"],"picked":"Backflip","floor":17},{"not_picked":["Cloak And Dagger","Backflip","Flying Knee"],"picked":"Blade Dance","floor":18},{"not_picked":["Skewer+1","Dagger Throw","Heel Hook","Dagger Spray"],"picked":"SKIP","floor":19},{"not_picked":["Choke","Underhanded Strike","Tactician","Prepared"],"picked":"SKIP","floor":21},{"not_picked":["Skewer","PiercingWail+1","Escape Plan"],"picked":"Noxious Fumes+1","floor":22}],"player_experience":374886,"relics_obtained":[{"floor":6,"key":"Old Coin"},{"floor":9,"key":"Question Card"},{"floor":12,"key":"Kunai"}],"event_choices":[{"damage_healed":0,"gold_gain":0,"player_choice":"Forge","damage_taken":0,"max_hp_gain":0,"max_hp_loss":0,"event_name":"Accursed Blacksmith","floor":3,"gold_loss":0,"cards_upgraded":["Poisoned Stab"]}],"is_beta":false,"boss_relics":[{"not_picked":["Busted Crown","Ectoplasm"],"picked":"Tiny House"}],"items_purged_floors":[20],"is_endless":false,"potions_floor_spawned":[1,6,11,13,18,22],"killed_by":"Gremlin Leader","ascension_level":19}