{"gold_per_floor":[361,379,393,295,309,309,344,395,395,263,263,263,279,279,279,381,381,363,263,275,294,195,195,221,221,221,221,221,221,235,235,235,336,336,347,365,365,375,187,218,218,233,290,290,300,73,73,90,90,90],"floor_reached":51,"playtime":3394,"items_purged":["Strike_R","Injury","Strike_R"],"score":720,"play_id":"52bf39f6-e231-40be-94a6-25d5d0048e1b","local_time":"20180809140851","is_ascension_mode":false,"campfire_choices":[{"data":"Uppercut","floor":6.0,"key":"SMITH"},{"data":"Disarm","floor":11.0,"key":"SMITH"},{"data":"Spot Weakness","floor":15.0,"key":"SMITH"},{"data":"Armaments","floor":23.0,"key":"SMITH"},{"data":"Body Slam","floor":25.0,"key":"SMITH"},{"data":"Limit Break","floor":27.0,"key":"SMITH"},{"floor":32,"key":"REST"},{"data":"Bash","floor":41,"key":"SMITH"},{"data":"Shrug It Off","floor":44,"key":"SMITH"},{"data":"Heavy Blade","floor":47,"key":"SMITH"},{"data":"Heavy Blade","floor":49,"key":"SMITH"}],"neow_cost":"CURSE","seed_source_timestamp":0,"circlet_count":0,"master_deck":["Strike_R","Strike_R","Strike_R","Defend_R","Defend_R","Defend_R","Defend_R","Bash+1","Uppercut+1","Spot Weakness+1","Shrug It Off+1","Shrug It Off","Disarm+1","True Grit+1","Corruption+1","Limit Break+1","Shrug It Off","Body Slam+1","Armaments+1","Demon Form+1","Shrug It Off+1","Heavy Blade+1","Clothesline+1","Headbutt","Heavy Blade+1","Whirlwind+1","Seeing Red+1"],"special_seed":0,"relics":["Burning Blood","Frozen Egg 2","Matryoshka","Bag of Preparation","Strawberry","Busted Crown","Dodecahedron","Anchor","Prayer Wheel","Mercury Hourglass","Enchiridion","Eternal Feather","Toxic Egg 2","Ancient Tea Set","Tiny Chest"],"potions_floor_usage":[33,33,33,45,50],"damage_taken":[{"damage":8.0,"enemies":"Small Slimes","floor":1.0,"turns":3.0},{"damage":6.0,"enemies":"Cultist","floor":2.0,"turns":3.0},{"damage":1.0,"enemies":"Jaw Worm","floor":3.0,"turns":3.0},{"damage":28.0,"enemies":"Lots of Slimes","floor":5.0,"turns":6.0},{"damage":32.0,"enemies":"Lagavulin","floor":7.0,"turns":12.0},{"damage":0.0,"enemies":"Looter","floor":13.0,"turns":4.0},{"damage":33.0,"enemies":"Hexaghost","floor":16.0,"turns":15.0},{"damage":19.0,"enemies":"2 Thieves","floor":18.0,"turns":4.0},{"damage":14.0,"enemies":"Spheric Guardian","floor":20.0,"turns":4.0},{"damage":3.0,"enemies":"Snake Plant","floor":21.0,"turns":6.0},{"damage":24.0,"enemies":"Slavers","floor":24.0,"turns":7.0},{"damage":7,"enemies":"3 Cultists","floor":30,"turns":4},{"damage":41,"enemies":"Automaton","floor":33,"turns":8},{"damage":0,"enemies":"Orb Walker","floor":35,"turns":2},{"damage":6,"enemies":"Flame Bruiser 1 Orb","floor":36,"turns":6},{"damage":7,"enemies":"3 Darklings","floor":38,"turns":7},{"damage":47,"enemies":"2 Orb Walkers","floor":40,"turns":5},{"damage":14,"enemies":"Maw","floor":42,"turns":6},{"damage":0,"enemies":"Sphere and 2 Shapes","floor":45,"turns":3},{"damage":5,"enemies":"Transient","floor":48,"turns":5},{"damage":46,"enemies":"Awakened One","floor":50,"turns":7}],"seed_played":"-161488661385981561","potions_obtained":[{"floor":3.0,"key":"Strength Potion"},{"floor":7.0,"key":"Fruit Juice"},{"floor":13.0,"key":"SpeedPotion"},{"floor":16.0,"key":"SkillPotion"},{"floor":36,"key":"Swift Potion"},{"floor":40,"key":"Fire Potion"},{"floor":45,"key":"Strength Potion"}],"is_trial":false,"path_per_floor":["M","M","M","$","M","R","E","?","T","$","R","?","M","T","R","B",null,"M","$","M","M","$","R","E","R","T","R","?","?","M","?","R","B",null,"M","M","?","M","$","E","R","M","T","R","M","$","R","M","R","B"],"character_chosen":"IRONCLAD","items_purchased":["Shrug It Off","True Grit","Corruption+1","Body Slam","Armaments","Demon Form+1","Shrug It Off+1","Headbutt","Heavy Blade"],"campfire_rested":1,"item_purchase_floors":[4,10,10,22,22,39,39,46,46],"current_hp_per_floor":[78,78,80,80,58,58,32,32,32,32,32,32,43,50,50,23,92,79,79,71,74,74,74,56,56,56,56,56,56,55,39,66,31,92,92,92,92,91,91,50,62,54,54,66,72,72,87,88,92,52],"gold":90,"neow_bonus":"TWO_FIFTY_GOLD","is_prod":false,"is_daily":false,"chose_seed":false,"campfire_upgraded":10,"win_rate":0,"timestamp":1533816531,"path_taken":["M","M","M","$","M","R","E","?","T","$","R","?","M","?","R","BOSS","M","$","M","M","$","R","E","R","T","R","?","?","M","?","R","BOSS","M","M","?","M","$","E","R","M","T","R","M","$","R","M","R","BOSS"],"build_version":"2018-08-02","purchased_purges":3,"victory":true,"max_hp_per_floor":[80,80,80,80,80,80,80,80,80,80,80,80,85,92,92,92,92,92,92,92,92,92,92,92,92,92,92,92,92,92,92,92,92,92,92,92,92,92,92,92,92,92,92,92,92,92,92,92,92,92],"card_choices":[{"not_picked":["Flame Barrier","Shrug It Off"],"picked":"Uppercut","floor":1.0},{"not_picked":["Wild Strike","Perfected Strike"],"picked":"Spot Weakness","floor":2.0},{"not_picked":["Impervious","Heavy Blade"],"picked":"Shrug It Off","floor":3.0},{"not_picked":["Evolve","Headbutt"],"picked":"Disarm","floor":5.0},{"not_picked":["Uppercut","Havoc","Pommel Strike"],"picked":"SKIP","floor":7.0},{"not_picked":["Clash","Clothesline","Seeing Red"],"picked":"SKIP","floor":13.0},{"not_picked":["Offering","Impervious"],"picked":"Limit Break","floor":16.0},{"not_picked":["Bloodletting"],"picked":"SKIP","floor":18.0},{"not_picked":["Corruption+1"],"picked":"SKIP","floor":20.0},{"not_picked":[],"picked":"Shrug It Off","floor":21.0},{"not_picked":["Flex"],"picked":"SKIP","floor":24.0},{"not_picked":["Power Through+1"],"picked":"SKIP","floor":30},{"not_picked":["Anger"],"picked":"SKIP","floor":30},{"not_picked":["Warcry+1"],"picked":"SKIP","floor":35},{"not_picked":["Carnage"],"picked":"SKIP","floor":35},{"not_picked":["Flex"],"picked":"SKIP","floor":36},{"not_picked":["Rampage"],"picked":"SKIP","floor":36},{"not_picked":["Bloodletting+1"],"picked":"SKIP","floor":38},{"not_picked":["Wild Strike+1"],"picked":"SKIP","floor":38},{"not_picked":["Bludgeon"],"picked":"SKIP","floor":40},{"not_picked":["Rampage+1"],"picked":"SKIP","floor":42},{"not_picked":["Warcry+1"],"picked":"SKIP","floor":42},{"not_picked":[],"picked":"Heavy Blade","floor":45},{"not_picked":[],"picked":"Clothesline+1","floor":45},{"not_picked":[],"picked":"Whirlwind+1","floor":48},{"not_picked":[],"picked":"Seeing Red+1","floor":48}],"player_experience":1291694,"relics_obtained":[{"floor":7.0,"key":"Frozen Egg 2"},{"floor":9.0,"key":"Matryoshka"},{"floor":14.0,"key":"Bag of Preparation"},{"floor":14.0,"key":"Strawberry"},{"floor":24.0,"key":"Dodecahedron"},{"floor":26.0,"key":"Anchor"},{"floor":26.0,"key":"Prayer Wheel"},{"floor":31,"key":"Enchiridion"},{"floor":40,"key":"Ancient Tea Set"},{"floor":43,"key":"Tiny Chest"}],"event_choices":[{"event_name":"Golden Wing","player_choice":"Gained Gold","floor":8.0,"damage_taken":0.0},{"event_name":"Accursed Blacksmith","player_choice":"Forge","floor":12.0,"damage_taken":0.0},{"event_name":"The Mausoleum","player_choice":"Yes","floor":28.0,"damage_taken":0.0},{"event_name":"Beggar","player_choice":"Ignored","floor":29.0,"damage_taken":0.0},{"event_name":"Cursed Tome","player_choice":"Obtained Book","floor":31,"damage_taken":0},{"event_name":"WeMeetAgain","player_choice":"Potion","floor":37,"damage_taken":0}],"is_beta":false,"boss_relics":[{"not_picked":["Runic Pyramid","Astrolabe"],"picked":"Busted Crown"},{"not_picked":["Tiny House","Velvet Choker"],"picked":"Eternal Feather"}],"items_purged_floors":[4,19,46],"is_endless":false,"potions_floor_spawned":[3,7,13,16,18,24,36,40,45],"ascension_level":0}