{"path_per_floor":["M","M","$","M","$","R","M","R","T","E","?","M","?","$","R","B",null,"M","M","?","$","M","R","M","R","T","R","M","R","?","M","R","B",null,"M","?","M","?","M","R","M","R","T","M","R","M","$","M","R","B"],"character_chosen":"IRONCLAD","items_purchased":["Inflame","Flex","Offering","Whirlwind","Orichalcum","Regen Potion"],"gold_per_floor":[113,133,62,78,54,54,70,70,70,98,98,116,191,33,33,128,128,141,161,161,91,107,107,126,126,126,126,141,141,141,160,160,260,260,270,320,339,339,353,353,367,367,394,409,409,426,151,164,164,164],"floor_reached":51,"campfire_rested":4,"playtime":1618,"current_hp_per_floor":[80,75,75,80,80,80,76,76,76,46,46,40,29,29,53,29,80,67,56,56,56,56,56,49,49,49,49,47,47,31,43,67,18,80,72,60,66,80,39,63,40,40,40,36,36,30,30,47,80,29],"items_purged":["Searing Blow"],"gold":164,"score":527,"play_id":"9c8249a4-4cf7-4453-890a-849f2ebe1990","local_time":"20180303160001","is_prod":false,"is_daily":false,"is_ascension_mode":false,"campfire_upgraded":6,"timestamp":1520089201,"path_taken":["M","M","$","M","$","R","M","R","T","E","?","M","?","$","R","BOSS","M","?","?","$","M","R","M","R","T","R","?","R","?","M","R","BOSS","M","?","M","?","M","R","M","R","T","M","R","M","$","M","R","BOSS"],"build_version":"2018-03-01-PROD1","purchased_purges":1,"victory":true,"master_deck":["Strike_R","Strike_R","Strike_R","Strike_R","Strike_R","Defend_R","Defend_R","Defend_R","Defend_R","Bash","Bludgeon+1","Clash","Inflame","Shockwave","Flex+1","Headbutt+1","Cleave","Offering+1","Clash","Searing Blow+1","Whirlwind+1","Whirlwind+1","Flex+1","Necronomicurse","Double Tap","Whirlwind+1","Whirlwind+1"],"max_hp_per_floor":[80,80,80,80,80,80,80,80,80,80,80,80,80,80,80,80,80,80,80,80,80,80,80,80,80,80,80,80,80,80,80,80,80,80,80,80,80,80,80,80,80,80,80,80,80,80,80,80,80,80],"relics":["Black Blood","Torii","Blood Vial","Shuriken","Ginger","Necronomicon","Lizard Tail","Peace Pipe","Regal Pillow","Orichalcum"],"card_choices":[{"not_picked":["Metallicize","Inflame"],"picked":"Clash"},{"not_picked":["Warcry","Pummel"],"picked":"Shockwave"},{"not_picked":["Rampage","Havoc"],"picked":"Headbutt"},{"not_picked":["Armaments","Rupture"],"picked":"Searing Blow"},{"not_picked":["Intimidate","Carnage"],"picked":"Cleave"},{"not_picked":["Thunderclap","True Grit"],"picked":"Clash"},{"not_picked":["Headbutt","Iron Wave"],"picked":"Searing Blow"},{"not_picked":["Pummel","Entrench"],"picked":"Whirlwind"},{"not_picked":["True Grit","Feed"],"picked":"Flex"},{"not_picked":["Demon Form","Fiend Fire"],"picked":"Double Tap"},{"not_picked":["Searing Blow","Dual Wield"],"picked":"Whirlwind"},{"not_picked":["Warcry","Pommel Strike"],"picked":"Whirlwind"}],"player_experience":182552,"potions_floor_usage":[22,28,33,36,48],"damage_taken":[{"damage":6,"enemies":"2 Louse","floor":1,"turns":3},{"damage":11,"enemies":"Jaw Worm","floor":2,"turns":2},{"damage":0,"enemies":"Cultist","floor":4,"turns":3},{"damage":10,"enemies":"Looter","floor":7,"turns":3},{"damage":36,"enemies":"Lagavulin","floor":10,"turns":5},{"damage":14,"enemies":"Exordium Thugs","floor":12,"turns":3},{"damage":32,"enemies":"Slime Boss","floor":16,"turns":7},{"damage":23,"enemies":"3 Byrds","floor":18,"turns":6},{"damage":23,"enemies":"2 Thieves","floor":19,"turns":3},{"damage":12,"enemies":"3 Cultists","floor":22,"turns":4},{"damage":19,"enemies":"Centurion and Healer","floor":24,"turns":5},{"damage":14,"enemies":"Snecko","floor":28,"turns":4},{"damage":0,"enemies":"Snake Plant","floor":31,"turns":2},{"damage":61,"enemies":"Collector","floor":33,"turns":5},{"damage":18,"enemies":"Orb Walker","floor":35,"turns":3},{"damage":24,"enemies":"Mysterious Sphere","floor":36,"turns":3},{"damage":6,"enemies":"3 Shapes","floor":37,"turns":2},{"damage":51,"enemies":"Maw","floor":39,"turns":5},{"damage":35,"enemies":"3 Darklings","floor":41,"turns":4},{"damage":16,"enemies":"Sphere and 2 Shapes","floor":44,"turns":1},{"damage":58,"enemies":"4 Shapes","floor":46,"turns":2},{"damage":1,"enemies":"3 Darklings","floor":48,"turns":3},{"damage":61,"enemies":"Donu and Deca","floor":50,"turns":4}],"event_choices":[{"event_name":"Big Fish","player_choice":"Box","floor":11,"damage_taken":0},{"event_name":"World of Goop","player_choice":"Gather Gold","floor":13,"damage_taken":0},{"event_name":"Beggar","player_choice":"Ignored","floor":20,"damage_taken":0},{"event_name":"Cursed Tome","player_choice":"Obtained Book","floor":30,"damage_taken":0},{"event_name":"Mysterious Sphere","player_choice":"Fight","floor":36,"damage_taken":0},{"event_name":"Winding Halls","player_choice":"Writhe","floor":38,"damage_taken":0}],"boss_relics":[{"not_picked":["Orrery","Mark of Pain"],"picked":"Black Blood"},{"not_picked":["Runic Cube","Pandora\u0027s Box"],"picked":"Lizard Tail"}],"potions_floor_spawned":[4,7,16,18,24,28,31,35,37,39,46],"seed_played":"-5723034346298105471","ascension_level":0,"is_trial":false}