{"gold_per_floor":[113,113,113,132,146,174,174,184,264,22,97,125,135,156,156,252,252,270,270,282,282,297,297,358,358,358,393,393,45,45,62,62,62],"floor_reached":33,"playtime":2889,"items_purged":[],"score":318,"play_id":"01cfd179-1d1f-4d6d-a77e-00ab36c9c5b8","local_time":"20190207235818","is_ascension_mode":false,"campfire_choices":[{"data":"Corpse Explosion","floor":7,"key":"SMITH"},{"floor":15,"key":"REST"},{"data":"Bandage Up","floor":23,"key":"SMITH"},{"floor":25,"key":"REST"},{"data":"Terror","floor":32,"key":"SMITH"}],"neow_cost":"NONE","seed_source_timestamp":1484087244151,"circlet_count":0,"master_deck":["Defend_G","Defend_G","Defend_G","Defend_G","Defend_G","Strike_G","Strike_G","Strike_G","Strike_G+1","Strike_G+1","Survivor","Neutralize","Predator","Terror+1","Crippling Poison","Corpse Explosion+1","Distraction","Bandage Up+1","Adrenaline","Dash","PiercingWail","Bullet Time","Poisoned Stab+1","Leg Sweep","After Image","Prepared+1"],"relics":["Ring of the Snake","Ancient Tea Set","Peace Pipe","Ninja Scroll","Lantern","Juzu Bracelet","Odd Mushroom","Black Star","Bag of Preparation","Nilry\u0027s Codex","Tiny Chest","Bag of Marbles","Toxic Egg 2","Blue Candle","Strawberry","Pen Nib","Whetstone"],"potions_floor_usage":[6,12,16,18,31],"damage_taken":[{"damage":0,"enemies":"Jaw Worm","floor":1,"turns":4},{"damage":0,"enemies":"2 Louse","floor":4,"turns":2},{"damage":0,"enemies":"Cultist","floor":5,"turns":3},{"damage":22,"enemies":"3 Sentries","floor":6,"turns":9},{"damage":3,"enemies":"Exordium Thugs","floor":8,"turns":5},{"damage":32,"enemies":"Gremlin Nob","floor":12,"turns":5},{"damage":0,"enemies":"3 Louse","floor":13,"turns":2},{"damage":9,"enemies":"The Mushroom Lair","floor":14,"turns":4},{"damage":31,"enemies":"The Guardian","floor":16,"turns":9},{"damage":0,"enemies":"Chosen","floor":18,"turns":5},{"damage":3,"enemies":"Shell Parasite","floor":20,"turns":3},{"damage":0,"enemies":"Cultist and Chosen","floor":22,"turns":4},{"damage":15,"enemies":"Slavers","floor":24,"turns":6},{"damage":45,"enemies":"Gremlin Leader","floor":27,"turns":8},{"damage":0,"enemies":"3 Cultists","floor":31,"turns":2},{"damage":56,"enemies":"Automaton","floor":33,"turns":8}],"seed_played":"-7747047998921673324","potions_obtained":[{"floor":4,"key":"Fire Potion"},{"floor":6,"key":"Dexterity Potion"},{"floor":13,"key":"SpeedPotion"},{"floor":16,"key":"AttackPotion"},{"floor":18,"key":"Regen Potion"},{"floor":27,"key":"AttackPotion"}],"is_trial":false,"path_per_floor":["M","?","?","M","M","E","R","M","T","$","?","E","M","?","R","B",null,"M","?","M","?","M","R","E","R","T","E","?","$","?","M","R","B"],"character_chosen":"THE_SILENT","items_purchased":["Bandage Up","Lantern","Prepared+1","Pen Nib","Whetstone"],"campfire_rested":2,"item_purchase_floors":[10,10,29,29,29],"current_hp_per_floor":[70,75,75,75,75,53,53,50,50,50,39,11,15,10,32,5,75,75,75,72,56,56,56,47,69,69,37,42,42,42,48,48,0],"gold":62,"neow_bonus":"RANDOM_COMMON_RELIC","is_prod":false,"is_daily":false,"chose_seed":false,"campfire_upgraded":3,"win_rate":0.0,"timestamp":1549580298,"path_taken":["M","?","?","?","M","E","R","M","T","$","?","E","M","?","R","BOSS","M","?","M","?","M","R","E","R","T","E","?","$","?","M","R","BOSS"],"build_version":"2019-01-23","purchased_purges":0,"victory":false,"max_hp_per_floor":[70,75,75,75,75,75,75,75,75,75,75,75,75,75,75,75,75,75,75,75,75,75,75,75,75,75,82,82,82,82,82,82,82],"card_choices":[{"not_picked":["Backflip","Dagger Throw"],"picked":"Predator","floor":1},{"not_picked":["Flechettes","Outmaneuver"],"picked":"Terror","floor":4},{"not_picked":["Sucker Punch","Predator"],"picked":"Crippling Poison","floor":5},{"not_picked":["Infinite Blades","Dagger Spray"],"picked":"Corpse Explosion","floor":6},{"not_picked":["Cloak And Dagger","Underhanded Strike"],"picked":"Distraction","floor":8},{"not_picked":["Footwork","Flechettes"],"picked":"Adrenaline","floor":12},{"not_picked":["Cloak And Dagger","All Out Attack"],"picked":"Dash","floor":13},{"not_picked":["Acrobatics","Expertise"],"picked":"PiercingWail","floor":14},{"not_picked":["Corpse Explosion","Venomology"],"picked":"Bullet Time","floor":16},{"not_picked":["Dodge and Roll","Dagger Throw+1"],"picked":"Poisoned Stab+1","floor":18},{"not_picked":["Sucker Punch","PiercingWail+1","Slice"],"picked":"SKIP","floor":20},{"not_picked":["Backflip+1","Flechettes+1"],"picked":"Leg Sweep","floor":22},{"not_picked":["Slice","Blade Dance+1"],"picked":"Underhanded Strike+1","floor":24},{"not_picked":["Accuracy","All Out Attack"],"picked":"After Image","floor":27},{"not_picked":["Sucker Punch","Accuracy","Dagger Throw+1"],"picked":"SKIP","floor":31}],"player_experience":80439,"relics_obtained":[{"floor":6,"key":"Peace Pipe"},{"floor":9,"key":"Ninja Scroll"},{"floor":12,"key":"Juzu Bracelet"},{"floor":14,"key":"Odd Mushroom"},{"floor":21,"key":"Nilry\u0027s Codex"},{"floor":24,"key":"Tiny Chest"},{"floor":24,"key":"Bag of Marbles"},{"floor":26,"key":"Toxic Egg 2"},{"floor":27,"key":"Blue Candle"},{"floor":27,"key":"Strawberry"}],"event_choices":[{"damage_healed":0,"gold_gain":0,"player_choice":"Donut","damage_taken":0,"max_hp_gain":5,"max_hp_loss":0,"event_name":"Big Fish","floor":2,"gold_loss":0},{"damage_healed":0,"gold_gain":0,"player_choice":"Bought 0 Potions","damage_taken":0,"max_hp_gain":0,"max_hp_loss":0,"event_name":"The Woman in Blue","floor":3,"gold_loss":0},{"damage_healed":0,"gold_gain":75,"player_choice":"Gather Gold","damage_taken":11,"max_hp_gain":0,"max_hp_loss":0,"event_name":"World of Goop","floor":11,"gold_loss":0},{"damage_healed":0,"gold_gain":0,"player_choice":"Fought Mushrooms","damage_taken":0,"max_hp_gain":0,"max_hp_loss":0,"event_name":"Mushrooms","floor":14,"gold_loss":0},{"damage_healed":0,"gold_gain":0,"player_choice":"Gave Potion","damage_taken":0,"relics_obtained":["Bag of Preparation"],"max_hp_gain":0,"max_hp_loss":0,"event_name":"WeMeetAgain","floor":19,"gold_loss":0},{"damage_healed":0,"gold_gain":0,"player_choice":"Obtained Book","damage_taken":16,"max_hp_gain":0,"max_hp_loss":0,"event_name":"Cursed Tome","floor":21,"gold_loss":0},{"cards_removed":["Underhanded Strike"],"damage_healed":5,"gold_gain":0,"player_choice":"Offered Common","damage_taken":0,"max_hp_gain":0,"max_hp_loss":0,"event_name":"Bonfire Elementals","floor":28,"gold_loss":0},{"cards_removed":["Underhanded Strike"],"damage_healed":5,"gold_gain":0,"player_choice":"Offered Special","damage_taken":0,"max_hp_gain":0,"max_hp_loss":0,"event_name":"Bonfire Elementals","floor":28,"gold_loss":0},{"damage_healed":0,"gold_gain":0,"player_choice":"Ignored","damage_taken":0,"max_hp_gain":0,"max_hp_loss":0,"event_name":"Ghosts","floor":30,"gold_loss":0}],"is_beta":false,"boss_relics":[{"not_picked":["Cursed Key","Tiny House"],"picked":"Black Star"}],"items_purged_floors":[],"is_endless":false,"potions_floor_spawned":[4,6,13,16,18,27],"killed_by":"Automaton","ascension_level":0}