{"gold_per_floor":[217,231,231,250,210,210,59,87,138,50,50,83,83,93,93,93],"floor_reached":16,"playtime":587,"items_purged":["Strike_G"],"score":216,"play_id":"65e98100-fb1d-4b45-a048-5eabf22fc489","local_time":"20190117190317","is_ascension_mode":true,"campfire_choices":[{"data":"Crippling Poison","floor":6,"key":"SMITH"},{"data":"Footwork","floor":11,"key":"SMITH"},{"floor":15,"key":"REST"}],"neow_cost":"NONE","seed_source_timestamp":103412250603851,"circlet_count":0,"master_deck":["AscendersBane","Defend_G","Defend_G","Defend_G","Defend_G","Defend_G","Strike_G","Strike_G","Strike_G","Strike_G","Survivor","Neutralize","Well Laid Plans","PiercingWail","Dagger Spray","Crippling Poison+1","Dagger Throw","Quick Slash","Footwork+1","Skewer","Infinite Blades"],"relics":["Ring of the Snake","Omamori","Happy Flower","Matryoshka"],"potions_floor_usage":[8,12,14],"damage_taken":[{"damage":0,"enemies":"Jaw Worm","floor":1,"turns":5},{"damage":0,"enemies":"Cultist","floor":2,"turns":4},{"damage":0,"enemies":"Small Slimes","floor":4,"turns":6},{"damage":0,"enemies":"Looter","floor":5,"turns":4},{"damage":21,"enemies":"3 Sentries","floor":8,"turns":6},{"damage":21,"enemies":"Gremlin Nob","floor":12,"turns":5},{"damage":0,"enemies":"3 Louse","floor":14,"turns":2},{"damage":42,"enemies":"Hexaghost","floor":16,"turns":14}],"seed_played":"-5988198136770708609","potions_obtained":[{"floor":1,"key":"Energy Potion"},{"floor":3,"key":"Ancient Potion"},{"floor":8,"key":"Explosive Potion"},{"floor":14,"key":"SpeedPotion"}],"is_trial":false,"path_per_floor":["M","M","?","M","M","R","$","E","T","$","R","E","?","M","R","B"],"character_chosen":"THE_SILENT","items_purchased":["Dagger Throw","Quick Slash","Footwork"],"campfire_rested":1,"item_purchase_floors":[7,7,10],"current_hp_per_floor":[59,59,59,59,59,59,59,38,38,38,38,17,17,17,36,0],"gold":93,"neow_bonus":"HUNDRED_GOLD","is_prod":false,"is_daily":false,"chose_seed":false,"campfire_upgraded":2,"win_rate":0,"timestamp":1547748197,"path_taken":["M","M","?","?","M","R","$","E","T","$","R","E","?","M","R","BOSS"],"build_version":"2019-01-10","purchased_purges":1,"victory":false,"max_hp_per_floor":[66,66,66,66,66,66,66,66,66,66,66,66,66,66,66,66],"card_choices":[{"not_picked":["Finisher","Blade Dance"],"picked":"Well Laid Plans","floor":1},{"not_picked":["Well Laid Plans","Prepared"],"picked":"PiercingWail","floor":2},{"not_picked":["Heel Hook","Bane"],"picked":"Dagger Spray","floor":4},{"not_picked":["Deflect","Caltrops"],"picked":"Crippling Poison","floor":5},{"not_picked":["Storm of Steel","Eviscerate","Backflip"],"picked":"SKIP","floor":8},{"not_picked":["Flechettes","Bane"],"picked":"Skewer","floor":12},{"not_picked":["Outmaneuver","Sucker Punch"],"picked":"Infinite Blades","floor":14}],"player_experience":1907696,"relics_obtained":[{"floor":8,"key":"Omamori"},{"floor":9,"key":"Happy Flower"},{"floor":12,"key":"Matryoshka"}],"event_choices":[{"damage_healed":0,"gold_gain":0,"player_choice":"Got Potions","damage_taken":0,"max_hp_gain":0,"max_hp_loss":0,"event_name":"Lab","floor":3,"gold_loss":0},{"damage_healed":0,"gold_gain":0,"player_choice":"Ignored","damage_taken":0,"max_hp_gain":0,"max_hp_loss":0,"event_name":"Liars Game","floor":13,"gold_loss":0}],"is_beta":false,"boss_relics":[],"items_purged_floors":[7],"is_endless":false,"potions_floor_spawned":[1,8,14],"killed_by":"Hexaghost","ascension_level":20}