{"gold_per_floor":[111,186,186,201,212,240,256,256,256,266,280,342,342,342,342,342],"floor_reached":16,"playtime":699,"items_purged":[],"score":173,"play_id":"b67a241f-def2-4c8a-902a-45d043344565","local_time":"20190209201948","is_ascension_mode":true,"campfire_choices":[{"floor":8.0,"key":"REST"},{"floor":13.0,"key":"REST"},{"data":"Neutralize","floor":15.0,"key":"SMITH"}],"neow_cost":"PERCENT_DAMAGE","seed_source_timestamp":18038258557200,"circlet_count":0,"master_deck":["AscendersBane","Defend_G","Defend_G","Defend_G","Defend_G","Strike_G","Strike_G","Strike_G","Strike_G","Survivor","Neutralize+1","Dash","Flying Knee","Poisoned Stab","Dagger Spray","Poisoned Stab","Well Laid Plans","Cloak And Dagger","Choke"],"special_seed":0,"relics":["Ring of the Snake","FaceOfCleric","Ninja Scroll","Question Card"],"potions_floor_usage":[],"damage_taken":[{"damage":8.0,"enemies":"Cultist","floor":1.0,"turns":7.0},{"damage":0.0,"enemies":"2 Louse","floor":4.0,"turns":3.0},{"damage":0.0,"enemies":"Small Slimes","floor":5.0,"turns":3.0},{"damage":12.0,"enemies":"Lagavulin","floor":6.0,"turns":6.0},{"damage":1.0,"enemies":"2 Fungi Beasts","floor":7.0,"turns":2.0},{"damage":9.0,"enemies":"Large Slime","floor":10.0,"turns":6.0},{"damage":0.0,"enemies":"Gremlin Gang","floor":11.0,"turns":2.0},{"damage":21.0,"enemies":"Lagavulin Event","floor":12.0,"turns":6.0},{"damage":30,"enemies":"Slime Boss","floor":16,"turns":8}],"seed_played":"-1884325055969629406","potions_obtained":[{"floor":4.0,"key":"Poison Potion"},{"floor":7.0,"key":"Explosive Potion"},{"floor":11.0,"key":"Swift Potion"},{"floor":12.0,"key":"Ancient Potion"}],"is_trial":false,"path_per_floor":["?","?","M","?","?"],"character_chosen":"THE_SILENT","items_purchased":[],"campfire_rested":2,"item_purchase_floors":[],"current_hp_per_floor":[36,25,25,26,27,16,16,37,37,29,30,10,31,31,31,1],"gold":342,"neow_bonus":"REMOVE_TWO","is_prod":false,"is_daily":false,"chose_seed":false,"campfire_upgraded":1,"win_rate":0,"timestamp":1549711188,"path_taken":["M","?","?","M","M","E","?","R","T","M","M","?","R","?","R","BOSS"],"build_version":"2019-01-23","purchased_purges":0,"victory":false,"max_hp_per_floor":[66,66,66,67,68,69,70,70,70,71,72,73,73,73,73,73],"card_choices":[{"not_picked":["PiercingWail","Finisher"],"picked":"Dash","floor":1.0},{"not_picked":["Dash","Predator"],"picked":"Flying Knee","floor":4.0},{"not_picked":["Bouncing Flask","Dodge and Roll"],"picked":"Poisoned Stab","floor":5.0},{"not_picked":["A Thousand Cuts","Skewer"],"picked":"Dagger Spray","floor":6.0},{"not_picked":["Dodge and Roll","Noxious Fumes"],"picked":"Poisoned Stab","floor":7.0},{"not_picked":["Dagger Spray","Dagger Throw","Dodge and Roll"],"picked":"Well Laid Plans","floor":10.0},{"not_picked":["Bane","Acrobatics","Masterful Stab"],"picked":"Cloak And Dagger","floor":11.0},{"not_picked":["Dagger Throw","Poisoned Stab","Underhanded Strike"],"picked":"Choke","floor":12.0}],"player_experience":302364,"relics_obtained":[{"floor":6.0,"key":"Ninja Scroll"},{"floor":9.0,"key":"Question Card"}],"event_choices":[{"damage_healed":0.0,"max_hp_gain":0.0,"max_hp_loss":0.0,"gold_gain":75.0,"event_name":"World of Goop","player_choice":"Gather Gold","floor":2.0,"gold_loss":0.0,"damage_taken":11.0},{"damage_healed":0.0,"max_hp_gain":0.0,"max_hp_loss":0.0,"gold_gain":0.0,"event_name":"FaceTrader","player_choice":"Trade","floor":3.0,"gold_loss":0.0,"damage_taken":0.0,"relics_obtained":["FaceOfCleric"]},{"damage_healed":0.0,"max_hp_gain":0.0,"max_hp_loss":0.0,"gold_gain":30.0,"event_name":"Dead Adventurer","player_choice":"Searched \u00273\u0027 times","floor":12.0,"gold_loss":0.0,"damage_taken":0.0},{"damage_healed":0.0,"max_hp_gain":0.0,"max_hp_loss":0.0,"gold_gain":0.0,"event_name":"Liars Game","player_choice":"Ignored","floor":14.0,"gold_loss":0.0,"damage_taken":0.0}],"is_beta":false,"boss_relics":[],"items_purged_floors":[],"is_endless":false,"potions_floor_spawned":[4,7,11,12],"killed_by":"Slime Boss","ascension_level":14}