{"gold_per_floor":[110,110,110,124,134,166,184,134,134,160,160,160,235,235,235,235],"floor_reached":16,"playtime":1749,"items_purged":[],"score":108,"play_id":"fa295659-b138-43cf-8765-cf92cd8ac53a","local_time":"20190127233000","is_ascension_mode":false,"campfire_choices":[{"floor":12,"key":"REST"},{"data":"Deadly Poison","floor":15,"key":"SMITH"}],"neow_cost":"NONE","seed_source_timestamp":528808789500399,"circlet_count":0,"master_deck":["Defend_G","Defend_G","Defend_G","Defend_G","Strike_G","Strike_G","Strike_G","Strike_G","Survivor","Neutralize","Dagger Throw","Dagger Spray","Deadly Poison+1","Dagger Throw","Flying Knee","Eviscerate"],"relics":["Ring of the Snake","Vajra","Bottled Lightning","PreservedInsect","Dodecahedron"],"potions_floor_usage":[6],"damage_taken":[{"damage":0,"enemies":"Jaw Worm","floor":1,"turns":4},{"damage":4,"enemies":"Small Slimes","floor":4,"turns":3},{"damage":0,"enemies":"Cultist","floor":5,"turns":3},{"damage":9,"enemies":"Gremlin Nob","floor":6,"turns":4},{"damage":8,"enemies":"Gremlin Gang","floor":7,"turns":6},{"damage":8,"enemies":"Lagavulin","floor":10,"turns":5},{"damage":55,"enemies":"The Guardian","floor":16,"turns":11}],"seed_played":"-3121914668890489884","potions_obtained":[{"floor":4,"key":"GhostInAJar"}],"is_trial":false,"path_per_floor":["?","?","?","?","?","?"],"character_chosen":"THE_SILENT","items_purchased":[],"campfire_rested":1,"item_purchase_floors":[],"current_hp_per_floor":[77,77,77,73,73,64,56,56,56,48,48,71,60,53,53,0],"gold":235,"neow_bonus":"TEN_PERCENT_HP_BONUS","is_prod":false,"is_daily":false,"chose_seed":false,"campfire_upgraded":1,"win_rate":0.0,"timestamp":1548599400,"path_taken":["M","?","?","M","M","E","M","?","T","E","?","R","?","?","R","BOSS"],"build_version":"2019-01-23","purchased_purges":0,"victory":false,"max_hp_per_floor":[77,77,77,77,77,77,77,77,77,77,77,77,77,77,77,77],"card_choices":[{"not_picked":["Acrobatics","Sucker Punch"],"picked":"Dagger Throw","floor":1},{"not_picked":["Well Laid Plans","Backstab"],"picked":"Dagger Spray","floor":4},{"not_picked":["Predator","Reflex"],"picked":"Deadly Poison","floor":5},{"not_picked":["Phantasmal Killer","Prepared"],"picked":"Dagger Throw","floor":6},{"not_picked":["Quick Slash","Blade Dance"],"picked":"Flying Knee","floor":7},{"not_picked":["Night Terror","Flechettes"],"picked":"Eviscerate","floor":10}],"player_experience":59941,"relics_obtained":[{"floor":6,"key":"Bottled Lightning"},{"floor":9,"key":"PreservedInsect"},{"floor":10,"key":"Dodecahedron"}],"event_choices":[{"damage_healed":0,"gold_gain":0,"player_choice":"Box","damage_taken":0,"relics_obtained":["Vajra"],"max_hp_gain":0,"max_hp_loss":0,"event_name":"Big Fish","floor":2,"gold_loss":0,"cards_obtained":["Regret"]},{"damage_healed":0,"gold_gain":0,"player_choice":"Ignored","damage_taken":0,"max_hp_gain":0,"max_hp_loss":0,"event_name":"Liars Game","floor":3,"gold_loss":0},{"cards_removed":["Regret"],"damage_healed":0,"gold_gain":0,"player_choice":"Card Removal","damage_taken":0,"max_hp_gain":0,"max_hp_loss":0,"event_name":"The Cleric","floor":8,"gold_loss":50},{"cards_removed":["Strike_G"],"damage_healed":0,"gold_gain":0,"player_choice":"Forget","damage_taken":0,"max_hp_gain":0,"max_hp_loss":0,"event_name":"Living Wall","floor":11,"gold_loss":0},{"damage_healed":0,"gold_gain":75,"player_choice":"Gather Gold","damage_taken":11,"max_hp_gain":0,"max_hp_loss":0,"event_name":"World of Goop","floor":13,"gold_loss":0},{"cards_removed":["Defend_G"],"damage_healed":0,"gold_gain":0,"player_choice":"Card Removal","damage_taken":7,"max_hp_gain":0,"max_hp_loss":0,"event_name":"Golden Wing","floor":14,"gold_loss":0}],"is_beta":false,"boss_relics":[],"items_purged_floors":[],"is_endless":false,"potions_floor_spawned":[4],"killed_by":"The Guardian","ascension_level":0}