{"path_per_floor":["M","M","?","?","$","R","M","R","T","E","R","M","$","E","R","B",null,"M","?","?","M","$","R","?"],"character_chosen":"IRONCLAD","items_purchased":["Demon Form"],"gold_per_floor":[118,128,128,78,3,3,21,21,45,76,76,89,89,129,129,260,260,279,279,279,297,45,45,45],"floor_reached":25,"campfire_rested":2,"playtime":777,"current_hp_per_floor":[88,88,66,66,66,66,65,65,65,41,67,70,70,48,74,41,88,72,72,56,44,44,44,44],"items_purged":["Defend_R","Strike_R"],"gold":45,"score":228,"play_id":"d62b1fe9-5776-426f-b5f0-adf2965e6f98","is_prod":false,"is_daily":false,"is_ascension_mode":true,"campfire_upgraded":3,"path_taken":["M","?","?","?","?","R","M","R","T","E","R","?","$","E","R","BOSS","M","?","?","M","$","R","?","E"],"build_version":"2018-02-22-PROD2","purchased_purges":2,"victory":false,"master_deck":["Strike_R+1","Strike_R","Strike_R","Strike_R","Defend_R","Defend_R","Bash+1","Bludgeon","Headbutt","Heavy Blade","Demon Form+1"],"max_hp_per_floor":[88,88,88,88,88,88,88,88,88,88,88,88,88,88,88,88,88,88,88,88,88,88,88,88],"relics":["Burning Blood","Bloody Idol","Ancient Tea Set","Darkstone Periapt","Omamori","Snecko Eye","Enchiridion"],"card_choices":[{"not_picked":["Iron Wave","Rage"],"picked":"Bludgeon"},{"not_picked":["Iron Wave","Combust"],"picked":"Headbutt"},{"not_picked":["Headbutt","Flex"],"picked":"Heavy Blade"}],"player_experience":146649,"potions_floor_usage":[12,18],"damage_taken":[{"damage":6,"enemies":"Cultist","floor":1,"turns":3},{"damage":6,"enemies":"Jaw Worm","floor":2,"turns":5},{"damage":7,"enemies":"Small Slimes","floor":7,"turns":3},{"damage":30,"enemies":"3 Sentries","floor":10,"turns":8},{"damage":3,"enemies":"2 Fungi Beasts","floor":12,"turns":3},{"damage":28,"enemies":"Gremlin Nob","floor":14,"turns":4},{"damage":39,"enemies":"Slime Boss","floor":16,"turns":8},{"damage":22,"enemies":"2 Thieves","floor":18,"turns":3},{"damage":18,"enemies":"Chosen","floor":21,"turns":4},{"damage":46,"enemies":"Gremlin Leader","floor":25,"turns":3}],"event_choices":[{"event_name":"Golden Idol","player_choice":"Take Damage","floor":3,"damage_taken":0},{"event_name":"The Cleric","player_choice":"Card Removal","floor":4,"damage_taken":0},{"event_name":"Beggar","player_choice":"Ignored","floor":19,"damage_taken":0},{"event_name":"Cursed Tome","player_choice":"Obtained Book","floor":20,"damage_taken":0},{"event_name":"Forgotten Altar","player_choice":"Gave Idol","floor":24,"damage_taken":0}],"boss_relics":[{"not_picked":["Runic Pyramid","Velvet Choker"],"picked":"Snecko Eye"}],"potions_floor_spawned":[1,2],"seed_played":"-8838310247836449578","killed_by":"Gremlin Leader","ascension_level":2,"is_trial":false}