{"gold_per_floor":[109,12,31,306,320,320,0,0,0,0,0,0,16,35,35,140,140,130,130,145,60,73,103,103,128,128,328,328,348,362,46,46,150,200,210,222,34,50,50,50,79,11,11,11,39,0,0,17,17,17],"floor_reached":51,"playtime":3581,"items_purged":["Normality","Regret"],"score":758,"play_id":"42d48ad9-0f8d-4fa4-bd25-7955b1879d46","local_time":"20190209154949","is_ascension_mode":false,"campfire_choices":[{"data":"Malaise","floor":6,"key":"SMITH"},{"data":"Well Laid Plans","floor":8,"key":"SMITH"},{"data":"Neutralize","floor":10,"key":"SMITH"},{"data":"Outmaneuver","floor":12,"key":"SMITH"},{"data":"Caltrops","floor":15,"key":"SMITH"},{"data":"Envenom","floor":24,"key":"SMITH"},{"data":"Slice","floor":28,"key":"SMITH"},{"data":"Backflip","floor":32,"key":"SMITH"},{"data":"Sadistic Nature","floor":40,"key":"SMITH"},{"floor":47,"key":"REST"},{"data":"Terror","floor":49,"key":"SMITH"}],"neow_cost":"CURSE","seed_source_timestamp":144267993152048,"circlet_count":0,"master_deck":["Defend_G","Defend_G","Defend_G","Defend_G","Defend_G+1","Survivor","Neutralize+1","Malaise+1","Slice+1","Outmaneuver+1","Backflip+1","Well Laid Plans+1","Endless Agony+1","Caltrops+1","Envenom+1","Sucker Punch+1","Bite+1","Bite+1","Bite+1","Bite+1","Bite+1","Backflip","Heel Hook+1","Underhanded Strike+1","Die Die Die+1","Deadly Poison+1","Riddle With Holes+1","Sadistic Nature+1","Leg Sweep","Madness","Madness","Tactician","Terror+1","Masterful Stab+1"],"relics":["Ring of the Snake","Art of War","Molten Egg 2","Busted Crown","Pear","Bag of Marbles","Meat on the Bone","Shuriken","Orichalcum","Tiny House","Regal Pillow","Question Card","Vajra"],"potions_floor_usage":[16,16,18,33,41,45,45,50],"damage_taken":[{"damage":0,"enemies":"Cultist","floor":1,"turns":6},{"damage":0,"enemies":"2 Louse","floor":3,"turns":3},{"damage":0,"enemies":"Small Slimes","floor":5,"turns":5},{"damage":2,"enemies":"Red Slaver","floor":13,"turns":6},{"damage":6,"enemies":"Large Slime","floor":14,"turns":9},{"damage":16,"enemies":"Hexaghost","floor":16,"turns":11},{"damage":10,"enemies":"2 Thieves","floor":18,"turns":4},{"damage":17,"enemies":"Spheric Guardian","floor":20,"turns":5},{"damage":30,"enemies":"3 Cultists","floor":22,"turns":6},{"damage":33,"enemies":"Gremlin Leader","floor":23,"turns":7},{"damage":30,"enemies":"Slavers","floor":25,"turns":7},{"damage":1,"enemies":"Cultist and Chosen","floor":29,"turns":7},{"damage":8,"enemies":"Centurion and Healer","floor":30,"turns":7},{"damage":27,"enemies":"Champ","floor":33,"turns":13},{"damage":22,"enemies":"3 Darklings","floor":35,"turns":7},{"damage":0,"enemies":"3 Shapes","floor":36,"turns":1},{"damage":6,"enemies":"Transient","floor":38,"turns":5},{"damage":49,"enemies":"Nemesis","floor":41,"turns":9},{"damage":44,"enemies":"Giant Head","floor":45,"turns":9},{"damage":15,"enemies":"Maw","floor":48,"turns":7},{"damage":64,"enemies":"Awakened One","floor":50,"turns":13}],"seed_played":"5300003586846585466","potions_obtained":[{"floor":1,"key":"Dexterity Potion"},{"floor":3,"key":"LiquidBronze"},{"floor":14,"key":"Ancient Potion"},{"floor":16,"key":"Energy Potion"},{"floor":20,"key":"FearPotion"},{"floor":23,"key":"Fire Potion"},{"floor":30,"key":"PowerPotion"},{"floor":34,"key":"EntropicBrew"},{"floor":38,"key":"Energy Potion"}],"is_trial":false,"path_per_floor":["M","$","M","?","M","R","$","R","T","R","?","R","M","M","R","B",null,"M","?","M","?","M","E","R","E","T","?","R","M","M","$","R","B",null,"M","M","$","M","?","R","E","$","T","?","E","$","R","M","R","B",null],"character_chosen":"THE_SILENT","items_purchased":["Slice","Well Laid Plans","Art of War","Die Die Die+1","Orichalcum","Sadistic Nature","Tactician","Terror"],"campfire_rested":1,"item_purchase_floors":[2,7,7,31,31,37,42,46],"current_hp_per_floor":[70,70,70,70,70,70,70,70,70,70,70,70,68,62,62,46,70,60,49,44,54,53,56,56,53,53,53,53,59,59,59,59,54,64,57,57,57,64,56,56,40,40,40,40,35,35,64,58,58,42],"gold":17,"neow_bonus":"THREE_RARE_CARDS","is_prod":false,"is_daily":false,"chose_seed":false,"campfire_upgraded":10,"win_rate":0.0,"timestamp":1549723789,"path_taken":["M","$","?","?","M","R","?","R","T","R","?","R","M","M","R","BOSS","M","?","M","?","M","E","R","E","T","?","R","M","?","$","R","BOSS","M","M","$","M","?","R","E","?","T","?","E","?","R","M","R","BOSS"],"build_version":"2019-01-23","purchased_purges":2,"victory":true,"max_hp_per_floor":[70,70,70,70,70,70,70,70,70,70,70,70,70,70,70,70,70,70,49,49,59,59,59,59,59,59,59,59,59,59,59,59,59,64,64,64,64,64,64,64,64,64,64,64,64,64,64,64,64,64],"card_choices":[{"not_picked":["Die Die Die","Venomology"],"picked":"Malaise","floor":0},{"not_picked":["Deflect","Blade Dance"],"picked":"Backflip","floor":1},{"not_picked":["Deadly Poison","Underhanded Strike"],"picked":"Outmaneuver","floor":3},{"not_picked":["Deadly Poison","Poisoned Stab"],"picked":"Backflip","floor":5},{"not_picked":["Dodge and Roll","Distraction"],"picked":"Endless Agony+1","floor":13},{"not_picked":["Blade Dance","Poisoned Stab+1"],"picked":"Caltrops","floor":14},{"not_picked":["Venomology","Unload+1"],"picked":"Envenom","floor":16},{"not_picked":[],"picked":"Sucker Punch+1","floor":18},{"not_picked":[],"picked":"Backflip","floor":20},{"not_picked":[],"picked":"Heel Hook+1","floor":22},{"not_picked":[],"picked":"Underhanded Strike+1","floor":23},{"not_picked":["Underhanded Strike+1"],"picked":"SKIP","floor":25},{"not_picked":["Deadly Poison"],"picked":"SKIP","floor":29},{"not_picked":[],"picked":"Bouncing Flask+1","floor":30},{"not_picked":[],"picked":"Deadly Poison+1","floor":35},{"not_picked":[],"picked":"Riddle With Holes+1","floor":36},{"not_picked":[],"picked":"Leg Sweep","floor":38},{"not_picked":["Sucker Punch+1"],"picked":"SKIP","floor":41},{"not_picked":["Sucker Punch+1","Deadly Poison"],"picked":"SKIP","floor":45},{"not_picked":["Quick Slash+1"],"picked":"Masterful Stab+1","floor":48}],"player_experience":97488,"relics_obtained":[{"floor":9,"key":"Molten Egg 2"},{"floor":23,"key":"Bag of Marbles"},{"floor":25,"key":"Meat on the Bone"},{"floor":26,"key":"Shuriken"},{"floor":41,"key":"Regal Pillow"},{"floor":43,"key":"Question Card"},{"floor":45,"key":"Vajra"}],"event_choices":[{"damage_healed":0,"gold_gain":275,"player_choice":"Desecrate","damage_taken":0,"max_hp_gain":0,"max_hp_loss":0,"event_name":"Golden Shrine","floor":4,"gold_loss":0,"cards_obtained":["Regret"]},{"cards_removed":["Backflip"],"damage_healed":5,"gold_gain":0,"player_choice":"Offered Common","damage_taken":0,"max_hp_gain":0,"max_hp_loss":0,"event_name":"Bonfire Elementals","floor":11,"gold_loss":0},{"cards_removed":["Backflip"],"damage_healed":5,"gold_gain":0,"player_choice":"Offered Special","damage_taken":0,"max_hp_gain":0,"max_hp_loss":0,"event_name":"Bonfire Elementals","floor":11,"gold_loss":0},{"damage_healed":0,"gold_gain":0,"player_choice":"Became a vampire","damage_taken":0,"max_hp_gain":0,"max_hp_loss":21,"event_name":"Vampires","floor":19,"gold_loss":0,"cards_obtained":["Bite","Bite","Bite","Bite","Bite"]},{"damage_healed":0,"gold_gain":0,"player_choice":"Obtained Relic","damage_taken":0,"relics_obtained":["Pear"],"max_hp_gain":0,"max_hp_loss":0,"event_name":"Addict","floor":21,"gold_loss":85},{"damage_healed":0,"gold_gain":250,"player_choice":"Bet on Owner","damage_taken":0,"max_hp_gain":0,"max_hp_loss":0,"event_name":"The Joust","floor":27,"gold_loss":50},{"damage_healed":0,"gold_gain":0,"player_choice":"Embrace Madness","damage_taken":8,"max_hp_gain":0,"max_hp_loss":0,"event_name":"Winding Halls","floor":39,"gold_loss":0,"cards_obtained":["Madness","Madness"]},{"cards_removed":["Bouncing Flask"],"damage_healed":0,"gold_gain":0,"player_choice":"Removed Skill","damage_taken":0,"max_hp_gain":0,"max_hp_loss":0,"event_name":"Falling","floor":44,"gold_loss":0}],"is_beta":false,"boss_relics":[{"not_picked":["Cursed Key","Pandora\u0027s Box"],"picked":"Busted Crown"},{"not_picked":["Eternal Feather","Snecko Eye"],"picked":"Tiny House"}],"items_purged_floors":[2,7],"is_endless":false,"potions_floor_spawned":[1,3,14,16,20,23,30,36,38],"ascension_level":0}