{"gold_per_floor":[118,131,306,306,320,320,346,346,397,430,441,473,44,60,60,163,163,182,182,31,45,45,72,89,117,143,176,176,126,126,126,126,223,223,238,38,55,55,55,84,84,159,235,261,261,293,313,348,348,348],"floor_reached":51,"playtime":2676,"items_purged":["Regret","Doubt","Shame","Normality"],"score":1141,"play_id":"62dee3bf-d341-49fc-a0ec-f5cd531681bb","local_time":"20190210190946","is_ascension_mode":true,"campfire_choices":[{"data":"Clash","floor":6,"key":"SMITH"},{"data":"Carnage","floor":8,"key":"SMITH"},{"data":"Bash","floor":15,"key":"SMITH"},{"data":"Intimidate","floor":28,"key":"SMITH"},{"data":"Ghostly","floor":32,"key":"SMITH"},{"data":"Double Tap","floor":45,"key":"SMITH"},{"data":"Ghostly","floor":49,"key":"SMITH"}],"neow_cost":"NONE","seed_source_timestamp":243575711034828,"circlet_count":0,"master_deck":["Strike_R","Strike_R","Strike_R","Strike_R","Strike_R","Defend_R","Defend_R","Defend_R","Bash+1","Clash+1","Shrug It Off","Flex","Carnage+1","Fiend Fire+1","Headbutt+1","Intimidate+1","Reaper+1","Clothesline+1","Clash+1","Thunderclap+1","Rage+1","Headbutt+1","Ghostly+1","Ghostly+1","Ghostly","Ghostly","Ghostly","Double Tap+1","Madness","Madness","Trip","Clash+1","Bludgeon+1","Dropkick+1"],"relics":["Burning Blood","Regal Pillow","Magic Flower","Orichalcum","Molten Egg 2","Paper Frog","Blood Vial","Medical Kit","Velvet Choker","Strawberry","MutagenicStrength","Centennial Puzzle","Omamori","Smiling Mask","Bronze Scales","Enchiridion","Calling Bell","Pen Nib","Darkstone Periapt","WingedGreaves","Bag of Marbles","The Courier","Bottled Flame","Dodecahedron","Potion Belt"],"potions_floor_usage":[7,10,27,27,27,40],"damage_taken":[{"damage":6,"enemies":"Cultist","floor":1,"turns":3},{"damage":5,"enemies":"Small Slimes","floor":2,"turns":2},{"damage":5,"enemies":"2 Louse","floor":5,"turns":3},{"damage":32,"enemies":"Gremlin Nob","floor":7,"turns":4},{"damage":31,"enemies":"Lagavulin","floor":10,"turns":5},{"damage":9,"enemies":"Large Slime","floor":11,"turns":4},{"damage":12,"enemies":"3 Sentries","floor":12,"turns":7},{"damage":0,"enemies":"Blue Slaver","floor":14,"turns":3},{"damage":20,"enemies":"Hexaghost","floor":16,"turns":8},{"damage":3,"enemies":"Shell Parasite","floor":18,"turns":3},{"damage":4,"enemies":"Chosen","floor":21,"turns":3},{"damage":23,"enemies":"Slavers","floor":23,"turns":4},{"damage":0,"enemies":"Snecko","floor":24,"turns":2},{"damage":25,"enemies":"Book of Stabbing","floor":25,"turns":4},{"damage":83,"enemies":"Slavers","floor":27,"turns":7},{"damage":19,"enemies":"Champ","floor":33,"turns":9},{"damage":4,"enemies":"3 Shapes","floor":35,"turns":3},{"damage":0,"enemies":"Orb Walker","floor":37,"turns":2},{"damage":28,"enemies":"Giant Head","floor":40,"turns":6},{"damage":4,"enemies":"Nemesis","floor":44,"turns":5},{"damage":10,"enemies":"Giant Head","floor":46,"turns":6},{"damage":0,"enemies":"Sphere and 2 Shapes","floor":47,"turns":2},{"damage":0,"enemies":"Nemesis","floor":48,"turns":3},{"damage":23,"enemies":"Time Eater","floor":50,"turns":8}],"seed_played":"-9223333367353315491","potions_obtained":[{"floor":1,"key":"Explosive Potion"},{"floor":7,"key":"Fire Potion"},{"floor":14,"key":"GamblersBrew"},{"floor":16,"key":"BloodPotion"},{"floor":23,"key":"Swift Potion"},{"floor":25,"key":"BloodPotion"},{"floor":35,"key":"Swift Potion"},{"floor":37,"key":"AttackPotion"},{"floor":40,"key":"Swift Potion"},{"floor":47,"key":"FearPotion"}],"is_trial":false,"path_per_floor":["M","M","?","?","M","R","E","R","T","E","M","E","$","M","R","B",null,"M","?","$","M","?","E","M","E","T","E","R","$","?","?","R","B",null,"M","$","M","?","?","E","?","?","T","E","R","E","M","E","R","B",null],"character_chosen":"IRONCLAD","items_purchased":["Blood Vial","Medical Kit","Clash+1","Bag of Marbles"],"campfire_rested":0,"item_purchase_floors":[13,13,20,36],"current_hp_per_floor":[88,88,88,88,88,88,62,62,62,40,40,37,37,49,49,41,88,88,95,95,95,95,89,95,81,81,55,55,55,47,31,31,29,47,47,47,47,47,41,28,28,24,24,32,32,46,47,47,47,47],"gold":348,"neow_bonus":"TEN_PERCENT_HP_BONUS","is_prod":false,"is_daily":false,"chose_seed":false,"campfire_upgraded":7,"win_rate":0,"timestamp":1549822186,"path_taken":["M","M","?","?","M","R","E","R","T","E","M","E","$","M","R","BOSS","M","?","$","M","?","E","M","E","T","E","R","$","?","?","R","BOSS","M","$","M","?","?","E","?","?","T","E","R","E","M","E","R","BOSS"],"build_version":"2019-01-23","purchased_purges":4,"victory":true,"max_hp_per_floor":[88,88,88,88,88,88,88,88,88,88,88,88,88,88,88,88,88,88,95,95,95,95,95,95,95,95,95,95,95,47,47,47,47,47,47,47,47,47,47,47,47,47,47,47,47,47,47,47,47,47],"card_choices":[{"not_picked":["Hemokinesis","Clothesline"],"picked":"Clash","floor":1},{"not_picked":["Pommel Strike","Wild Strike"],"picked":"Shrug It Off","floor":2},{"not_picked":["Fire Breathing","Shrug It Off"],"picked":"Flex","floor":5},{"not_picked":["Perfected Strike","Dark Embrace"],"picked":"Carnage","floor":7},{"not_picked":["Iron Wave","Rampage"],"picked":"Fiend Fire","floor":10},{"not_picked":["Thunderclap+1","Evolve"],"picked":"Headbutt+1","floor":11},{"not_picked":["Rage","Shrug It Off"],"picked":"Intimidate","floor":12},{"not_picked":["Warcry","Sword Boomerang+1","Disarm"],"picked":"SKIP","floor":14},{"not_picked":["Exhume","Fiend Fire+1"],"picked":"Reaper+1","floor":16},{"not_picked":["Pummel+1","Perfected Strike+1"],"picked":"Clothesline+1","floor":18},{"not_picked":["Power Through","Rage"],"picked":"Thunderclap+1","floor":21},{"not_picked":["Infernal Blade","Flex"],"picked":"Rage+1","floor":23},{"not_picked":["Iron Wave+1","Armaments","Havoc"],"picked":"SKIP","floor":24},{"not_picked":["Evolve","Battle Trance","Warcry+1"],"picked":"SKIP","floor":25},{"not_picked":["Armaments+1","Flex+1"],"picked":"Headbutt+1","floor":27},{"not_picked":["Limit Break","Berserk"],"picked":"Double Tap","floor":33},{"not_picked":["Flame Barrier+1","Heavy Blade+1","Searing Blow+1"],"picked":"SKIP","floor":35},{"not_picked":["Headbutt+1","Pommel Strike+1","Battle Trance"],"picked":"SKIP","floor":37},{"not_picked":["Reckless Charge+1","Shrug It Off","Wild Strike+1"],"picked":"SKIP","floor":40},{"not_picked":["Bandage Up","Mind Blast+1"],"picked":"Trip","floor":41},{"not_picked":["Wild Strike+1","Blood for Blood+1","Corruption"],"picked":"SKIP","floor":44},{"not_picked":["Wild Strike+1","Blood for Blood+1","Corruption"],"picked":"SKIP","floor":44},{"not_picked":["Warcry","Evolve+1"],"picked":"Clash+1","floor":46},{"not_picked":["Uppercut+1","Perfected Strike+1"],"picked":"Bludgeon+1","floor":47},{"not_picked":["Bloodletting+1","Armaments"],"picked":"Dropkick+1","floor":48}],"player_experience":145188,"relics_obtained":[{"floor":7,"key":"Magic Flower"},{"floor":9,"key":"Orichalcum"},{"floor":10,"key":"Molten Egg 2"},{"floor":12,"key":"Paper Frog"},{"floor":23,"key":"Centennial Puzzle"},{"floor":25,"key":"Omamori"},{"floor":26,"key":"Smiling Mask"},{"floor":27,"key":"Bronze Scales"},{"floor":31,"key":"Enchiridion"},{"floor":34,"key":"Pen Nib"},{"floor":34,"key":"Darkstone Periapt"},{"floor":34,"key":"WingedGreaves"},{"floor":40,"key":"The Courier"},{"floor":44,"key":"Bottled Flame"},{"floor":46,"key":"Dodecahedron"},{"floor":48,"key":"Potion Belt"}],"event_choices":[{"damage_healed":0,"gold_gain":175,"player_choice":"AGREE","damage_taken":0,"max_hp_gain":0,"max_hp_loss":0,"event_name":"Liars Game","floor":3,"gold_loss":0,"cards_obtained":["Doubt"]},{"damage_healed":0,"gold_gain":0,"player_choice":"Box","damage_taken":0,"relics_obtained":["Regal Pillow"],"max_hp_gain":0,"max_hp_loss":0,"event_name":"Big Fish","floor":4,"gold_loss":0,"cards_obtained":["Regret"]},{"damage_healed":0,"gold_gain":0,"player_choice":"Stole Relic","damage_taken":0,"relics_obtained":["Strawberry"],"max_hp_gain":0,"max_hp_loss":0,"event_name":"Addict","floor":19,"gold_loss":0,"cards_obtained":["Shame"]},{"damage_healed":0,"gold_gain":0,"player_choice":"Inject Mutagens","damage_taken":0,"relics_obtained":["MutagenicStrength"],"max_hp_gain":0,"max_hp_loss":0,"event_name":"Drug Dealer","floor":22,"gold_loss":0},{"damage_healed":0,"gold_gain":0,"player_choice":"Became a Ghost","damage_taken":0,"max_hp_gain":0,"max_hp_loss":48,"event_name":"Ghosts","floor":30,"gold_loss":0,"cards_obtained":["Ghostly","Ghostly","Ghostly","Ghostly","Ghostly"]},{"damage_healed":0,"gold_gain":0,"player_choice":"Obtained Book","damage_taken":16,"max_hp_gain":0,"max_hp_loss":0,"event_name":"Cursed Tome","floor":31,"gold_loss":0},{"cards_removed":["Defend_R"],"damage_healed":0,"gold_gain":0,"player_choice":"Removed Skill","damage_taken":0,"max_hp_gain":0,"max_hp_loss":0,"event_name":"Falling","floor":38,"gold_loss":0},{"damage_healed":0,"gold_gain":0,"player_choice":"Embrace Madness","damage_taken":6,"max_hp_gain":0,"max_hp_loss":0,"event_name":"Winding Halls","floor":39,"gold_loss":0,"cards_obtained":["Madness","Madness"]},{"damage_healed":0,"gold_gain":0,"player_choice":"Memory 1","damage_taken":0,"max_hp_gain":0,"max_hp_loss":0,"event_name":"SensoryStone","floor":41,"gold_loss":0},{"damage_healed":0,"gold_gain":75,"player_choice":"Touch","damage_taken":4,"max_hp_gain":0,"max_hp_loss":0,"event_name":"FaceTrader","floor":42,"gold_loss":0}],"is_beta":false,"boss_relics":[{"not_picked":["Lizard Tail","Eternal Feather"],"picked":"Velvet Choker"},{"not_picked":["Runic Dome","Orrery"],"picked":"Calling Bell"}],"items_purged_floors":[13,20,29,36],"is_endless":false,"potions_floor_spawned":[1,7,14,16,23,24,25,35,37,40,47],"ascension_level":3}