{"path_per_floor":["M","M","?","?","?","R","M","R","T","$","M","M","R","M","R","B",null,"M","M","?","?","$"],"character_chosen":"IRONCLAD","items_purchased":["Orichalcum","Molten Egg 2"],"gold_per_floor":[118,133,133,133,208,208,226,226,226,77,90,105,105,129,129,252,252,252,252,252,252,2],"floor_reached":23,"campfire_rested":1,"playtime":1882,"current_hp_per_floor":[80,80,60,60,49,49,49,49,49,49,55,55,55,42,66,33,80,79,54,54,54,54],"items_purged":[],"gold":2,"score":207,"play_id":"b9af08d5-e8dd-4410-a639-641e150b2ce2","is_prod":false,"is_daily":false,"is_ascension_mode":false,"campfire_upgraded":3,"path_taken":["M","M","?","?","?","R","M","R","T","$","M","M","R","M","R","BOSS","M","M","?","?","$","E"],"build_version":"2018-02-15-PROD1","purchased_purges":1,"victory":false,"master_deck":["Defend_R","Defend_R","Defend_R","Defend_R","Bash","Bludgeon","Armaments+1","Headbutt","Limit Break+1","Pommel Strike","Juggernaut+1","Warcry","Disarm","Barricade","Body Slam","Bite","Bite","Bite","Bite","Bite"],"max_hp_per_floor":[80,80,80,80,80,80,80,80,80,80,80,80,80,80,80,80,80,80,80,56,56,56],"relics":["Burning Blood","Golden Idol","Bird Faced Urn","Orichalcum","Ectoplasm","Molten Egg 2"],"card_choices":[{"not_picked":["Warcry","Shockwave"],"picked":"Armaments"},{"not_picked":["Clash","Power Through"],"picked":"Headbutt"},{"not_picked":["Thunderclap","Battle Trance"],"picked":"Pommel Strike"},{"not_picked":["Inflame","Blood for Blood"],"picked":"Juggernaut"},{"not_picked":["Thunderclap","Body Slam"],"picked":"Warcry"},{"not_picked":["Pummel","Cleave"],"picked":"Disarm"},{"not_picked":["Brutality","Feed"],"picked":"Barricade"},{"not_picked":["Heavy Blade","Spot Weakness"],"picked":"Body Slam"}],"player_experience":4481,"potions_floor_usage":[23,23,23],"damage_taken":[{"damage":3,"enemies":"2 Louse","floor":1,"turns":3},{"damage":0,"enemies":"Small Slimes","floor":2,"turns":2},{"damage":6,"enemies":"Jaw Worm","floor":7,"turns":2},{"damage":0,"enemies":"Looter","floor":11,"turns":3},{"damage":6,"enemies":"Red Slaver","floor":12,"turns":4},{"damage":19,"enemies":"Exordium Wildlife","floor":14,"turns":4},{"damage":41,"enemies":"Slime Boss","floor":16,"turns":11},{"damage":7,"enemies":"Chosen","floor":18,"turns":4},{"damage":35,"enemies":"3 Byrds","floor":19,"turns":7},{"damage":77,"enemies":"Gremlin Leader","floor":23,"turns":6}],"event_choices":[{"event_name":"Golden Idol","player_choice":"Take Damage","floor":3,"damage_taken":0},{"event_name":"Match and Keep!","player_choice":"1 cards matched","floor":4,"damage_taken":0},{"event_name":"World of Goop","player_choice":"Gather Gold","floor":5,"damage_taken":0},{"event_name":"Vampires","player_choice":"Became a vampire","floor":20,"damage_taken":0},{"event_name":"Drug Dealer","player_choice":"Ignored","floor":21,"damage_taken":0}],"boss_relics":[{"not_picked":["Question Card","Calling Bell"],"picked":"Ectoplasm"}],"potions_floor_spawned":[12,14,16],"seed_played":"-6367530511470736198","killed_by":"Gremlin Leader","ascension_level":0,"is_trial":false}