{"gold_per_floor":[14,26,26,44,44,44,73,91,91,91],"floor_reached":10,"playtime":476,"items_purged":[],"score":102,"play_id":"453f3b2f-3cd1-48f5-a2bf-e7bc7ccd832a","local_time":"20190206182450","is_ascension_mode":true,"campfire_choices":[{"data":"Neutralize","floor":6.0,"key":"SMITH"}],"neow_cost":"NO_GOLD","seed_source_timestamp":189592475714500,"circlet_count":0,"master_deck":["AscendersBane","Defend_G","Defend_G","Defend_G","Defend_G","Defend_G","Strike_G","Strike_G","Strike_G","Strike_G","Strike_G","Survivor","Neutralize+1","Cloak And Dagger","Cloak And Dagger","PiercingWail","Burst","Quick Slash"],"special_seed":0,"relics":["Ring of the Snake","Gambling Chip","Anchor","Girya","Shuriken"],"potions_floor_usage":[],"damage_taken":[{"damage":0.0,"enemies":"Cultist","floor":1.0,"turns":6.0},{"damage":0.0,"enemies":"2 Louse","floor":2.0,"turns":3.0},{"damage":0.0,"enemies":"Small Slimes","floor":4.0,"turns":3.0},{"damage":30.0,"enemies":"Lagavulin","floor":7.0,"turns":7.0},{"damage":10,"enemies":"Red Slaver","floor":8,"turns":7},{"damage":4,"enemies":"Exordium Thugs","floor":10,"turns":6}],"seed_played":"-927552345891153617","potions_obtained":[{"floor":4.0,"key":"AttackPotion"},{"floor":7.0,"key":"Strength Potion"}],"is_trial":false,"path_per_floor":["$","?"],"character_chosen":"THE_SILENT","items_purchased":[],"campfire_rested":0,"item_purchase_floors":[],"current_hp_per_floor":[63,63,63,63,51,51,21,11,11,7],"gold":91,"neow_bonus":"ONE_RARE_RELIC","is_prod":false,"is_daily":false,"chose_seed":false,"campfire_upgraded":1,"win_rate":0,"timestamp":1549445090,"path_taken":["M","M","?","M","?","R","E","M","T","M"],"build_version":"2019-01-23","purchased_purges":0,"victory":false,"max_hp_per_floor":[70,70,70,70,70,70,70,70,70,70],"card_choices":[{"not_picked":["Acrobatics","Underhanded Strike"],"picked":"Cloak And Dagger","floor":1.0},{"not_picked":["Eviscerate","Catalyst"],"picked":"Cloak And Dagger","floor":2.0},{"not_picked":["Bane","Riddle With Holes"],"picked":"PiercingWail","floor":4.0},{"not_picked":["Dodge and Roll","Leg Sweep"],"picked":"Burst","floor":7.0},{"not_picked":["Blur","Concentrate"],"picked":"Quick Slash","floor":8}],"player_experience":255841,"relics_obtained":[{"floor":7.0,"key":"Girya"},{"floor":9,"key":"Shuriken"}],"event_choices":[{"damage_healed":0.0,"max_hp_gain":0.0,"max_hp_loss":0.0,"gold_gain":0.0,"event_name":"Scrap Ooze","player_choice":"Success","floor":5.0,"gold_loss":0.0,"damage_taken":12.0,"relics_obtained":["Anchor"]}],"is_beta":false,"boss_relics":[],"items_purged_floors":[],"is_endless":false,"potions_floor_spawned":[4,7],"killed_by":"Exordium Thugs","ascension_level":10}