{"gold_per_floor":[112,123,73,152,170,199,199,225,277,288,300,300,313,325,325,428,428,446,463,463,463,482,516,516,543,543,372,372,391,411,411,411,511,511,529,545,560,213,213,213,247,247,301,320,320,320,335,43,43,43],"floor_reached":51,"playtime":6056,"items_purged":["Strike_G","Pain","Regret"],"score":789,"play_id":"1cbf1b76-0690-400b-a90d-958092faa302","local_time":"20190128133242","is_ascension_mode":true,"campfire_choices":[{"data":"Leg Sweep","floor":7.0,"key":"SMITH"},{"floor":15.0,"key":"REST"},{"floor":24.0,"key":"REST"},{"floor":28,"key":"REST"},{"data":"Deadly Poison","floor":32,"key":"SMITH"},{"floor":42,"key":"REST"},{"data":"1","floor":45,"key":"LIFT"},{"data":"2","floor":49,"key":"LIFT"}],"neow_cost":"TEN_PERCENT_HP_LOSS","seed_source_timestamp":0,"circlet_count":0,"master_deck":["Defend_G+1","Defend_G+1","Defend_G+1","Strike_G+1","Strike_G+1","Strike_G+1","Survivor+1","Neutralize+1","Quick Slash+1","Leg Sweep+1","Blade Dance+1","Glass Knife+1","Poisoned Stab+1","Choke+1","Flying Knee+1","Dash+1","Malaise+1","Poisoned Stab+1","Outmaneuver+1","Terror+1","Finisher+1","Quick Slash+1","Expertise+1","Finesse+1","Deadly Poison+1","Deadly Poison+1","Shame","Burst+1","Regret","Noxious Fumes+1","Backflip+1","Infinite Blades+1","Deadly Poison+1","Master of Strategy+1","Backflip+1","Leg Sweep+1","Sucker Punch+1","Purity"],"special_seed":0,"relics":["Ring of the Snake","Paper Crane","Strawberry","Ornamental Fan","Orichalcum","Lizard Tail","Enchiridion","Oddly Smooth Stone","Darkstone Periapt","Kunai","Lantern","Calling Bell","Smiling Mask","Frozen Egg 2","Girya","Mercury Hourglass","Bottled Tornado","Pen Nib","Mark of the Bloom","Ancient Tea Set"],"potions_floor_usage":[41,47,50,50],"damage_taken":[{"damage":0.0,"enemies":"Small Slimes","floor":1.0,"turns":6.0},{"damage":4.0,"enemies":"Jaw Worm","floor":2.0,"turns":5.0},{"damage":0.0,"enemies":"Cultist","floor":5.0,"turns":3.0},{"damage":13.0,"enemies":"Gremlin Nob","floor":6.0,"turns":6.0},{"damage":32.0,"enemies":"3 Sentries","floor":8.0,"turns":12.0},{"damage":0.0,"enemies":"3 Louse","floor":10.0,"turns":2.0},{"damage":0.0,"enemies":"Red Slaver","floor":11.0,"turns":3.0},{"damage":0.0,"enemies":"2 Fungi Beasts","floor":13.0,"turns":2.0},{"damage":0.0,"enemies":"Blue Slaver","floor":14.0,"turns":2.0},{"damage":6.0,"enemies":"Slime Boss","floor":16.0,"turns":9.0},{"damage":3.0,"enemies":"2 Thieves","floor":18.0,"turns":3.0},{"damage":5.0,"enemies":"Spheric Guardian","floor":19.0,"turns":6.0},{"damage":4.0,"enemies":"Cultist and Chosen","floor":22.0,"turns":6.0},{"damage":17.0,"enemies":"Book of Stabbing","floor":23.0,"turns":6.0},{"damage":42.0,"enemies":"Gremlin Leader","floor":25.0,"turns":9.0},{"damage":29,"enemies":"Shelled Parasite and Fungi","floor":29,"turns":5},{"damage":0,"enemies":"Centurion and Healer","floor":30,"turns":5},{"damage":11,"enemies":"Champ","floor":33,"turns":11},{"damage":14,"enemies":"Orb Walker","floor":35,"turns":4},{"damage":20,"enemies":"3 Shapes","floor":36,"turns":5},{"damage":16,"enemies":"Maw","floor":37,"turns":8},{"damage":2,"enemies":"Nemesis","floor":41,"turns":7},{"damage":10,"enemies":"Transient","floor":44,"turns":5},{"damage":0,"enemies":"4 Shapes","floor":47,"turns":3},{"damage":52,"enemies":"Awakened One","floor":50,"turns":13}],"seed_played":"-6392185601275730236","potions_obtained":[{"floor":6.0,"key":"Ancient Potion"},{"floor":8.0,"key":"AttackPotion"},{"floor":11.0,"key":"Explosive Potion"},{"floor":13.0,"key":"GhostInAJar"},{"floor":16.0,"key":"PowerPotion"},{"floor":18.0,"key":"GhostInAJar"},{"floor":29,"key":"Strength Potion"},{"floor":33,"key":"GhostInAJar"},{"floor":35,"key":"AttackPotion"},{"floor":41,"key":"GhostInAJar"}],"is_trial":false,"path_per_floor":["?","T","?","M","?","?","M","?","?","?","?"],"character_chosen":"THE_SILENT","items_purchased":["Finesse","Deadly Poison","Mercury Hourglass","Purity","Ancient Tea Set"],"campfire_rested":4,"item_purchase_floors":[27,38,38,48,48],"current_hp_per_floor":[63,59,59,59,59,53,53,21,21,21,21,21,21,21,42,36,70,67,62,46,46,42,25,46,4,4,4,25,32,32,38,38,27,94,80,60,44,44,44,44,42,70,70,60,60,60,60,60,60,8],"gold":43,"neow_bonus":"REMOVE_TWO","is_prod":false,"is_daily":false,"chose_seed":false,"campfire_upgraded":2,"win_rate":0,"timestamp":1548649962,"path_taken":["M","M","?","?","M","E","R","E","T","M","M","?","M","?","R","BOSS","M","M","?","?","M","E","R","E","T","$","R","M","?","?","R","BOSS","M","M","M","$","?","?","E","R","T","M","R","?","M","$","R","BOSS"],"build_version":"2019-01-23","purchased_purges":3,"victory":true,"max_hp_per_floor":[63,63,63,63,63,70,70,70,70,70,70,70,70,70,70,70,70,70,70,70,70,70,70,70,70,70,70,70,70,70,76,76,76,94,94,94,94,94,94,94,94,94,94,94,94,94,94,94,94,94],"card_choices":[{"not_picked":["Dodge and Roll","Outmaneuver"],"picked":"Quick Slash","floor":1.0},{"not_picked":["Quick Slash","Heel Hook"],"picked":"Leg Sweep","floor":2.0},{"not_picked":["Catalyst","Slice"],"picked":"Outmaneuver","floor":5.0},{"not_picked":["Eviscerate","Choke"],"picked":"Blade Dance","floor":6.0},{"not_picked":["Catalyst","Predator"],"picked":"Glass Knife","floor":8.0},{"not_picked":["Acrobatics","Blur"],"picked":"Poisoned Stab","floor":10.0},{"not_picked":["Endless Agony","Outmaneuver"],"picked":"Choke","floor":11.0},{"not_picked":["Poisoned Stab","Quick Slash"],"picked":"Flying Knee","floor":13.0},{"not_picked":["Deflect","Eviscerate"],"picked":"Dash","floor":14.0},{"not_picked":["Envenom","Night Terror"],"picked":"Malaise","floor":16.0},{"not_picked":["Quick Slash","Dagger Spray"],"picked":"Poisoned Stab+1","floor":18.0},{"not_picked":["Dagger Throw","Blade Dance"],"picked":"Outmaneuver+1","floor":19.0},{"not_picked":["Crippling Poison","Slice"],"picked":"Finisher","floor":22.0},{"not_picked":["Flechettes","Terror+1"],"picked":"Quick Slash","floor":23.0},{"not_picked":["Prepared","Underhanded Strike"],"picked":"Expertise","floor":25.0},{"not_picked":["Flechettes","Slice+1"],"picked":"Deadly Poison","floor":29},{"not_picked":["Caltrops","Expertise"],"picked":"Deadly Poison","floor":30},{"not_picked":["Tools of the Trade","A Thousand Cuts"],"picked":"Burst","floor":33},{"not_picked":["Blur","Quick Slash+1"],"picked":"Noxious Fumes+1","floor":35},{"not_picked":["Dash","PiercingWail"],"picked":"Backflip","floor":36},{"not_picked":["Underhanded Strike+1","Finisher"],"picked":"Infinite Blades+1","floor":37},{"not_picked":["Deep Breath","Enlightenment"],"picked":"Master of Strategy","floor":40},{"not_picked":["Endless Agony","Heel Hook+1"],"picked":"Backflip+1","floor":41},{"not_picked":["Expertise","Backflip+1"],"picked":"Leg Sweep","floor":44},{"not_picked":["Underhanded Strike+1","Finisher+1"],"picked":"Sucker Punch+1","floor":47}],"player_experience":69313,"relics_obtained":[{"floor":4.0,"key":"Paper Crane"},{"floor":6.0,"key":"Strawberry"},{"floor":8.0,"key":"Ornamental Fan"},{"floor":9.0,"key":"Orichalcum"},{"floor":20.0,"key":"Enchiridion"},{"floor":23.0,"key":"Oddly Smooth Stone"},{"floor":25.0,"key":"Darkstone Periapt"},{"floor":26.0,"key":"Kunai"},{"floor":34,"key":"Smiling Mask"},{"floor":34,"key":"Frozen Egg 2"},{"floor":34,"key":"Girya"},{"floor":41,"key":"Bottled Tornado"},{"floor":43,"key":"Pen Nib"}],"event_choices":[{"cards_removed":["Defend_G"],"damage_healed":0.0,"max_hp_gain":0.0,"max_hp_loss":0.0,"gold_gain":0.0,"event_name":"The Cleric","player_choice":"Card Removal","floor":3.0,"gold_loss":50.0,"damage_taken":0.0},{"damage_healed":0.0,"max_hp_gain":0.0,"max_hp_loss":0.0,"gold_gain":0.0,"event_name":"Upgrade Shrine","player_choice":"Upgraded","floor":12.0,"gold_loss":0.0,"damage_taken":0.0,"cards_upgraded":["Glass Knife"]},{"damage_healed":0.0,"max_hp_gain":0.0,"max_hp_loss":0.0,"gold_gain":0.0,"event_name":"Cursed Tome","player_choice":"Obtained Book","floor":20.0,"gold_loss":0.0,"damage_taken":16.0},{"damage_healed":0.0,"max_hp_gain":0.0,"max_hp_loss":0.0,"gold_gain":0.0,"event_name":"Match and Keep!","player_choice":"1 cards matched","floor":21.0,"gold_loss":0.0,"damage_taken":0.0,"cards_obtained":["Terror"]},{"damage_healed":0,"gold_gain":0,"player_choice":"Stole Relic","damage_taken":0,"relics_obtained":["Lantern"],"max_hp_gain":0,"max_hp_loss":0,"event_name":"Addict","floor":31,"gold_loss":0,"cards_obtained":["Shame"]},{"cards_removed":["Outmaneuver"],"damage_healed":0,"gold_gain":0,"player_choice":"Removed Skill","damage_taken":0,"max_hp_gain":0,"max_hp_loss":0,"event_name":"Falling","floor":39,"gold_loss":0},{"damage_healed":0,"gold_gain":0,"player_choice":"Memory 1","damage_taken":0,"max_hp_gain":0,"max_hp_loss":0,"event_name":"SensoryStone","floor":40,"gold_loss":0},{"damage_healed":0,"gold_gain":0,"player_choice":"Upgrade","damage_taken":0,"relics_obtained":["Mark of the Bloom"],"max_hp_gain":0,"max_hp_loss":0,"event_name":"MindBloom","floor":46,"gold_loss":0,"cards_upgraded":["Defend_G","Defend_G","Defend_G","Strike_G","Strike_G","Strike_G","Survivor","Neutralize","Quick Slash","Blade Dance","Poisoned Stab","Choke","Flying Knee","Dash","Malaise","Terror","Finisher","Quick Slash","Expertise","Finesse","Deadly Poison","Burst","Backflip","Deadly Poison","Master of Strategy","Leg Sweep"]}],"is_beta":false,"boss_relics":[{"not_picked":["HoveringKite","Velvet Choker"],"picked":"Lizard Tail"},{"not_picked":["Coffee Dripper","Tiny House"],"picked":"Calling Bell"}],"items_purged_floors":[27,38,48],"is_endless":false,"potions_floor_spawned":[6,8,11,13,16,18,29,33,35,37,41],"ascension_level":1}