{"gold_per_floor":[115,115,115,115,131,156,156,184,235,235,248,348,374,388,388,462,462,478,578,578,594,609,642,642,655,678,688,688,702,802,813,813,813],"floor_reached":33,"playtime":1539,"items_purged":[],"score":640,"play_id":"7163cdbd-14c0-4ded-9f6f-63688847414c","local_time":"20190214221728","is_ascension_mode":true,"campfire_choices":[{"data":"Blade Dance","floor":7,"key":"SMITH"},{"floor":10,"key":"REST"},{"floor":15,"key":"REST"},{"data":"1","floor":24,"key":"LIFT"},{"floor":28,"key":"REST"},{"data":"2","floor":32,"key":"LIFT"}],"neow_cost":"NONE","seed_source_timestamp":146471883071805,"circlet_count":0,"master_deck":["AscendersBane","Defend_G","Defend_G","Defend_G","Defend_G","Defend_G","Survivor","Neutralize","Dagger Spray+1","Blade Dance+1","Deflect","Terror","Sucker Punch","Well Laid Plans","Burst","After Image","Prepared","Noxious Fumes+1","Bite","Bite","Bite","Bite","Bite","Bouncing Flask","Dodge and Roll","Accuracy","Blade Dance","Slice+1","Cloak And Dagger","Blade Dance"],"relics":["Ring of the Snake","NeowsBlessing","Shuriken","Bottled Lightning","Ornamental Fan","Bronze Scales","Smiling Mask","Fusion Hammer","Girya","Blue Candle","Ancient Tea Set","Happy Flower"],"potions_floor_usage":[16,16,19,22,25,31,33,33],"damage_taken":[{"damage":0,"enemies":"Cultist","floor":1,"turns":1},{"damage":0,"enemies":"Jaw Worm","floor":5,"turns":1},{"damage":0,"enemies":"Lagavulin","floor":6,"turns":1},{"damage":26,"enemies":"Gremlin Nob","floor":8,"turns":4},{"damage":4,"enemies":"Small Slimes","floor":11,"turns":3},{"damage":25,"enemies":"Lagavulin","floor":13,"turns":5},{"damage":6,"enemies":"Exordium Thugs","floor":14,"turns":2},{"damage":0,"enemies":"The Guardian","floor":16,"turns":11},{"damage":0,"enemies":"Chosen","floor":18,"turns":3},{"damage":15,"enemies":"Colosseum Slavers","floor":19,"turns":5},{"damage":9,"enemies":"Colosseum Nobs","floor":19,"turns":5},{"damage":10,"enemies":"2 Thieves","floor":21,"turns":4},{"damage":3,"enemies":"Shelled Parasite and Fungi","floor":22,"turns":3},{"damage":17,"enemies":"Gremlin Leader","floor":23,"turns":6},{"damage":17,"enemies":"Snake Plant","floor":25,"turns":4},{"damage":19,"enemies":"Snecko","floor":27,"turns":4},{"damage":2,"enemies":"Centurion and Healer","floor":29,"turns":4},{"damage":0,"enemies":"Snake Plant","floor":31,"turns":4},{"damage":44,"enemies":"Champ","floor":33,"turns":8}],"seed_played":"3125779611612904035","potions_obtained":[{"floor":6,"key":"EssenceOfSteel"},{"floor":13,"key":"Weak Potion"},{"floor":14,"key":"Dexterity Potion"},{"floor":16,"key":"Block Potion"},{"floor":18,"key":"PowerPotion"},{"floor":22,"key":"Fire Potion"},{"floor":23,"key":"GhostInAJar"},{"floor":25,"key":"GamblersBrew"},{"floor":31,"key":"SneckoOil"}],"is_trial":false,"path_per_floor":["M","?","T","?","M","E","R","E","T","R","M","?","E","M","R","B",null,"M","?","?","M","M","E","R","M","T","M","R","M","?","M","R","B"],"character_chosen":"THE_SILENT","items_purchased":[],"campfire_rested":3,"item_purchase_floors":[],"current_hp_per_floor":[59,52,52,52,52,52,52,26,26,45,41,41,16,10,29,29,57,57,33,33,31,32,29,29,18,18,3,16,24,24,30,30,0],"gold":813,"neow_bonus":"THREE_ENEMY_KILL","is_prod":false,"is_daily":false,"chose_seed":false,"campfire_upgraded":1,"win_rate":0,"timestamp":1550204248,"path_taken":["M","?","?","?","?","E","R","E","T","R","M","?","E","?","R","BOSS","M","?","?","M","M","E","R","M","T","M","R","M","?","?","R","BOSS"],"build_version":"2019-01-23","purchased_purges":0,"victory":false,"max_hp_per_floor":[66,66,66,66,66,66,66,66,66,66,66,66,66,66,66,66,66,66,66,46,46,46,46,46,46,46,46,46,46,46,46,46,46],"card_choices":[{"not_picked":["PiercingWail","Acrobatics"],"picked":"Dagger Spray","floor":1},{"not_picked":["Caltrops","Bane"],"picked":"Blade Dance","floor":5},{"not_picked":["Dash","Prepared"],"picked":"Deflect","floor":6},{"not_picked":["Prepared","Dagger Throw"],"picked":"Terror","floor":8},{"not_picked":["Flechettes","Acrobatics"],"picked":"Sucker Punch","floor":11},{"not_picked":["Heel Hook","All Out Attack"],"picked":"Well Laid Plans","floor":13},{"not_picked":["Expertise","Choke"],"picked":"Burst","floor":14},{"not_picked":["Corpse Explosion","Adrenaline"],"picked":"After Image","floor":16},{"not_picked":["Acrobatics","Underhanded Strike"],"picked":"Prepared","floor":18},{"not_picked":["Poisoned Stab+1","Underhanded Strike"],"picked":"Noxious Fumes+1","floor":19},{"not_picked":["Outmaneuver","Poisoned Stab"],"picked":"Bouncing Flask","floor":21},{"not_picked":["Phantasmal Killer","Quick Slash"],"picked":"Dodge and Roll","floor":22},{"not_picked":["Storm of Steel","All Out Attack"],"picked":"Accuracy","floor":23},{"not_picked":["Sucker Punch","Bouncing Flask"],"picked":"Blade Dance","floor":25},{"not_picked":["Bouncing Flask","Bane"],"picked":"Slice+1","floor":27},{"not_picked":["Eviscerate","PiercingWail"],"picked":"Cloak And Dagger","floor":29},{"not_picked":["Caltrops","Skewer"],"picked":"Blade Dance","floor":31}],"player_experience":561938,"relics_obtained":[{"floor":3,"key":"Shuriken"},{"floor":6,"key":"Bottled Lightning"},{"floor":8,"key":"Ornamental Fan"},{"floor":9,"key":"Bronze Scales"},{"floor":13,"key":"Smiling Mask"},{"floor":19,"key":"Girya"},{"floor":19,"key":"Blue Candle"},{"floor":23,"key":"Ancient Tea Set"},{"floor":26,"key":"Happy Flower"}],"event_choices":[{"cards_removed":["Strike_G"],"damage_healed":0,"gold_gain":0,"player_choice":"Card Removal","damage_taken":7,"max_hp_gain":0,"max_hp_loss":0,"event_name":"Golden Wing","floor":2,"gold_loss":0},{"damage_healed":0,"gold_gain":0,"player_choice":"Forge","damage_taken":0,"max_hp_gain":0,"max_hp_loss":0,"event_name":"Accursed Blacksmith","floor":4,"gold_loss":0,"cards_upgraded":["Dagger Spray"]},{"damage_healed":0,"gold_gain":100,"player_choice":"Pray","damage_taken":0,"max_hp_gain":0,"max_hp_loss":0,"event_name":"Golden Shrine","floor":12,"gold_loss":0},{"damage_healed":0,"gold_gain":0,"player_choice":"Fight","damage_taken":0,"max_hp_gain":0,"max_hp_loss":0,"event_name":"Colosseum","floor":19,"gold_loss":0},{"damage_healed":0,"gold_gain":0,"player_choice":"Fought Nobs","damage_taken":0,"max_hp_gain":0,"max_hp_loss":0,"event_name":"Colosseum","floor":19,"gold_loss":0},{"damage_healed":0,"gold_gain":0,"player_choice":"Became a vampire","damage_taken":0,"max_hp_gain":0,"max_hp_loss":20,"event_name":"Vampires","floor":20,"gold_loss":0,"cards_obtained":["Bite","Bite","Bite","Bite","Bite"]},{"damage_healed":0,"gold_gain":100,"player_choice":"Pray","damage_taken":0,"max_hp_gain":0,"max_hp_loss":0,"event_name":"Golden Shrine","floor":30,"gold_loss":0}],"is_beta":false,"boss_relics":[{"not_picked":["Lizard Tail","Snecko Eye"],"picked":"Fusion Hammer"}],"items_purged_floors":[],"is_endless":false,"potions_floor_spawned":[6,13,14,16,18,22,23,25,31],"killed_by":"Champ","ascension_level":14}