{"path_per_floor":["M","M","?","?","M","E","R","E","T","?","?","R","M","M","R","B",null,"M","$","M","M","?","E","R"],"character_chosen":"IRONCLAD","items_purchased":["Juzu Bracelet","Blood Vial"],"gold_per_floor":[117,129,129,129,141,166,166,199,199,199,199,199,220,234,234,365,403,428,48,64,82,82,120,120],"floor_reached":25,"campfire_rested":1,"playtime":1515,"current_hp_per_floor":[80,80,80,80,80,52,52,53,53,37,37,37,43,49,73,73,85,67,67,75,76,76,44,44],"items_purged":["Injury"],"gold":120,"score":231,"play_id":"da37d9c3-36bc-4e90-859c-a0a29f24d70e","local_time":"20180307005242","is_prod":false,"is_daily":false,"is_ascension_mode":false,"campfire_upgraded":3,"timestamp":1520380362,"path_taken":["M","M","?","?","?","E","R","E","T","?","?","R","?","M","R","BOSS","M","$","M","M","?","E","R","M"],"build_version":"2018-03-01-PROD1","purchased_purges":1,"victory":false,"master_deck":["Strike_R","Strike_R","Strike_R+1","Strike_R","Strike_R","Defend_R+1","Defend_R+1","Defend_R","Defend_R+1","Bash+1","Uppercut+1","Thunderclap","Armaments+1","Rampage+1","Shrug It Off","Anger+1","Cleave","Double Tap+1"],"max_hp_per_floor":[80,80,80,80,80,80,80,80,80,80,80,80,80,80,80,80,85,85,85,85,85,85,85,85],"relics":["Burning Blood","Pen Nib","Thread and Needle","Bird Faced Urn","Golden Idol","Tiny House","Juzu Bracelet","Blood Vial","Nloth\u0027s Gift","Anchor"],"card_choices":[{"not_picked":["Headbutt","Evolve"],"picked":"Uppercut"},{"not_picked":["Shrug It Off","Power Through"],"picked":"Thunderclap"},{"not_picked":["Perfected Strike","Entrench"],"picked":"Armaments"},{"not_picked":["Iron Wave","Inflame"],"picked":"Rampage"},{"not_picked":["Shockwave","Rampage"],"picked":"Shrug It Off"},{"not_picked":["Clash","Thunderclap"],"picked":"Anger"},{"not_picked":["Havoc","Warcry"],"picked":"Cleave"},{"not_picked":["Iron Wave","Armaments"],"picked":"Double Tap"}],"player_experience":236440,"potions_floor_usage":[16,16,20,25],"damage_taken":[{"damage":5,"enemies":"2 Louse","floor":1,"turns":3},{"damage":6,"enemies":"Jaw Worm","floor":2,"turns":3},{"damage":0,"enemies":"Small Slimes","floor":5,"turns":4},{"damage":34,"enemies":"Lagavulin","floor":6,"turns":6},{"damage":5,"enemies":"Gremlin Nob","floor":8,"turns":3},{"damage":0,"enemies":"Blue Slaver","floor":13,"turns":3},{"damage":0,"enemies":"Large Slime","floor":14,"turns":5},{"damage":21,"enemies":"Slime Boss","floor":16,"turns":10},{"damage":24,"enemies":"2 Thieves","floor":18,"turns":4},{"damage":0,"enemies":"3 Byrds","floor":20,"turns":6},{"damage":7,"enemies":"Centurion and Healer","floor":21,"turns":6},{"damage":40,"enemies":"Gremlin Leader","floor":23,"turns":7},{"damage":59,"enemies":"Cultist and Chosen","floor":25,"turns":5}],"event_choices":[{"event_name":"Living Wall","player_choice":"Grow","floor":3,"damage_taken":0},{"event_name":"The Cleric","player_choice":"Leave","floor":4,"damage_taken":0},{"event_name":"Shining Light","player_choice":"Entered Light","floor":10,"damage_taken":0},{"event_name":"Golden Idol","player_choice":"Take Wound","floor":11,"damage_taken":0},{"event_name":"N\u0027loth","player_choice":"Traded a War Paint","floor":22,"damage_taken":0}],"boss_relics":[{"not_picked":["Calling Bell","White Beast Statue"],"picked":"Tiny House"}],"potions_floor_spawned":[5,6,8,21],"seed_played":"1642788376662572203","killed_by":"Cultist and Chosen","ascension_level":0,"is_trial":false}