{"gold_per_floor":[209,227,242,254,329,357,357,357,383,383,383,396,396,424,424,424],"floor_reached":16,"playtime":910,"items_purged":[],"score":121,"play_id":"4b4dc8c9-b491-4f4c-85aa-3874d7b74337","local_time":"20190213231216","is_ascension_mode":true,"campfire_choices":[{"data":"Go for the Eyes","floor":7,"key":"SMITH"},{"floor":10,"key":"REST"},{"floor":13,"key":"REST"},{"data":"Zap","floor":15,"key":"SMITH"}],"neow_cost":"NONE","seed_source_timestamp":1385145666396800,"circlet_count":0,"master_deck":["Strike_B","Strike_B","Strike_B","Defend_B","Defend_B","Defend_B","Defend_B","Zap+1","Dualcast","Cold Snap","Compile Driver","FTL","Go for the Eyes+1","Gash","Amplify"],"relics":["Cracked Core","PreservedInsect","Omamori","Dream Catcher","Anchor"],"potions_floor_usage":[4,6,14,16],"damage_taken":[{"damage":0,"enemies":"2 Louse","floor":1,"turns":2},{"damage":14,"enemies":"Jaw Worm","floor":2,"turns":4},{"damage":2,"enemies":"Small Slimes","floor":3,"turns":3},{"damage":0,"enemies":"Exordium Wildlife","floor":4,"turns":2},{"damage":18,"enemies":"Gremlin Nob","floor":6,"turns":4},{"damage":2,"enemies":"Large Slime","floor":12,"turns":6},{"damage":9,"enemies":"3 Sentries","floor":14,"turns":5},{"damage":38,"enemies":"Slime Boss","floor":16,"turns":5}],"seed_played":"-5975091708115860944","potions_obtained":[{"floor":2,"key":"Explosive Potion"},{"floor":3,"key":"Poison Potion"},{"floor":4,"key":"Fire Potion"},{"floor":12,"key":"EssenceOfSteel"}],"is_trial":false,"path_per_floor":["M","M","M","M","?","E","R","?","T","R","?","M","R","E","R","B"],"character_chosen":"DEFECT","items_purchased":[],"campfire_rested":2,"item_purchase_floors":[],"current_hp_per_floor":[75,61,59,59,48,30,30,12,12,34,27,25,47,38,38,0],"gold":424,"neow_bonus":"HUNDRED_GOLD","is_prod":false,"is_daily":false,"chose_seed":false,"campfire_upgraded":2,"win_rate":0,"timestamp":1550095936,"path_taken":["M","M","M","M","?","E","R","?","T","R","?","M","R","E","R","BOSS"],"build_version":"2019-01-23","purchased_purges":0,"victory":false,"max_hp_per_floor":[75,75,75,75,75,75,75,75,75,75,75,75,75,75,75,75],"card_choices":[{"not_picked":["Beam Cell","Static Discharge","Fusion"],"picked":"SKIP","floor":1},{"not_picked":["Stack","Loop"],"picked":"Cold Snap","floor":2},{"not_picked":["Recycle","Doom and Gloom"],"picked":"Compile Driver","floor":3},{"not_picked":["Steam","Auto Shields"],"picked":"FTL","floor":4},{"not_picked":["Scrape","Darkness"],"picked":"Go for the Eyes","floor":6},{"not_picked":["Beam Cell","Hello World"],"picked":"Gash","floor":10},{"not_picked":["Beam Cell","Doom and Gloom","Storm"],"picked":"SKIP","floor":12},{"not_picked":["Rebound","Meteor Strike"],"picked":"Amplify","floor":14}],"player_experience":164447,"relics_obtained":[{"floor":6,"key":"PreservedInsect"},{"floor":9,"key":"Dream Catcher"},{"floor":14,"key":"Anchor"}],"event_choices":[{"damage_healed":0,"gold_gain":75,"player_choice":"Gather Gold","damage_taken":11,"max_hp_gain":0,"max_hp_loss":0,"event_name":"World of Goop","floor":5,"gold_loss":0},{"damage_healed":0,"gold_gain":0,"player_choice":"Success","damage_taken":18,"relics_obtained":["Omamori"],"max_hp_gain":0,"max_hp_loss":0,"event_name":"Scrap Ooze","floor":8,"gold_loss":0},{"cards_removed":["Strike_B"],"damage_healed":0,"gold_gain":0,"player_choice":"Card Removal","damage_taken":7,"max_hp_gain":0,"max_hp_loss":0,"event_name":"Golden Wing","floor":11,"gold_loss":0}],"is_beta":false,"boss_relics":[],"items_purged_floors":[],"is_endless":false,"potions_floor_spawned":[2,3,4,12],"killed_by":"Slime Boss","ascension_level":2}