{"path_per_floor":["M","M","?","?","$","E","R","M","T","R","E","?","M","M","R","B",null,"M","M","$","M","M","R","M","M","T","R","?","M","R","?","R","B",null,"M","?","?","?","M","R","M","T","T","$","?","R","$"],"character_chosen":"IRONCLAD","items_purchased":["Twin Strike","Double Tap","Ice Cream"],"gold_per_floor":[119,135,135,135,109,136,136,155,185,185,210,210,224,243,243,344,344,354,374,135,152,172,172,188,202,250,250,250,268,268,268,268,365,365,383,383,383,383,403,403,419,446,470,66,66,66,66],"floor_reached":48,"campfire_rested":4,"playtime":1436,"current_hp_per_floor":[75,74,32,32,32,36,36,42,42,42,44,44,46,48,48,41,80,80,78,78,80,46,46,48,41,41,41,25,27,51,51,75,33,80,61,61,61,61,52,76,30,30,30,30,30,54,54],"items_purged":["Defend_R","Strike_R"],"gold":66,"score":440,"play_id":"19be6740-8fa7-41d0-b7a7-e9b2f0d0a321","local_time":"20180314155251","is_prod":false,"is_daily":false,"is_ascension_mode":false,"campfire_upgraded":5,"timestamp":1521039171,"path_taken":["M","M","?","?","$","E","R","M","T","R","E","?","M","M","R","BOSS","M","M","$","?","M","R","M","M","T","R","?","M","R","?","R","BOSS","M","?","?","?","M","R","?","?","T","$","?","R","$","E"],"build_version":"2018-03-09","purchased_purges":2,"victory":false,"master_deck":["Strike_R","Strike_R","Strike_R","Strike_R","Defend_R","Defend_R","Bash+1","Thunderclap","Pommel Strike+1","Twin Strike+1","Offering+1","Whirlwind+1","Double Tap+1"],"max_hp_per_floor":[80,80,80,80,80,80,80,80,80,80,80,80,80,80,80,80,80,80,80,80,80,80,80,80,80,80,80,80,80,80,80,80,80,80,80,80,80,80,80,80,80,80,80,80,80,80,80],"relics":["Burning Blood","Prayer Wheel","Vajra","Dream Catcher","Tiny Chest","Oddly Smooth Stone","Mark of Pain","Lantern","Enchiridion","Sozu","Blood Vial","Juzu Bracelet","Ice Cream"],"card_choices":[{"not_picked":["Reckless Charge","Power Through"],"picked":"Thunderclap"},{"not_picked":["Thunderclap","Reckless Charge"],"picked":"Pommel Strike"},{"not_picked":["Clothesline","Pummel"],"picked":"Offering"},{"not_picked":["Clash","Infernal Blade"],"picked":"Whirlwind"}],"player_experience":294655,"potions_floor_usage":[6,14,21,22,33,33],"damage_taken":[{"damage":11,"enemies":"2 Louse","floor":1,"turns":3},{"damage":7,"enemies":"Small Slimes","floor":2,"turns":3},{"damage":17,"enemies":"3 Sentries","floor":6,"turns":6},{"damage":0,"enemies":"Cultist","floor":8,"turns":2},{"damage":4,"enemies":"Gremlin Nob","floor":11,"turns":2},{"damage":4,"enemies":"Exordium Wildlife","floor":13,"turns":1},{"damage":4,"enemies":"Large Slime","floor":14,"turns":2},{"damage":13,"enemies":"Slime Boss","floor":16,"turns":5},{"damage":4,"enemies":"2 Thieves","floor":18,"turns":1},{"damage":8,"enemies":"Spheric Guardian","floor":19,"turns":3},{"damage":0,"enemies":"Cultist and Chosen","floor":21,"turns":2},{"damage":40,"enemies":"Slaver and Parasite","floor":22,"turns":4},{"damage":4,"enemies":"3 Cultists","floor":24,"turns":2},{"damage":13,"enemies":"Snecko","floor":25,"turns":3},{"damage":4,"enemies":"Snake Plant","floor":29,"turns":2},{"damage":48,"enemies":"Collector","floor":33,"turns":5},{"damage":25,"enemies":"3 Shapes","floor":35,"turns":2},{"damage":15,"enemies":"Orb Walker","floor":39,"turns":2},{"damage":52,"enemies":"Maw","floor":41,"turns":6},{"damage":73,"enemies":"Giant Head","floor":48,"turns":5}],"event_choices":[{"event_name":"Scrap Ooze","player_choice":"success","floor":3,"damage_taken":42},{"event_name":"Bonfire Elementals","player_choice":"BASIC","floor":4,"damage_taken":0},{"event_name":"Golden Idol","player_choice":"Ignored","floor":12,"damage_taken":0},{"event_name":"Cursed Tome","player_choice":"Obtained Book","floor":28,"damage_taken":0},{"event_name":"The Mausoleum","player_choice":"No","floor":31,"damage_taken":0},{"event_name":"Tomb of Lord Red Mask","player_choice":"Ignored","floor":36,"damage_taken":0},{"event_name":"Mysterious Sphere","player_choice":"Ignore","floor":37,"damage_taken":0},{"event_name":"Accursed Blacksmith","player_choice":"Forge","floor":38,"damage_taken":0},{"event_name":"Transmorgrifier","player_choice":"Skipped","floor":45,"damage_taken":0}],"boss_relics":[{"not_picked":["Black Star","Calling Bell"],"picked":"Mark of Pain"},{"not_picked":["Cursed Key","White Beast Statue"],"picked":"Sozu"}],"potions_floor_spawned":[1,6,14,19,21,22,25,41],"seed_played":"-8982687295740526497","killed_by":"Giant Head","ascension_level":0,"is_trial":false}