{"gold_per_floor":[115,115,127,147,147,176,176,209,209,209,243,258,258,277,277,378,378,392,411,511,224,224,249,249,280,337,337],"floor_reached":27,"playtime":2320,"items_purged":["Strike_G"],"score":334,"play_id":"e85e9279-76e3-4a23-a428-28703916d347","local_time":"20190210041858","is_ascension_mode":true,"campfire_choices":[{"floor":7,"key":"REST"},{"floor":10,"key":"REST"},{"data":"Concentrate","floor":15,"key":"SMITH"}],"neow_cost":"NONE","seed_source_timestamp":190498575969972,"circlet_count":0,"master_deck":["Defend_G","Defend_G","Defend_G","Defend_G","Defend_G+1","Strike_G","Strike_G","Strike_G","Survivor","Neutralize","Leg Sweep+1","Infinite Blades+1","Concentrate+1","Backflip","Flechettes","Choke","Concentrate","Grand Finale","Quick Slash","Acrobatics+1","Tactician","Heel Hook","Flash of Steel","Quick Slash","Ghostly","Ghostly","Ghostly","Ghostly","Ghostly","Finisher","Quick Slash"],"relics":["Ring of the Snake","Potion Belt","Orichalcum","Pantograph","Bronze Scales","Singing Bowl","WristBlade","WingedGreaves","Ninja Scroll","Matryoshka","Darkstone Periapt","Vajra","Tiny Chest"],"potions_floor_usage":[8,16,19,19,20,27],"damage_taken":[{"damage":1,"enemies":"Cultist","floor":1,"turns":3},{"damage":0,"enemies":"2 Louse","floor":3,"turns":3},{"damage":0,"enemies":"Small Slimes","floor":4,"turns":4},{"damage":40,"enemies":"Lagavulin","floor":6,"turns":15},{"damage":33,"enemies":"3 Sentries","floor":8,"turns":14},{"damage":17,"enemies":"Lagavulin","floor":11,"turns":16},{"damage":0,"enemies":"Exordium Wildlife","floor":12,"turns":4},{"damage":1,"enemies":"2 Fungi Beasts","floor":14,"turns":4},{"damage":29,"enemies":"Hexaghost","floor":16,"turns":16},{"damage":5,"enemies":"Spheric Guardian","floor":18,"turns":3},{"damage":0,"enemies":"2 Thieves","floor":19,"turns":3},{"damage":25,"enemies":"Colosseum Slavers","floor":20,"turns":6},{"damage":18,"enemies":"Colosseum Nobs","floor":20,"turns":7},{"damage":12,"enemies":"Book of Stabbing","floor":23,"turns":7},{"damage":0,"enemies":"Slavers","floor":25,"turns":5},{"damage":8,"enemies":"Gremlin Leader","floor":27,"turns":5}],"seed_played":"4779025458221854050","potions_obtained":[{"floor":3,"key":"Regen Potion"},{"floor":11,"key":"Swift Potion"},{"floor":12,"key":"AttackPotion"},{"floor":16,"key":"GhostInAJar"},{"floor":19,"key":"Ancient Potion"},{"floor":25,"key":"Weak Potion"}],"is_trial":false,"path_per_floor":["M","?","M","M","?","E","R","E","T","R","E","M","?","M","R","B",null,"M","M","?","$","?","E","?","E","T","E"],"character_chosen":"THE_SILENT","items_purchased":["Heel Hook","Flash of Steel","Quick Slash"],"campfire_rested":2,"item_purchase_floors":[21,21,21],"current_hp_per_floor":[69,69,69,69,62,22,43,25,25,46,31,31,17,16,16,12,72,67,67,24,24,24,12,8,8,8,0],"gold":337,"neow_bonus":"RANDOM_COMMON_RELIC","is_prod":false,"is_daily":false,"chose_seed":false,"campfire_upgraded":1,"win_rate":0,"timestamp":1549768738,"path_taken":["M","?","M","M","?","E","R","E","T","R","E","M","?","?","R","BOSS","M","M","?","$","?","E","?","E","T","E"],"build_version":"2019-01-23","purchased_purges":1,"victory":false,"max_hp_per_floor":[70,70,70,70,70,70,70,70,70,70,72,72,72,72,72,72,72,72,72,72,72,36,36,41,41,41,41],"card_choices":[{"not_picked":["Outmaneuver","PiercingWail"],"picked":"Leg Sweep","floor":1},{"not_picked":["Quick Slash","Dash"],"picked":"Infinite Blades","floor":3},{"not_picked":["Backflip","PiercingWail"],"picked":"Concentrate","floor":4},{"not_picked":["Poisoned Stab","Deadly Poison"],"picked":"Backflip","floor":6},{"not_picked":["Bane","Slice"],"picked":"Flechettes","floor":8},{"not_picked":["Dodge and Roll","Flying Knee","PiercingWail"],"picked":"Singing Bowl","floor":11},{"not_picked":["Distraction","Prepared"],"picked":"Choke","floor":12},{"not_picked":["Dodge and Roll","Caltrops"],"picked":"Concentrate","floor":14},{"not_picked":["Adrenaline","Unload"],"picked":"Grand Finale","floor":16},{"not_picked":["All Out Attack+1","Poisoned Stab"],"picked":"Quick Slash","floor":18},{"not_picked":["Outmaneuver","Sucker Punch"],"picked":"Acrobatics+1","floor":19},{"not_picked":["Dagger Spray+1","Bouncing Flask"],"picked":"Tactician","floor":20},{"not_picked":["Crippling Poison","Flying Knee"],"picked":"Finisher","floor":23},{"not_picked":["Blade Dance","Noxious Fumes"],"picked":"Quick Slash","floor":25}],"player_experience":134288,"relics_obtained":[{"floor":6,"key":"Orichalcum"},{"floor":8,"key":"Pantograph"},{"floor":9,"key":"Bronze Scales"},{"floor":11,"key":"Singing Bowl"},{"floor":20,"key":"WingedGreaves"},{"floor":20,"key":"Ninja Scroll"},{"floor":23,"key":"Matryoshka"},{"floor":25,"key":"Darkstone Periapt"},{"floor":26,"key":"Vajra"},{"floor":26,"key":"Tiny Chest"}],"event_choices":[{"damage_healed":0,"gold_gain":0,"player_choice":"Grow","damage_taken":0,"max_hp_gain":0,"max_hp_loss":0,"event_name":"Living Wall","floor":2,"gold_loss":0,"cards_upgraded":["Leg Sweep"]},{"cards_removed":["Strike_G"],"damage_healed":0,"gold_gain":0,"player_choice":"Card Removal","damage_taken":7,"max_hp_gain":0,"max_hp_loss":0,"event_name":"Golden Wing","floor":5,"gold_loss":0},{"damage_healed":0,"gold_gain":0,"player_choice":"Entered Light","damage_taken":14,"max_hp_gain":0,"max_hp_loss":0,"event_name":"Shining Light","floor":13,"gold_loss":0,"cards_upgraded":["Defend_G","Infinite Blades"]},{"damage_healed":0,"gold_gain":0,"player_choice":"Fight","damage_taken":0,"max_hp_gain":0,"max_hp_loss":0,"event_name":"Colosseum","floor":20,"gold_loss":0},{"damage_healed":0,"gold_gain":0,"player_choice":"Fought Nobs","damage_taken":0,"max_hp_gain":0,"max_hp_loss":0,"event_name":"Colosseum","floor":20,"gold_loss":0},{"damage_healed":0,"gold_gain":0,"player_choice":"Became a Ghost","damage_taken":0,"max_hp_gain":0,"max_hp_loss":36,"event_name":"Ghosts","floor":22,"gold_loss":0,"cards_obtained":["Ghostly","Ghostly","Ghostly","Ghostly","Ghostly"]},{"damage_healed":0,"gold_gain":0,"player_choice":"Shed Blood","damage_taken":9,"max_hp_gain":5,"max_hp_loss":0,"event_name":"Forgotten Altar","floor":24,"gold_loss":0}],"is_beta":false,"boss_relics":[{"not_picked":["Velvet Choker","Snecko Eye"],"picked":"WristBlade"}],"items_purged_floors":[21],"is_endless":false,"potions_floor_spawned":[3,11,12,16,19,25],"killed_by":"Gremlin Leader","ascension_level":1}