{"path_per_floor":["M","?","$","?","M","R","M","E","T","R","?","$","M","M","R","B",null,"M","$","M","M","?","M","R","M","T","?","M","R","E","?","R"],"character_chosen":"IRONCLAD","items_purchased":["Energy Potion","Fire Potion","Flex"],"gold_per_floor":[115,115,40,40,58,58,73,99,124,124,124,24,36,48,48,153,153,169,22,36,56,56,74,74,88,111,111,125,125,159,159,159],"floor_reached":33,"campfire_rested":2,"playtime":869,"current_hp_per_floor":[66,41,41,34,40,40,40,20,20,44,44,44,46,54,78,11,80,76,76,71,73,73,51,51,58,58,58,67,67,54,54,54],"items_purged":["Decay","Strike_R"],"gold":159,"score":293,"play_id":"42222f37-df19-4635-a501-2050d975651c","local_time":"20180303163548","is_prod":false,"is_daily":false,"is_ascension_mode":false,"campfire_upgraded":2,"timestamp":1520091348,"path_taken":["M","?","$","?","M","R","M","E","T","R","?","$","M","M","R","BOSS","M","$","M","?","?","?","R","M","T","?","M","R","E","?","R","BOSS"],"build_version":"2018-03-01-PROD1","purchased_purges":2,"victory":false,"master_deck":["Defend_R","Defend_R","Defend_R","Bash","Thunderclap","Cleave","Whirlwind+1","Double Tap","Flex","Bite","Bite","Bite","Bite","Bite","Whirlwind+1","Offering+1"],"max_hp_per_floor":[80,80,80,80,80,80,80,80,80,80,80,80,80,80,80,80,80,80,80,80,80,80,80,80,80,80,80,80,80,80,80,80],"relics":["Burning Blood","Girya","Darkstone Periapt","Bag of Preparation","Mark of Pain","Bag of Marbles","Anchor"],"card_choices":[{"not_picked":["Uppercut","Perfected Strike"],"picked":"Thunderclap"},{"not_picked":["Exhume","Inflame"],"picked":"Cleave"},{"not_picked":["Flex","Warcry"],"picked":"Whirlwind"},{"not_picked":["Fiend Fire","Exhume"],"picked":"Double Tap"},{"not_picked":["Fire Breathing","Havoc"],"picked":"Whirlwind"},{"not_picked":["Infernal Blade","Cleave"],"picked":"Offering"}],"player_experience":185403,"potions_floor_usage":[8,16,16,16,20,30,33],"damage_taken":[{"damage":20,"enemies":"Jaw Worm","floor":1,"turns":4},{"damage":0,"enemies":"Small Slimes","floor":5,"turns":2},{"damage":6,"enemies":"2 Louse","floor":7,"turns":2},{"damage":26,"enemies":"Lagavulin","floor":8,"turns":5},{"damage":6,"enemies":"2 Fungi Beasts","floor":13,"turns":2},{"damage":0,"enemies":"3 Louse","floor":14,"turns":1},{"damage":75,"enemies":"Hexaghost","floor":16,"turns":8},{"damage":10,"enemies":"Chosen","floor":18,"turns":3},{"damage":13,"enemies":"Shell Parasite","floor":20,"turns":3},{"damage":6,"enemies":"3 Cultists","floor":21,"turns":3},{"damage":39,"enemies":"Snake Plant","floor":23,"turns":4},{"damage":5,"enemies":"Cultist and Chosen","floor":25,"turns":3},{"damage":1,"enemies":"3 Cultists","floor":28,"turns":3},{"damage":19,"enemies":"Slavers","floor":30,"turns":3},{"damage":79,"enemies":"Champ","floor":33,"turns":5}],"event_choices":[{"event_name":"Scrap Ooze","player_choice":"success","floor":2,"damage_taken":25},{"event_name":"Golden Wing","player_choice":"Card Removal","floor":4,"damage_taken":0},{"event_name":"Shining Light","player_choice":"Ignored","floor":11,"damage_taken":0},{"event_name":"Vampires","player_choice":"Became a vampire (Vial)","floor":22,"damage_taken":0},{"event_name":"Drug Dealer","player_choice":"Ignored","floor":27,"damage_taken":0},{"event_name":"Accursed Blacksmith","player_choice":"Forge","floor":31,"damage_taken":0}],"boss_relics":[{"not_picked":["Question Card","Pandora\u0027s Box"],"picked":"Mark of Pain"}],"potions_floor_spawned":[5,7,13,18,20,21,25],"seed_played":"-8031481172833403710","killed_by":"Champ","ascension_level":0,"is_trial":false}