{"gold_per_floor":[360,376,394,344,161,195,195,230,230,230,230,26,39,39,39,140,140,152,252,252,252,252,252,285,37,62,62,262,273,302,315,315,416,416,429,440,515,535,61,61,75,35,35,35,35,66,66,81,81,81,81,81,5,40,40],"floor_reached":55,"playtime":2862,"items_purged":["Strike_B","Strike_B+1"],"score":775,"play_id":"f29541df-3750-4b63-b14c-472eef2265a7","local_time":"20190214003018","is_ascension_mode":true,"campfire_choices":[{"floor":7,"key":"REST"},{"data":"Zap","floor":10,"key":"SMITH"},{"floor":15,"key":"REST"},{"floor":23,"key":"REST"},{"data":"Dualcast","floor":27,"key":"SMITH"},{"data":"Defragment","floor":32,"key":"SMITH"},{"data":"Buffer","floor":40,"key":"SMITH"},{"data":"1","floor":44,"key":"LIFT"},{"floor":47,"key":"RECALL"},{"data":"2","floor":49,"key":"LIFT"},{"data":"3","floor":52,"key":"LIFT"}],"neow_cost":"PERCENT_DAMAGE","seed_source_timestamp":21535256165339,"circlet_count":0,"master_deck":["Defend_B+1","Defend_B+1","Defend_B+1","Defend_B+1","Zap+1","Dualcast+1","Ball Lightning","Gash","Go for the Eyes","FTL","Defragment+1","BootSequence","Self Repair+1","Gash","Loop+1","All For One","Ball Lightning","Gash","Self Repair+1","Go for the Eyes","Beam Cell","Rebound+1","Stack+1","Rebound+1","Buffer+1","Coolheaded+1","Leap+1","Conserve Battery+1","Electrodynamics","Coolheaded+1","FTL+1"],"relics":["Cracked Core","Meat on the Bone","Oddly Smooth Stone","Shuriken","Juzu Bracelet","Bottled Tornado","Philosopher\u0027s Stone","Thread and Needle","Ornamental Fan","Regal Pillow","Pantograph","DataDisk","Boot","Toxic Egg 2","Nuclear Battery","Girya","Ancient Tea Set","Lantern"],"potions_floor_usage":[8,19,19,33,46,50,55,55],"damage_taken":[{"damage":1,"enemies":"Cultist","floor":1,"turns":3},{"damage":1,"enemies":"Jaw Worm","floor":2,"turns":2},{"damage":0,"enemies":"2 Louse","floor":3,"turns":2},{"damage":21,"enemies":"Gremlin Nob","floor":6,"turns":4},{"damage":0,"enemies":"3 Sentries","floor":8,"turns":6},{"damage":7,"enemies":"2 Fungi Beasts","floor":13,"turns":3},{"damage":20,"enemies":"Hexaghost","floor":16,"turns":8},{"damage":5,"enemies":"Spheric Guardian","floor":18,"turns":3},{"damage":9,"enemies":"Colosseum Slavers","floor":19,"turns":3},{"damage":17,"enemies":"Colosseum Nobs","floor":19,"turns":3},{"damage":9,"enemies":"Book of Stabbing","floor":24,"turns":4},{"damage":0,"enemies":"Shell Parasite","floor":29,"turns":3},{"damage":44,"enemies":"Slavers","floor":30,"turns":4},{"damage":0,"enemies":"Shelled Parasite and Fungi","floor":31,"turns":3},{"damage":22,"enemies":"Champ","floor":33,"turns":8},{"damage":28,"enemies":"3 Darklings","floor":35,"turns":6},{"damage":0,"enemies":"Orb Walker","floor":36,"turns":3},{"damage":0,"enemies":"Sphere and 2 Shapes","floor":38,"turns":4},{"damage":0,"enemies":"3 Darklings","floor":41,"turns":4},{"damage":11,"enemies":"Reptomancer","floor":46,"turns":6},{"damage":0,"enemies":"Transient","floor":48,"turns":5},{"damage":22,"enemies":"Donu and Deca","floor":50,"turns":8},{"damage":38,"enemies":"Shield and Spear","floor":54,"turns":5},{"damage":82,"enemies":"The Heart","floor":55,"turns":3}],"seed_played":"2889271584866819470","potions_obtained":[{"floor":6,"key":"Fire Potion"},{"floor":8,"key":"Strength Potion"},{"floor":13,"key":"SpeedPotion"},{"floor":16,"key":"PowerPotion"},{"floor":29,"key":"Strength Potion"},{"floor":33,"key":"Explosive Potion"},{"floor":38,"key":"Weak Potion"},{"floor":46,"key":"Swift Potion"},{"floor":48,"key":"PowerPotion"}],"is_trial":false,"path_per_floor":["M","M","M","?","$","E","R","E","T","R","?","$","M","T","R","B",null,"M","?","?","?","?","R","E","$","T","R","?","M","E","M","R","B",null,"M","M","?","M","$","R","M","?","T","R","$","E","R","M","R","B",null,"R","$","E","B"],"character_chosen":"DEFECT","items_purchased":["FTL","Defragment","Gash","Juzu Bracelet","Go for the Eyes","Beam Cell","DataDisk","Girya","Leap+1","Conserve Battery+1","Coolheaded+1","Poison Potion"],"campfire_rested":3,"item_purchase_floors":[5,5,12,12,25,25,25,39,39,39,53,53],"current_hp_per_floor":[53,52,52,52,52,31,53,53,53,53,46,46,46,46,68,55,75,75,63,49,49,49,80,78,78,78,78,78,80,65,65,65,75,80,69,76,68,80,80,80,80,80,80,80,80,80,80,80,80,78,80,80,80,62,0],"gold":40,"neow_bonus":"TWO_FIFTY_GOLD","is_prod":false,"is_daily":false,"chose_seed":false,"campfire_upgraded":4,"win_rate":0,"timestamp":1550125818,"path_taken":["M","M","?","?","?","E","R","E","T","R","?","$","M","?","R","BOSS","M","?","?","?","?","R","E","?","T","R","?","M","E","M","R","BOSS","M","M","?","M","$","R","M","?","T","R","$","E","R","M","R","BOSS","R","$","E","BOSS"],"build_version":"2019-01-23","purchased_purges":2,"victory":false,"max_hp_per_floor":[75,75,75,75,75,75,75,75,75,75,75,75,75,75,75,75,75,75,75,80,80,80,80,80,80,80,80,80,80,80,80,80,80,80,80,80,80,80,80,80,80,80,80,80,80,80,80,80,80,80,80,80,80,80,80],"card_choices":[{"not_picked":["Barrage","Blizzard"],"picked":"Ball Lightning","floor":1},{"not_picked":["Barrage","Auto Shields"],"picked":"Gash","floor":2},{"not_picked":["Leap","Turbo"],"picked":"Go for the Eyes","floor":3},{"not_picked":["Sweeping Beam","Meteor Strike"],"picked":"BootSequence","floor":6},{"not_picked":["Rip and Tear","Go for the Eyes"],"picked":"Self Repair","floor":8},{"not_picked":["Stack","Rip and Tear"],"picked":"Loop","floor":13},{"not_picked":["Creative AI","Core Surge"],"picked":"All For One","floor":16},{"not_picked":["Doom and Gloom","Genetic Algorithm"],"picked":"Ball Lightning","floor":18},{"not_picked":["Heatsinks","Scrape+1"],"picked":"Gash","floor":19},{"not_picked":["Streamline","Beam Cell"],"picked":"Self Repair+1","floor":24},{"not_picked":["Barrage+1","Tempest"],"picked":"Rebound+1","floor":29},{"not_picked":["Sunder+1","Steam+1"],"picked":"Stack","floor":30},{"not_picked":["Stack+1","Streamline"],"picked":"Rebound+1","floor":31},{"not_picked":["Thunder Strike","Multi-Cast+1"],"picked":"Buffer","floor":33},{"not_picked":["Stack+1","Leap+1"],"picked":"Coolheaded+1","floor":35},{"not_picked":["Recycle+1","Turbo+1","Barrage"],"picked":"SKIP","floor":36},{"not_picked":["Rebound","Steam Power+1","Ball Lightning+1"],"picked":"SKIP","floor":38},{"not_picked":["Rebound+1","Barrage","Blizzard"],"picked":"SKIP","floor":41},{"not_picked":["Hello World+1","Beam Cell+1"],"picked":"Electrodynamics","floor":46},{"not_picked":["Darkness+1","Reprogram+1","Ball Lightning"],"picked":"SKIP","floor":48},{"not_picked":["Tempest+1","Undo+1"],"picked":"FTL+1","floor":54}],"player_experience":92378,"relics_obtained":[{"floor":6,"key":"Meat on the Bone"},{"floor":8,"key":"Oddly Smooth Stone"},{"floor":9,"key":"Shuriken"},{"floor":14,"key":"Bottled Tornado"},{"floor":19,"key":"Thread and Needle"},{"floor":19,"key":"Ornamental Fan"},{"floor":24,"key":"Pantograph"},{"floor":26,"key":"Boot"},{"floor":30,"key":"Toxic Egg 2"},{"floor":46,"key":"Ancient Tea Set"},{"floor":54,"key":"Lantern"}],"event_choices":[{"cards_removed":["Strike_B"],"damage_healed":0,"gold_gain":0,"player_choice":"Card Removal","damage_taken":0,"max_hp_gain":0,"max_hp_loss":0,"event_name":"The Cleric","floor":4,"gold_loss":50},{"cards_removed":["Strike_B"],"damage_healed":0,"gold_gain":0,"player_choice":"Card Removal","damage_taken":7,"max_hp_gain":0,"max_hp_loss":0,"event_name":"Golden Wing","floor":11,"gold_loss":0},{"damage_healed":0,"gold_gain":0,"player_choice":"Fight","damage_taken":0,"max_hp_gain":0,"max_hp_loss":0,"event_name":"Colosseum","floor":19,"gold_loss":0},{"damage_healed":0,"gold_gain":0,"player_choice":"Fought Nobs","damage_taken":0,"max_hp_gain":0,"max_hp_loss":0,"event_name":"Colosseum","floor":19,"gold_loss":0},{"damage_healed":0,"gold_gain":0,"player_choice":"Shed Blood","damage_taken":19,"max_hp_gain":5,"max_hp_loss":0,"event_name":"Forgotten Altar","floor":20,"gold_loss":0},{"damage_healed":0,"gold_gain":0,"player_choice":"Simplicity","damage_taken":0,"max_hp_gain":0,"max_hp_loss":0,"event_name":"Back to Basics","floor":21,"gold_loss":0,"cards_upgraded":["Strike_B","Defend_B","Defend_B","Defend_B","Defend_B"]},{"damage_healed":0,"gold_gain":0,"player_choice":"Opened","damage_taken":0,"relics_obtained":["Regal Pillow"],"max_hp_gain":0,"max_hp_loss":0,"event_name":"The Mausoleum","floor":22,"gold_loss":0},{"damage_healed":0,"gold_gain":200,"player_choice":"Gold","damage_taken":0,"max_hp_gain":0,"max_hp_loss":0,"event_name":"Wheel of Change","floor":28,"gold_loss":0},{"damage_healed":0,"gold_gain":75,"player_choice":"Touch","damage_taken":8,"max_hp_gain":0,"max_hp_loss":0,"event_name":"FaceTrader","floor":37,"gold_loss":0},{"damage_healed":0,"gold_gain":0,"player_choice":"Upgraded Two","damage_taken":0,"max_hp_gain":0,"max_hp_loss":0,"event_name":"Designer","floor":42,"gold_loss":40,"cards_upgraded":["Loop","Self Repair"]}],"is_beta":false,"boss_relics":[{"not_picked":["Ectoplasm","FrozenCore"],"picked":"Philosopher\u0027s Stone"},{"not_picked":["Pandora\u0027s Box","Fusion Hammer"],"picked":"Nuclear Battery"}],"items_purged_floors":[5,39],"is_endless":false,"potions_floor_spawned":[6,8,13,16,19,29,33,38,46,48],"killed_by":"The Heart","ascension_level":1}