{"gold_per_floor":[113,113,129,54,54,54,54,81,105,122,136,136,162,182,182,260,260,272,287,337,347,36,67,67,86,86,33,44,79,93,6,6,83,83,96,96,144,144,8,8,33,133,179,179,194,224,243,243,243,243,243,243,243,12,43,43],"floor_reached":57,"playtime":2587,"items_purged":["Strike_G"],"score":2841,"play_id":"831ce9bc-92fb-43c8-b4bb-67932a36e777","local_time":"20190209165943","is_ascension_mode":true,"campfire_choices":[{"data":"Poisoned Stab","floor":6.0,"key":"SMITH"},{"data":"Footwork","floor":15.0,"key":"SMITH"},{"floor":24.0,"key":"REST"},{"floor":32.0,"key":"REST"},{"floor":40.0,"key":"REST"},{"floor":44,"key":"REST"},{"floor":49,"key":"RECALL"},{"floor":53,"key":"REST"}],"neow_cost":"NONE","seed_source_timestamp":0,"circlet_count":0,"master_deck":["AscendersBane","Defend_G","Defend_G","Defend_G","Defend_G","Defend_G","Strike_G","Strike_G","Strike_G","Survivor","Neutralize+1","Poisoned Stab+1","Deadly Poison","Cloak And Dagger","Die Die Die","Footwork+1","Blur","Envenom","Catalyst","Well Laid Plans+1","Backstab","Glass Knife","Backstab","Catalyst","PiercingWail+1","Infinite Blades","Wraith Form v2","Corpse Explosion","Noxious Fumes","Crippling Poison","Apotheosis","Bullet Time","Leg Sweep","Predator","Backflip+1","Backflip+1","Calculated Gamble","PiercingWail"],"special_seed":0,"relics":["Ring of the Snake","NeowsBlessing","Vajra","Question Card","Regal Pillow","Mango","Bag of Preparation","White Beast Statue","Membership Card","Nunchaku","Mercury Hourglass","Ginger","Ornamental Fan","Snecko Eye","Pocketwatch","Anchor","Prayer Wheel","Centennial Puzzle","PreservedInsect","Tingsha","Shuriken"],"potions_floor_usage":[51,56,56],"damage_taken":[{"damage":0.0,"enemies":"2 Louse","floor":1.0,"turns":1.0},{"damage":0.0,"enemies":"Jaw Worm","floor":3.0,"turns":1.0},{"damage":0.0,"enemies":"Lagavulin","floor":8.0,"turns":1.0},{"damage":0.0,"enemies":"Cultist","floor":10.0,"turns":2.0},{"damage":0.0,"enemies":"Exordium Wildlife","floor":11.0,"turns":3.0},{"damage":0.0,"enemies":"Gremlin Nob","floor":13.0,"turns":3.0},{"damage":1.0,"enemies":"Blue Slaver","floor":14.0,"turns":3.0},{"damage":3.0,"enemies":"The Guardian","floor":16.0,"turns":11.0},{"damage":10.0,"enemies":"Spheric Guardian","floor":18.0,"turns":6.0},{"damage":0.0,"enemies":"Shell Parasite","floor":19.0,"turns":9.0},{"damage":18.0,"enemies":"Cultist and Chosen","floor":21.0,"turns":7.0},{"damage":22.0,"enemies":"Slavers","floor":23.0,"turns":6.0},{"damage":24.0,"enemies":"Snake Plant","floor":25.0,"turns":3.0},{"damage":6.0,"enemies":"Centurion and Healer","floor":28.0,"turns":6.0},{"damage":26.0,"enemies":"Gremlin Leader","floor":29.0,"turns":4.0},{"damage":5.0,"enemies":"3 Cultists","floor":30.0,"turns":4.0},{"damage":43.0,"enemies":"Collector","floor":33.0,"turns":9.0},{"damage":33.0,"enemies":"3 Darklings","floor":35.0,"turns":3.0},{"damage":28.0,"enemies":"2 Orb Walkers","floor":37.0,"turns":2.0},{"damage":13,"enemies":"Reptomancer","floor":41,"turns":5},{"damage":0,"enemies":"Mind Bloom Boss Battle","floor":42,"turns":3},{"damage":0,"enemies":"Orb Walker","floor":45,"turns":3},{"damage":1,"enemies":"Nemesis","floor":46,"turns":3},{"damage":0,"enemies":"3 Darklings","floor":47,"turns":3},{"damage":8,"enemies":"Donu and Deca","floor":50,"turns":5},{"damage":49,"enemies":"Time Eater","floor":51,"turns":12},{"damage":8,"enemies":"Shield and Spear","floor":55,"turns":3},{"damage":70,"enemies":"The Heart","floor":56,"turns":9}],"seed_played":"-900042333532530903","potions_obtained":[{"floor":11.0,"key":"Weak Potion"},{"floor":13.0,"key":"Swift Potion"},{"floor":18.0,"key":"Explosive Potion"},{"floor":19.0,"key":"PowerPotion"},{"floor":21.0,"key":"Poison Potion"},{"floor":23.0,"key":"PowerPotion"},{"floor":25.0,"key":"Weak Potion"},{"floor":28.0,"key":"Block Potion"},{"floor":29.0,"key":"Regen Potion"},{"floor":30.0,"key":"GhostInAJar"},{"floor":33.0,"key":"SteroidPotion"},{"floor":35.0,"key":"Explosive Potion"},{"floor":37.0,"key":"SpeedPotion"},{"floor":45,"key":"PowerPotion"}],"is_trial":false,"path_per_floor":["M","$","M","?","?","R","?","E","T","M","M","T","E","M","R","B",null,"M","M","?","M","$","E","R","M","T","?","M","E","M","$","R","B",null,"M","?","?","T","$","R","E","?","T","R","M","E","M","?","R","B","B",null,"R","$","E","B",null],"character_chosen":"THE_SILENT","items_purchased":["Membership Card","Glass Knife","Wraith Form v2","Apotheosis","SteroidPotion","Tingsha","Calculated Gamble","PowerPotion"],"campfire_rested":5,"item_purchase_floors":[22,22,31,39,39,54,54,54],"current_hp_per_floor":[59,59,59,59,54,54,34,34,34,34,34,48,48,47,47,44,71,61,61,61,43,43,21,60,36,36,36,30,4,11,11,50,7,62,29,29,1,1,1,40,27,27,27,66,66,65,65,65,65,57,8,62,80,80,72,2],"gold":43,"neow_bonus":"THREE_ENEMY_KILL","is_prod":false,"is_daily":false,"chose_seed":false,"campfire_upgraded":2,"win_rate":0,"timestamp":1549727983,"path_taken":["M","$","M","?","?","R","?","E","T","?","M","?","E","M","R","BOSS","M","M","?","M","$","E","R","M","T","?","?","E","M","$","R","BOSS","M","?","?","?","$","R","E","?","T","R","M","E","?","?","R","BOSS","BOSS","R","$","E","BOSS"],"build_version":"2019-01-23","purchased_purges":1,"victory":true,"max_hp_per_floor":[66,66,66,66,66,66,66,66,66,66,66,80,80,80,80,80,80,80,80,80,80,80,80,80,80,80,80,80,80,80,80,80,80,80,80,80,80,80,80,80,80,80,80,80,80,80,80,80,80,80,80,80,80,80,80,80],"card_choices":[{"not_picked":["PiercingWail","Underhanded Strike"],"picked":"Backstab","floor":1.0},{"not_picked":["Blade Dance","Dagger Spray"],"picked":"Poisoned Stab","floor":3.0},{"not_picked":["Predator","Deflect"],"picked":"Deadly Poison","floor":8.0},{"not_picked":["Prepared","Dodge and Roll","Slice"],"picked":"Cloak And Dagger","floor":10.0},{"not_picked":["Bouncing Flask","Flying Knee","Bane"],"picked":"Die Die Die","floor":11.0},{"not_picked":["Slice","Grand Finale","Underhanded Strike"],"picked":"Footwork","floor":13.0},{"not_picked":["Masterful Stab","Deflect","Slice"],"picked":"Blur","floor":14.0},{"not_picked":["Grand Finale","Tools of the Trade","Burst"],"picked":"Envenom","floor":16.0},{"not_picked":["Heel Hook","Distraction","PiercingWail"],"picked":"Catalyst","floor":18.0},{"not_picked":["Calculated Gamble","Outmaneuver","Dagger Spray"],"picked":"Well Laid Plans+1","floor":19.0},{"not_picked":["Bane","Phantasmal Killer","Slice"],"picked":"Backstab","floor":21.0},{"not_picked":["Reflex","Predator","Calculated Gamble"],"picked":"Backstab","floor":23.0},{"not_picked":["Blade Dance","Dagger Spray","Dagger Throw"],"picked":"Catalyst","floor":25.0},{"not_picked":["Deflect","Quick Slash","Masterful Stab","Blade Dance"],"picked":"SKIP","floor":28.0},{"not_picked":["Blade Dance","Flying Knee","Bane"],"picked":"PiercingWail+1","floor":29.0},{"not_picked":["Tactician","Bouncing Flask+1","Slice"],"picked":"Infinite Blades","floor":30.0},{"not_picked":["Burst","Doppelganger","Glass Knife"],"picked":"Corpse Explosion","floor":33.0},{"not_picked":["Dodge and Roll","Dagger Throw","Leg Sweep"],"picked":"Noxious Fumes","floor":35.0},{"not_picked":["Slice","Acrobatics","Outmaneuver"],"picked":"Crippling Poison","floor":37.0},{"not_picked":["Backstab","Dodge and Roll","Underhanded Strike"],"picked":"Bullet Time","floor":41},{"not_picked":["Underhanded Strike","Die Die Die","PiercingWail"],"picked":"Leg Sweep","floor":45},{"not_picked":["Reflex","Choke+1","Blade Dance"],"picked":"Predator","floor":45},{"not_picked":["Dagger Throw","Outmaneuver","Distraction"],"picked":"Backflip+1","floor":46},{"not_picked":["Finisher+1","Dagger Spray","Endless Agony"],"picked":"Backflip+1","floor":47},{"not_picked":["Endless Agony+1","Tactician+1","Deflect","Well Laid Plans+1"],"picked":"SKIP","floor":47},{"not_picked":["Endless Agony+1","Tactician+1","Deflect","Well Laid Plans+1"],"picked":"SKIP","floor":47},{"not_picked":["Flying Knee","Flechettes+1","Slice"],"picked":"PiercingWail","floor":55}],"player_experience":1953043,"relics_obtained":[{"floor":8.0,"key":"Question Card"},{"floor":9.0,"key":"Regal Pillow"},{"floor":12.0,"key":"Mango"},{"floor":13.0,"key":"Bag of Preparation"},{"floor":23.0,"key":"Nunchaku"},{"floor":26.0,"key":"Mercury Hourglass"},{"floor":29.0,"key":"Ornamental Fan"},{"floor":37.0,"key":"Pocketwatch"},{"floor":41,"key":"Anchor"},{"floor":42,"key":"Prayer Wheel"},{"floor":43,"key":"Centennial Puzzle"},{"floor":46,"key":"PreservedInsect"},{"floor":55,"key":"Shuriken"}],"event_choices":[{"cards_removed":["Strike_G"],"damage_healed":0.0,"max_hp_gain":0.0,"max_hp_loss":0.0,"gold_gain":0.0,"event_name":"The Cleric","player_choice":"Card Removal","floor":4.0,"gold_loss":75.0,"damage_taken":0.0},{"damage_healed":0.0,"max_hp_gain":0.0,"max_hp_loss":0.0,"gold_gain":0.0,"event_name":"Scrap Ooze","player_choice":"Success","floor":5.0,"gold_loss":0.0,"damage_taken":5.0,"relics_obtained":["Vajra"]},{"damage_healed":0.0,"max_hp_gain":0.0,"max_hp_loss":0.0,"gold_gain":0.0,"event_name":"Shining Light","player_choice":"Entered Light","floor":7.0,"gold_loss":0.0,"damage_taken":20.0,"cards_upgraded":["Neutralize","Backstab"]},{"damage_healed":0.0,"max_hp_gain":0.0,"max_hp_loss":0.0,"gold_gain":50.0,"event_name":"Nest","player_choice":"Stole From Cult","floor":20.0,"gold_loss":0.0,"damage_taken":0.0},{"damage_healed":0.0,"max_hp_gain":0.0,"max_hp_loss":0.0,"gold_gain":0.0,"event_name":"WeMeetAgain","player_choice":"Paid Gold","floor":27.0,"gold_loss":53.0,"damage_taken":0.0,"relics_obtained":["Ginger"]},{"damage_healed":0.0,"max_hp_gain":0.0,"max_hp_loss":0.0,"gold_gain":0.0,"event_name":"SensoryStone","player_choice":"Memory 1","floor":36.0,"gold_loss":0.0,"damage_taken":0.0},{"damage_healed":0.0,"max_hp_gain":0.0,"max_hp_loss":0.0,"gold_gain":0.0,"event_name":"Mysterious Sphere","player_choice":"Fight","floor":37.0,"gold_loss":0.0,"damage_taken":0.0},{"damage_healed":0,"gold_gain":0,"player_choice":"Fight","damage_taken":0,"max_hp_gain":0,"max_hp_loss":0,"event_name":"MindBloom","floor":42,"gold_loss":0},{"cards_removed":["Backstab"],"damage_healed":0,"gold_gain":0,"player_choice":"Removed Attack","damage_taken":0,"max_hp_gain":0,"max_hp_loss":0,"event_name":"Falling","floor":48,"gold_loss":0}],"is_beta":false,"boss_relics":[{"not_picked":["Busted Crown","Pandora\u0027s Box"],"picked":"White Beast Statue"},{"not_picked":["Orrery","Black Star"],"picked":"Snecko Eye"}],"items_purged_floors":[22],"is_endless":false,"potions_floor_spawned":[11,13,16,18,19,21,23,25,28,29,30,33,35,37,41,42,45,46,47,55],"ascension_level":20}