{"path_per_floor":["M","?","?","M","M","R","E","R","T","R","?","$","E","M","R","B",null,"M","M","?","?","?","R","$","E","T","M","?","M","$","M","R","B",null,"M","M","?","?","M","R","E","R","T","E","$","?","E","M","R","B"],"character_chosen":"IRONCLAD","items_purchased":["Feel No Pain","Reckless Charge","Evolve","Dead Branch","Bottled Flame"],"gold_per_floor":[115,215,215,228,241,241,280,280,280,280,280,164,195,218,218,337,337,327,343,343,343,343,343,198,236,316,330,330,353,65,88,88,214,214,229,248,306,306,321,321,357,357,357,395,137,0,43,64,64,64],"floor_reached":51,"campfire_rested":0,"playtime":2199,"current_hp_per_floor":[80,80,80,80,80,80,62,62,62,62,62,62,55,61,61,9,80,72,54,81,81,81,81,81,86,86,83,83,86,86,88,88,92,92,96,96,57,57,99,99,89,89,89,93,93,93,109,109,109,83],"items_purged":["Writhe"],"gold":64,"score":811,"play_id":"6cc7a0ad-bae0-440b-8603-7d1a778ef4d2","local_time":"20180504022113","is_prod":false,"is_daily":false,"chose_seed":false,"is_ascension_mode":false,"campfire_upgraded":9,"timestamp":1525393273,"path_taken":["M","?","?","M","M","R","E","R","T","R","?","?","E","M","R","BOSS","M","M","?","?","?","R","$","E","T","M","?","M","$","M","R","BOSS","M","M","?","?","M","R","E","R","T","E","$","?","E","M","R","BOSS"],"build_version":"2018-05-02","seed_source_timestamp":0,"purchased_purges":1,"victory":true,"master_deck":["Strike_R+1","Strike_R+1","Strike_R+1","Strike_R+1","Defend_R+1","Defend_R+1","Defend_R+1","Defend_R+1","Bash","Double Tap+1","Sword Boomerang","Injury","Perfected Strike+1","Clothesline+1","Reaper+1","Feel No Pain+1","Reckless Charge","Havoc","Whirlwind+1","Feed","Armaments+1","Evolve+1","Demon Form+1","Exhume","Shockwave+1","Reaper+1","Body Slam+1","Burning Pact+1","Heavy Blade+1","Sentinel","Seeing Red+1","Havoc+1"],"max_hp_per_floor":[80,80,80,80,80,80,80,80,80,80,80,80,80,80,80,80,80,83,83,83,83,83,83,83,86,86,89,89,89,89,92,92,92,92,96,96,96,96,99,99,99,99,99,109,109,109,109,109,109,109],"relics":["Burning Blood","Golden Idol","Bottled Lightning","Centennial Puzzle","Juzu Bracelet","Mark of Pain","Happy Flower","Turnip","Blue Candle","Dead Branch","Sozu","Peace Pipe","Ornamental Fan","Magic Flower","Pear","Bottled Flame","Red Mask","Du-Vu Doll"],"card_choices":[{"not_picked":["Clash","Body Slam"],"picked":"Sword Boomerang","floor":1.0},{"not_picked":["Anger","Sever Soul"],"picked":"Perfected Strike","floor":4.0},{"not_picked":["Body Slam","Twin Strike"],"picked":"Clothesline","floor":5.0},{"not_picked":["Second Wind","Clash"],"picked":"Reaper","floor":7.0},{"not_picked":["Searing Blow","Thunderclap"],"picked":"Havoc","floor":13.0},{"not_picked":["Seeing Red","Disarm"],"picked":"Whirlwind","floor":14.0},{"not_picked":["Barricade","Double Tap"],"picked":"Feed","floor":16.0},{"not_picked":["Carnage","Warcry"],"picked":"Armaments","floor":18},{"not_picked":["Battle Trance","Flame Barrier"],"picked":"Demon Form","floor":25},{"not_picked":["Thunderclap","Evolve"],"picked":"Shockwave","floor":31},{"not_picked":["Fiend Fire","Berserk"],"picked":"Reaper","floor":33},{"not_picked":["Cleave","Warcry"],"picked":"Body Slam","floor":35},{"not_picked":["Evolve","Twin Strike"],"picked":"Burning Pact","floor":36},{"not_picked":["Shrug It Off","Headbutt"],"picked":"Heavy Blade","floor":37},{"not_picked":["Shrug It Off","Uppercut"],"picked":"Sentinel","floor":41},{"not_picked":["Cleave","Heavy Blade"],"picked":"Seeing Red","floor":44},{"not_picked":["Shrug It Off","Warcry"],"picked":"Havoc","floor":48}],"player_experience":636473,"potions_floor_usage":[36,41],"damage_taken":[{"damage":0.0,"enemies":"2 Louse","floor":1.0,"turns":3.0},{"damage":1.0,"enemies":"Cultist","floor":4.0,"turns":3.0},{"damage":0.0,"enemies":"Small Slimes","floor":5.0,"turns":3.0},{"damage":24.0,"enemies":"Gremlin Nob","floor":7.0,"turns":4.0},{"damage":18.0,"enemies":"Lagavulin","floor":13.0,"turns":5.0},{"damage":0.0,"enemies":"2 Fungi Beasts","floor":14.0,"turns":2.0},{"damage":63.0,"enemies":"Hexaghost","floor":16.0,"turns":14.0},{"damage":22,"enemies":"2 Thieves","floor":18,"turns":4},{"damage":31,"enemies":"Shell Parasite","floor":19,"turns":5},{"damage":9,"enemies":"Slavers","floor":25,"turns":4},{"damage":12,"enemies":"3 Cultists","floor":27,"turns":3},{"damage":3,"enemies":"Snake Plant","floor":29,"turns":3},{"damage":7,"enemies":"Chosen and Byrds","floor":31,"turns":7},{"damage":7,"enemies":"Collector","floor":33,"turns":6},{"damage":15,"enemies":"3 Darklings","floor":35,"turns":4},{"damage":64,"enemies":"Flame Bruiser 1 Orb","floor":36,"turns":11},{"damage":61,"enemies":"Mysterious Sphere","floor":37,"turns":8},{"damage":14,"enemies":"Sphere and 2 Shapes","floor":39,"turns":4},{"damage":38,"enemies":"Nemesis","floor":41,"turns":7},{"damage":26,"enemies":"2 Orb Walkers","floor":44,"turns":4},{"damage":22,"enemies":"Nemesis","floor":47,"turns":9},{"damage":13,"enemies":"Maw","floor":48,"turns":5},{"damage":89,"enemies":"Awakened One","floor":50,"turns":12}],"event_choices":[{"event_name":"Golden Shrine","player_choice":"Pray","floor":2.0,"damage_taken":0.0},{"event_name":"Golden Idol","player_choice":"Take Wound","floor":3.0,"damage_taken":0.0},{"event_name":"Upgrade Shrine","player_choice":"Upgraded","floor":11.0,"damage_taken":0.0},{"event_name":"The Library","player_choice":"Heal","floor":20,"damage_taken":0},{"event_name":"Back to Basics","player_choice":"Simplicity","floor":21,"damage_taken":0},{"event_name":"The Mausoleum","player_choice":"Yes","floor":22,"damage_taken":0},{"event_name":"Match and Keep!","player_choice":"1 cards matched","floor":28,"damage_taken":0},{"event_name":"Mysterious Sphere","player_choice":"Fight","floor":37,"damage_taken":0},{"event_name":"Tomb of Lord Red Mask","player_choice":"Paid","floor":46,"damage_taken":0}],"boss_relics":[{"not_picked":["Tiny House","Astrolabe"],"picked":"Sozu"}],"potions_floor_spawned":[4,7,18,25,27,35,39,41,48],"seed_played":"-2273434513477508248","ascension_level":0,"is_trial":false}