{"gold_per_floor":[116,116,116,136,149,149,184,184,211,237,23,38,38,48,48,145,145,160,160,160,170,184,240,240,255,281,292,321,337,337,337,337,337],"floor_reached":33,"playtime":2539,"items_purged":[],"score":316,"play_id":"2346be7c-bffc-4a17-b49d-ba1ec0fdb8e5","local_time":"20190203231133","is_ascension_mode":true,"campfire_choices":[{"data":"Armaments","floor":6,"key":"SMITH"},{"data":"Battle Trance","floor":8,"key":"SMITH"},{"data":"Infernal Blade","floor":15,"key":"SMITH"},{"floor":32,"key":"REST"}],"neow_cost":"NONE","seed_source_timestamp":30405802555050,"circlet_count":0,"master_deck":["Strike_R+1","Strike_R+1","Strike_R+1","Strike_R+1","Strike_R+1","Defend_R+1","Defend_R+1","Defend_R+1","Defend_R+1","Bash","Purity","Sentinel+1","Armaments+1","Battle Trance+1","Clothesline","Infernal Blade+1","Metallicize","Blood for Blood","Sentinel","Immolate","Thunderclap+1","Carnage+1","Barricade","Deep Breath","Body Slam","Iron Wave","Impervious"],"relics":["Burning Blood","Lantern","Potion Belt","Omamori","Strawberry","Dodecahedron","Mark of Pain","Tiny Chest","Regal Pillow","Centennial Puzzle","Magic Flower","CultistMask"],"potions_floor_usage":[7,7,23,27,33,33],"damage_taken":[{"damage":11,"enemies":"Jaw Worm","floor":1,"turns":5},{"damage":9,"enemies":"2 Louse","floor":4,"turns":3},{"damage":0,"enemies":"Cultist","floor":5,"turns":4},{"damage":19,"enemies":"3 Sentries","floor":7,"turns":12},{"damage":6,"enemies":"Exordium Wildlife","floor":12,"turns":5},{"damage":12,"enemies":"2 Fungi Beasts","floor":14,"turns":3},{"damage":38,"enemies":"Hexaghost","floor":16,"turns":10},{"damage":26,"enemies":"Chosen","floor":18,"turns":7},{"damage":22,"enemies":"3 Byrds","floor":21,"turns":5},{"damage":2,"enemies":"Centurion and Healer","floor":22,"turns":4},{"damage":28,"enemies":"Slavers","floor":23,"turns":4},{"damage":0,"enemies":"Snecko","floor":25,"turns":6},{"damage":10,"enemies":"Cultist and Chosen","floor":27,"turns":6},{"damage":27,"enemies":"Book of Stabbing","floor":28,"turns":5},{"damage":7,"enemies":"Chosen and Byrds","floor":29,"turns":5},{"damage":62,"enemies":"Collector","floor":33,"turns":7}],"seed_played":"3483475597721459407","potions_obtained":[{"floor":1,"key":"Block Potion"},{"floor":4,"key":"AttackPotion"},{"floor":5,"key":"Block Potion"},{"floor":22,"key":"BloodPotion"},{"floor":25,"key":"Swift Potion"},{"floor":28,"key":"SkillPotion"},{"floor":29,"key":"SteroidPotion"}],"is_trial":false,"path_per_floor":["M","?","?","M","M","R","E","R","T","T","$","M","T","M","R","B",null,"M","?","?","M","M","E","?","M","T","M","E","M","?","?","R","B"],"character_chosen":"IRONCLAD","items_purchased":["Infernal Blade","Metallicize","Blood for Blood"],"campfire_rested":1,"item_purchase_floors":[11,11,11],"current_hp_per_floor":[75,75,75,72,78,78,65,65,65,72,72,72,72,66,66,34,87,67,67,59,43,47,33,33,39,39,35,14,13,13,13,54,0],"gold":337,"neow_bonus":"RANDOM_COLORLESS","is_prod":false,"is_daily":false,"chose_seed":false,"campfire_upgraded":3,"win_rate":0,"timestamp":1549231893,"path_taken":["M","?","?","?","M","R","E","R","T","?","?","M","?","M","R","BOSS","M","?","?","?","M","E","?","M","T","?","E","M","?","?","R","BOSS"],"build_version":"2019-01-23","purchased_purges":0,"victory":false,"max_hp_per_floor":[80,80,80,80,80,80,80,80,80,87,87,87,87,87,87,87,87,87,87,87,87,87,87,87,87,87,87,87,87,87,87,87,87],"card_choices":[{"not_picked":["Body Slam","Hemokinesis"],"picked":"Sentinel","floor":1},{"not_picked":["Havoc","Pommel Strike"],"picked":"Armaments","floor":4},{"not_picked":["Sword Boomerang","Blood for Blood"],"picked":"Battle Trance","floor":5},{"not_picked":["Brutality","Rampage"],"picked":"Clothesline","floor":7},{"not_picked":["Perfected Strike","Thunderclap","Second Wind"],"picked":"SKIP","floor":12},{"not_picked":["Sword Boomerang","Twin Strike"],"picked":"Sentinel","floor":14},{"not_picked":["Dark Embrace","Brutality"],"picked":"Immolate","floor":16},{"not_picked":["Twin Strike","Havoc"],"picked":"Thunderclap+1","floor":18},{"not_picked":["Uppercut","Clothesline+1"],"picked":"Carnage+1","floor":21},{"not_picked":["Havoc+1","Burning Pact","Warcry"],"picked":"SKIP","floor":22},{"not_picked":["Havoc+1","Burning Pact","Warcry"],"picked":"SKIP","floor":22},{"not_picked":["Havoc+1","Burning Pact","Warcry"],"picked":"SKIP","floor":22},{"not_picked":["Fiend Fire","Headbutt"],"picked":"Barricade","floor":23},{"not_picked":["Heavy Blade","Battle Trance"],"picked":"Body Slam","floor":25},{"not_picked":["Cleave","Warcry"],"picked":"Iron Wave","floor":27},{"not_picked":["Sever Soul","Headbutt"],"picked":"Impervious","floor":28},{"not_picked":["Armaments","Sever Soul+1","Rupture+1"],"picked":"SKIP","floor":29}],"player_experience":49929,"relics_obtained":[{"floor":7,"key":"Potion Belt"},{"floor":9,"key":"Omamori"},{"floor":10,"key":"Strawberry"},{"floor":13,"key":"Dodecahedron"},{"floor":23,"key":"Tiny Chest"},{"floor":26,"key":"Regal Pillow"},{"floor":28,"key":"Centennial Puzzle"}],"event_choices":[{"damage_healed":0,"gold_gain":0,"player_choice":"Grow","damage_taken":0,"max_hp_gain":0,"max_hp_loss":0,"event_name":"Living Wall","floor":2,"gold_loss":0,"cards_upgraded":["Sentinel"]},{"damage_healed":0,"gold_gain":0,"player_choice":"Gave Potion","damage_taken":0,"relics_obtained":["Lantern"],"max_hp_gain":0,"max_hp_loss":0,"event_name":"WeMeetAgain","floor":3,"gold_loss":0},{"damage_healed":0,"gold_gain":0,"player_choice":"Simplicity","damage_taken":0,"max_hp_gain":0,"max_hp_loss":0,"event_name":"Back to Basics","floor":19,"gold_loss":0,"cards_upgraded":["Strike_R","Strike_R","Strike_R","Strike_R","Strike_R","Defend_R","Defend_R","Defend_R","Defend_R"]},{"damage_healed":0,"gold_gain":0,"player_choice":"Damaged","damage_taken":8,"max_hp_gain":0,"max_hp_loss":0,"event_name":"Wheel of Change","floor":20,"gold_loss":0},{"damage_healed":0,"gold_gain":0,"player_choice":"2 cards matched","damage_taken":0,"max_hp_gain":0,"max_hp_loss":0,"event_name":"Match and Keep!","floor":24,"gold_loss":0,"cards_obtained":["Injury","Deep Breath"]},{"damage_healed":0,"gold_gain":0,"player_choice":"Opened","damage_taken":0,"relics_obtained":["Magic Flower"],"max_hp_gain":0,"max_hp_loss":0,"event_name":"The Mausoleum","floor":30,"gold_loss":0},{"damage_healed":0,"gold_gain":0,"player_choice":"Trade","damage_taken":0,"relics_obtained":["CultistMask"],"max_hp_gain":0,"max_hp_loss":0,"event_name":"FaceTrader","floor":31,"gold_loss":0}],"is_beta":false,"boss_relics":[{"not_picked":["Runic Pyramid","Tiny House"],"picked":"Mark of Pain"}],"items_purged_floors":[],"is_endless":false,"potions_floor_spawned":[1,4,5,22,25,28,29],"killed_by":"Collector","ascension_level":2}