{"gold_per_floor":[112,62,62,78,3,33,33,33,33,52,127,137,149,169,169,269,269,286,646,627,627],"floor_reached":21,"playtime":1275,"items_purged":["Defend_G"],"score":278,"play_id":"4087c29e-2154-46d4-b33c-54162db3897f","local_time":"20190204194701","is_ascension_mode":true,"campfire_choices":[{"data":"Neutralize","floor":7,"key":"SMITH"},{"data":"Dash","floor":15,"key":"SMITH"}],"neow_cost":"NONE","seed_source_timestamp":20980956415700,"circlet_count":0,"master_deck":["Defend_G","Defend_G+1","Defend_G","Defend_G","Strike_G","Strike_G+1","Strike_G","Strike_G","Survivor","Neutralize+1","Cloak And Dagger","Dash+1","Caltrops","Tactician","Slice","Escape Plan","Leg Sweep","Adrenaline","Acrobatics","Dodge and Roll"],"relics":["Ring of the Snake","NeowsBlessing","Thread and Needle","Mummified Hand","Philosopher\u0027s Stone"],"potions_floor_usage":[16,20,20],"damage_taken":[{"damage":0,"enemies":"2 Louse","floor":1,"turns":1},{"damage":0,"enemies":"Small Slimes","floor":4,"turns":1},{"damage":0,"enemies":"Gremlin Nob","floor":6,"turns":1},{"damage":0,"enemies":"Cultist","floor":10,"turns":4},{"damage":0,"enemies":"2 Fungi Beasts","floor":12,"turns":3},{"damage":0,"enemies":"Blue Slaver","floor":13,"turns":4},{"damage":0,"enemies":"Large Slime","floor":14,"turns":6},{"damage":31,"enemies":"Slime Boss","floor":16,"turns":23},{"damage":6,"enemies":"Chosen","floor":18,"turns":7},{"damage":0,"enemies":"2 Thieves","floor":20,"turns":4},{"damage":14,"enemies":"Cultist and Chosen","floor":21,"turns":8}],"seed_played":"-2759635675145445454","potions_obtained":[{"floor":4,"key":"SkillPotion"},{"floor":14,"key":"FearPotion"},{"floor":16,"key":"Energy Potion"},{"floor":18,"key":"GamblersBrew"}],"is_trial":false,"path_per_floor":["?","?","?","?","M"],"character_chosen":"THE_SILENT","items_purchased":[],"campfire_rested":0,"item_purchase_floors":[],"current_hp_per_floor":[63,63,63,63,63,63,63,49,49,49,38,38,38,38,38,7,54,48,13,13,0],"gold":627,"neow_bonus":"THREE_ENEMY_KILL","is_prod":false,"is_daily":false,"chose_seed":false,"campfire_upgraded":2,"win_rate":0,"timestamp":1549277221,"path_taken":["M","?","$","M","$","E","R","?","T","M","?","M","M","M","R","BOSS","M","?","M","?"],"build_version":"2019-01-23","purchased_purges":1,"victory":false,"max_hp_per_floor":[70,70,70,70,70,70,70,70,70,70,70,70,70,70,70,70,70,70,70,70,70],"card_choices":[{"not_picked":["Slice","Acrobatics"],"picked":"Cloak And Dagger","floor":1},{"not_picked":["Sucker Punch","Bouncing Flask"],"picked":"Dash","floor":4},{"not_picked":["Riddle With Holes","Backflip"],"picked":"Caltrops","floor":6},{"not_picked":["Dash","Setup"],"picked":"Tactician","floor":10},{"not_picked":["Bane","Concentrate"],"picked":"Slice","floor":12},{"not_picked":["Outmaneuver","Deadly Poison"],"picked":"Escape Plan","floor":13},{"not_picked":["Backflip","Sucker Punch"],"picked":"Leg Sweep","floor":14},{"not_picked":["Grand Finale","Bullet Time"],"picked":"Adrenaline","floor":16},{"not_picked":["Bane","Crippling Poison"],"picked":"Acrobatics","floor":18},{"not_picked":["Blade Dance","Finisher"],"picked":"Dodge and Roll","floor":20}],"player_experience":238216,"relics_obtained":[{"floor":6,"key":"Thread and Needle"},{"floor":9,"key":"Mummified Hand"}],"event_choices":[{"cards_removed":["Strike_G"],"damage_healed":0,"gold_gain":0,"player_choice":"Card Removal","damage_taken":0,"max_hp_gain":0,"max_hp_loss":0,"event_name":"The Cleric","floor":2,"gold_loss":50},{"damage_healed":0,"gold_gain":0,"player_choice":"Entered Light","damage_taken":14,"max_hp_gain":0,"max_hp_loss":0,"event_name":"Shining Light","floor":8,"gold_loss":0,"cards_upgraded":["Defend_G","Strike_G"]},{"damage_healed":0,"gold_gain":75,"player_choice":"Gather Gold","damage_taken":11,"max_hp_gain":0,"max_hp_loss":0,"event_name":"World of Goop","floor":11,"gold_loss":0},{"damage_healed":0,"gold_gain":360,"player_choice":"GOLD GOLD GOLD GOLD ","damage_taken":35,"max_hp_gain":0,"max_hp_loss":0,"event_name":"Knowing Skull","floor":19,"potions_obtained":[],"gold_loss":0,"cards_obtained":[]}],"is_beta":false,"boss_relics":[{"not_picked":["Snecko Eye","Coffee Dripper"],"picked":"Philosopher\u0027s Stone"}],"items_purged_floors":[5],"is_endless":false,"potions_floor_spawned":[4,14,16,18],"killed_by":"Cultist and Chosen","ascension_level":7}