{"gold_per_floor":[117,117,117,133,133,83,83,33,80,5,46,59,9,52,2,132,132,151,76,76,89,108,58,78,28,28,66,16,29,69,85,35,156,156,176,5,5,24,47,47,87,37,63,13,29,29,29,72,22,22],"floor_reached":51,"playtime":3443,"items_purged":["Slimebound:Strike_Slimebound","Slimebound:Defend_Slimebound"],"score":824,"play_id":"9d18cd8b-2a40-4162-aa9e-597ced0c79b6","local_time":"20190107024535","is_ascension_mode":true,"campfire_choices":[{"data":"Slimebound:Gluttony","floor":6.0,"key":"SMITH"},{"data":"Slimebound:DivideAndConquer","floor":8.0,"key":"SMITH"},{"data":"Slimebound:Grow","floor":13.0,"key":"SMITH"},{"data":"Slimebound:Dissolve","floor":15.0,"key":"SMITH"},{"data":"Slimebound:Recycling","floor":23.0,"key":"SMITH"},{"data":"Slimebound:HauntingLick","floor":25.0,"key":"SMITH"},{"data":"Slimebound:Recollect","floor":28.0,"key":"SMITH"},{"data":"Slimebound:SuperSplit","floor":32.0,"key":"SMITH"},{"data":"Slimebound:AcidTongue","floor":40,"key":"SMITH"},{"data":"Slimebound:QuickStudy","floor":42,"key":"SMITH"},{"data":"Secret Weapon","floor":44,"key":"SMITH"},{"data":"Slimebound:DuplicatedForm","floor":49,"key":"SMITH"}],"neow_cost":"NONE","seed_source_timestamp":0,"circlet_count":0,"master_deck":["Slimebound:Strike_Slimebound+1","Slimebound:Strike_Slimebound+1","Slimebound:Split","Slimebound:CorrosiveSpit","Slimebound:Gluttony+1","Slimebound:RejuvenatingLick","Slimebound:DivideAndConquer+1","Slimebound:Grow+1","Slimebound:Dissolve+1","Slimebound:PoisonLick","Slimebound:Recycling+1","Slimebound:HauntingLick+1","Slimebound:Gluttony+1","Slimebound:ViciousTackle+1","Slimebound:Recollect+1","Slimebound:SuperSplit+1","Slimebound:SlimeSpikes","Slimebound:RainOfGoop+1","Slimebound:AcidTongue+1","Slimebound:RejuvenatingLick+1","Slimebound:QuickStudy+1","Madness","Secret Weapon+1","Slimebound:HungryTackle","Slimebound:ItLooksTasty+1","Slimebound:ViciousTackle+1","Slimebound:SlimeSpikes","Slimebound:DuplicatedForm+1","Slimebound:SlimeSpikes+1"],"special_seed":0,"relics":["Slimebound:AbsorbEndCombat","Whetstone","Golden Idol","Slimebound:GreedOozeRelic","Vajra","Oddly Smooth Stone","Happy Flower","Empty Cage","Question Card","Juzu Bracelet","Regal Pillow","White Beast Statue","Ice Cream","Bronze Scales","Meat on the Bone"],"potions_floor_usage":[40,50,50,50],"damage_taken":[{"damage":3.0,"enemies":"2 Louse","floor":1.0,"turns":2.0},{"damage":10.0,"enemies":"Small Slimes","floor":4.0,"turns":3.0},{"damage":25.0,"enemies":"Lagavulin","floor":11.0,"turns":5.0},{"damage":0.0,"enemies":"Cultist","floor":12.0,"turns":3.0},{"damage":14.0,"enemies":"3 Sentries","floor":14.0,"turns":5.0},{"damage":9.0,"enemies":"The Guardian","floor":16.0,"turns":8.0},{"damage":18.0,"enemies":"Shell Parasite","floor":18.0,"turns":4.0},{"damage":9.0,"enemies":"Spheric Guardian","floor":21.0,"turns":3.0},{"damage":35.0,"enemies":"Shelled Parasite and Fungi","floor":22.0,"turns":4.0},{"damage":26.0,"enemies":"Centurion and Healer","floor":24.0,"turns":3.0},{"damage":39.0,"enemies":"Slavers","floor":27.0,"turns":4.0},{"damage":19.0,"enemies":"Snake Plant","floor":29.0,"turns":3.0},{"damage":21.0,"enemies":"Book of Stabbing","floor":30.0,"turns":3.0},{"damage":16.0,"enemies":"Shelled Parasite and Fungi","floor":31.0,"turns":4.0},{"damage":59.0,"enemies":"Collector","floor":33.0,"turns":6.0},{"damage":32.0,"enemies":"3 Darklings","floor":35.0,"turns":5.0},{"damage":5.0,"enemies":"Orb Walker","floor":38.0,"turns":2.0},{"damage":49,"enemies":"Spire Growth","floor":39,"turns":4},{"damage":32,"enemies":"Reptomancer","floor":41,"turns":5},{"damage":30,"enemies":"Transient","floor":45,"turns":5},{"damage":27,"enemies":"Giant Head","floor":48,"turns":6},{"damage":81,"enemies":"Donu and Deca","floor":50,"turns":6}],"seed_played":"7966226006301949562","potions_obtained":[{"floor":1.0,"key":"Explosive Potion"},{"floor":4.0,"key":"SkillPotion"},{"floor":18.0,"key":"Slimebound:SlimedPotion"},{"floor":24.0,"key":"Swift Potion"},{"floor":29.0,"key":"GamblersBrew"},{"floor":31.0,"key":"LiquidBronze"},{"floor":35.0,"key":"Weak Potion"},{"floor":39,"key":"Fruit Juice"},{"floor":41,"key":"Slimebound:SlimedPotion"}],"is_trial":false,"path_per_floor":["M","?","?","M","?","R","?","R","T","$","E","M","R","E","R","B",null,"M","?","?","M","M","R","M","R","T","E","R","M","E","M","R","B",null,"M","$","?","M","M","R","E","R","T","R","M","?","$","E","R","B",null],"character_chosen":"SLIMEBOUND","items_purchased":["Slimebound:QuickStudy"],"campfire_rested":0,"item_purchase_floors":[36],"current_hp_per_floor":[60,45,45,46,46,46,46,46,46,46,44,54,54,52,52,60,60,60,60,60,60,60,60,60,60,60,60,60,60,60,60,60,60,60,60,60,55,60,50,55,65,65,65,65,65,65,65,65,65,65],"gold":22,"neow_bonus":"RANDOM_COMMON_RELIC","is_prod":false,"is_daily":false,"chose_seed":false,"campfire_upgraded":12,"win_rate":0,"timestamp":1546825535,"path_taken":["M","?","?","M","?","R","?","R","T","$","E","M","R","E","R","BOSS","M","?","?","M","M","R","M","R","T","E","R","M","E","M","R","BOSS","M","$","?","M","M","R","E","R","T","R","M","?","$","E","R","BOSS"],"build_version":"2019-01-03v4","purchased_purges":2,"victory":true,"max_hp_per_floor":[60,60,60,60,60,60,60,60,60,60,60,60,60,60,60,60,60,60,60,60,60,60,60,60,60,60,60,60,60,60,60,60,60,60,60,60,60,60,60,65,65,65,65,65,65,65,65,65,65,65],"card_choices":[{"not_picked":["Slimebound:RollThrough","Slimebound:Equalize"],"picked":"Slimebound:Gluttony","floor":1.0},{"not_picked":["Slimebound:PressTheAttack","Slimebound:ProtectTheBoss"],"picked":"Slimebound:RejuvenatingLick","floor":4.0},{"not_picked":["Slimebound:ViciousTackle","Slimebound:StrayGoop"],"picked":"Slimebound:Grow","floor":11.0},{"not_picked":["Slimebound:SplitBruiser","Slimebound:FormABlockade"],"picked":"Slimebound:Dissolve","floor":12.0},{"not_picked":["Slimebound:SuperSplit","Slimebound:SlimeSpikes"],"picked":"Slimebound:PoisonLick","floor":14.0},{"not_picked":["Slimebound:DouseInSlime","Slimebound:MassRepurpose"],"picked":"Slimebound:Recycling","floor":16.0},{"not_picked":["Slimebound:GoopTackle","Slimebound:ProtectTheBoss"],"picked":"Slimebound:HauntingLick","floor":18.0},{"not_picked":["Slimebound:LeechLife","Slimebound:LevelUp"],"picked":"Slimebound:Gluttony+1","floor":21.0},{"not_picked":["Slimebound:FinishingTackle","Slimebound:SamplingLick"],"picked":"Slimebound:ViciousTackle+1","floor":22.0},{"not_picked":["Slimebound:Prepare","Slimebound:VenomTackle","Slimebound:PressTheAttack"],"picked":"SKIP","floor":24.0},{"not_picked":["Slimebound:SelfFormingGoo","Slimebound:GoopSpray","Slimebound:Lick"],"picked":"Slimebound:Recollect","floor":27.0},{"not_picked":["Slimebound:StrayGoop+1","Slimebound:FirmFortitude+1","Slimebound:RollThrough"],"picked":"Slimebound:SuperSplit","floor":29.0},{"not_picked":["Slimebound:HauntingLick","Slimebound:RejuvenatingLick","Slimebound:FlameTackle"],"picked":"Slimebound:SlimeSpikes","floor":30.0},{"not_picked":["Slimebound:FirmFortitude","Slimebound:FormABlockade","Slimebound:LevelUp"],"picked":"Slimebound:RainOfGoop+1","floor":31.0},{"not_picked":["Slimebound:DuplicatedForm","Slimebound:Overexert","Slimebound:MassRepurpose"],"picked":"Slimebound:AcidTongue","floor":33.0},{"not_picked":["Slimebound:SplitBruiser","Slimebound:Replication","Slimebound:GangUp"],"picked":"Slimebound:RejuvenatingLick+1","floor":35.0},{"not_picked":["Jack Of All Trades","Panacea","Trip"],"picked":"Madness","floor":37.0},{"not_picked":["Swift Strike","Dramatic Entrance","Blind"],"picked":"Secret Weapon","floor":37.0},{"not_picked":["Slimebound:SplitBruiser+1","Slimebound:ProtectTheBoss","Slimebound:FirmFortitude+1"],"picked":"Slimebound:HungryTackle","floor":38.0},{"not_picked":["Slimebound:ViciousTackle+1","Slimebound:DisruptingSlam","Slimebound:Recollect"],"picked":"Slimebound:ItLooksTasty+1","floor":39},{"not_picked":["Slimebound:LevelUp+1","Slimebound:SplitLeeching+1","Slimebound:PressTheAttack+1","Slimebound:SplitMire"],"picked":"SKIP","floor":41},{"not_picked":["Slimebound:SamplingLick","Slimebound:QuickStudy","Slimebound:HungryTackle+1"],"picked":"Slimebound:ViciousTackle+1","floor":45},{"not_picked":["Slimebound:SoulSicken+1","Slimebound:DuplicatedForm","Slimebound:ComboTackle"],"picked":"Slimebound:SlimeSpikes+1","floor":48}],"player_experience":25248,"relics_obtained":[{"floor":9.0,"key":"Vajra"},{"floor":11.0,"key":"Oddly Smooth Stone"},{"floor":14.0,"key":"Happy Flower"},{"floor":26.0,"key":"Question Card"},{"floor":27.0,"key":"Juzu Bracelet"},{"floor":30.0,"key":"Regal Pillow"},{"floor":41,"key":"Ice Cream"},{"floor":43,"key":"Bronze Scales"},{"floor":48,"key":"Meat on the Bone"}],"event_choices":[{"damage_healed":0.0,"max_hp_gain":0.0,"max_hp_loss":0.0,"gold_gain":0.0,"event_name":"Golden Idol","player_choice":"Take Damage","floor":2.0,"gold_loss":0.0,"damage_taken":15.0,"relics_obtained":["Golden Idol"]},{"damage_healed":0.0,"max_hp_gain":0.0,"max_hp_loss":0.0,"gold_gain":0.0,"event_name":"Liars Game","player_choice":"Ignored","floor":5.0,"gold_loss":0.0,"damage_taken":0.0},{"damage_healed":0.0,"max_hp_gain":0.0,"max_hp_loss":0.0,"gold_gain":0.0,"cards_transformed":["Slimebound:Strike_Slimebound"],"event_name":"Transmorgrifier","player_choice":"Transformed","floor":7.0,"gold_loss":0.0,"damage_taken":0.0,"cards_obtained":["Slimebound:DivideAndConquer"]},{"cards_removed":["Slimebound:Defend_Slimebound"],"damage_healed":0.0,"max_hp_gain":0.0,"max_hp_loss":0.0,"gold_gain":0.0,"event_name":"Beggar","player_choice":"Gave Gold","floor":19.0,"gold_loss":75.0,"damage_taken":0.0},{"damage_healed":0.0,"max_hp_gain":0.0,"max_hp_loss":0.0,"gold_gain":0.0,"event_name":"Ghosts","player_choice":"Ignored","floor":20.0,"gold_loss":0.0,"damage_taken":0.0},{"damage_healed":0.0,"max_hp_gain":0.0,"max_hp_loss":0.0,"gold_gain":0.0,"event_name":"SensoryStone","player_choice":"Memory 2","floor":37.0,"gold_loss":0.0,"damage_taken":5.0},{"damage_healed":0,"gold_gain":0,"player_choice":"2 cards matched","damage_taken":0,"max_hp_gain":0,"max_hp_loss":0,"event_name":"Match and Keep!","floor":46,"gold_loss":0,"cards_obtained":["Slimebound:SlimeSpikes","Slimebound:DuplicatedForm"]}],"is_beta":false,"boss_relics":[{"not_picked":["Eternal Feather","Calling Bell"],"picked":"Empty Cage"},{"not_picked":["Velvet Choker","Runic Pyramid"],"picked":"White Beast Statue"}],"items_purged_floors":[10,36],"is_endless":false,"potions_floor_spawned":[1,4,18,24,29,31,35,38,39,41,45,48],"ascension_level":2}