{"gold_per_floor":[110,122,139,150,170,170,205,217,266,266,266,231,231,248,248,347,347,363,46,46,46,46,46,58,58,58,98,130,142],"floor_reached":29,"playtime":3396,"items_purged":[],"score":270,"play_id":"fb317ac2-d72b-4050-b95d-3fd4904db008","local_time":"20190212142311","is_ascension_mode":false,"campfire_choices":[{"data":"Conserve Battery","floor":6,"key":"SMITH"},{"data":"Go for the Eyes","floor":11,"key":"SMITH"},{"data":"Coolheaded","floor":13,"key":"SMITH"},{"data":"BootSequence","floor":15,"key":"SMITH"},{"floor":23,"key":"REST"},{"data":"Zap","floor":25,"key":"SMITH"}],"neow_cost":"NONE","seed_source_timestamp":83108601743100,"circlet_count":0,"master_deck":["Strike_B","Strike_B","Strike_B","Defend_B","Defend_B","Defend_B","Defend_B","Zap+1","Dualcast","Dramatic Entrance","Auto Shields","Conserve Battery+1","Compile Driver","Go for the Eyes+1","Reboot","Coolheaded+1","Barrage","Iron Wave","BootSequence+1","Machine Learning","Capacitor","FTL","Shame","Necronomicurse","FTL","Reinforced Body","Leap","Ball Lightning"],"relics":["FrozenCore","Juzu Bracelet","Dream Catcher","Mummified Hand","Gremlin Horn","Necronomicon","MawBank","Pear"],"potions_floor_usage":[16,27,29,29],"damage_taken":[{"damage":1,"enemies":"2 Louse","floor":1,"turns":2},{"damage":1,"enemies":"Cultist","floor":2,"turns":4},{"damage":0,"enemies":"Small Slimes","floor":3,"turns":3},{"damage":0,"enemies":"3 Louse","floor":4,"turns":3},{"damage":7,"enemies":"Exordium Thugs","floor":5,"turns":4},{"damage":0,"enemies":"Lagavulin","floor":7,"turns":7},{"damage":2,"enemies":"Blue Slaver","floor":8,"turns":4},{"damage":0,"enemies":"Looter","floor":14,"turns":3},{"damage":45,"enemies":"Slime Boss","floor":16,"turns":17},{"damage":13,"enemies":"Chosen","floor":18,"turns":8},{"damage":2,"enemies":"Spheric Guardian","floor":24,"turns":8},{"damage":13,"enemies":"Book of Stabbing","floor":27,"turns":9},{"damage":0,"enemies":"Centurion and Healer","floor":28,"turns":8},{"damage":14,"enemies":"Colosseum Slavers","floor":29,"turns":5},{"damage":72,"enemies":"Colosseum Nobs","floor":29,"turns":6}],"seed_played":"-8146512844080784293","potions_obtained":[{"floor":4,"key":"PowerPotion"},{"floor":5,"key":"FocusPotion"},{"floor":8,"key":"Poison Potion"},{"floor":24,"key":"SkillPotion"}],"is_trial":false,"path_per_floor":["M","M","M","M","M","R","E","M","T","?","R","?","R","M","R","B",null,"M","$","?","?","$","R","M","R","T","E","M","?"],"character_chosen":"DEFECT","items_purchased":["Mummified Hand","FTL"],"campfire_rested":1,"item_purchase_floors":[19,19],"current_hp_per_floor":[74,73,73,73,66,66,66,64,64,64,64,75,75,75,75,30,75,62,62,62,46,46,68,66,66,66,63,63,0],"gold":142,"neow_bonus":"RANDOM_COLORLESS","is_prod":false,"is_daily":false,"chose_seed":false,"campfire_upgraded":5,"win_rate":0.0,"timestamp":1549999391,"path_taken":["M","M","M","M","M","R","E","M","T","?","R","?","R","M","R","BOSS","M","$","?","?","$","R","M","R","T","E","M","?"],"build_version":"2019-01-23","purchased_purges":0,"victory":false,"max_hp_per_floor":[75,75,75,75,75,75,75,75,75,75,75,75,75,75,75,75,75,75,75,75,75,75,75,75,75,75,85,85,85],"card_choices":[{"not_picked":["Hologram","Darkness"],"picked":"Auto Shields","floor":1},{"not_picked":["Double Energy","Gash"],"picked":"Conserve Battery","floor":2},{"not_picked":["Redo","Rip and Tear"],"picked":"Compile Driver","floor":3},{"not_picked":["Doom and Gloom","Compile Driver"],"picked":"Go for the Eyes","floor":4},{"not_picked":["Genetic Algorithm","Redo"],"picked":"Reboot","floor":5},{"not_picked":["Hologram","Leap"],"picked":"Coolheaded","floor":7},{"not_picked":["Gash","Sweeping Beam"],"picked":"Barrage","floor":8},{"not_picked":["Reprogram","Loop"],"picked":"BootSequence","floor":14},{"not_picked":["Reboot","Fission"],"picked":"Machine Learning","floor":16},{"not_picked":["Barrage","Redo+1"],"picked":"Capacitor","floor":18},{"not_picked":["Hologram","Skim"],"picked":"FTL","floor":23},{"not_picked":["Redo","Gash"],"picked":"Reinforced Body","floor":24},{"not_picked":["Barrage","Hologram"],"picked":"Leap","floor":27},{"not_picked":["Barrage","Gash"],"picked":"Ball Lightning","floor":28}],"player_experience":52215,"relics_obtained":[{"floor":7,"key":"Juzu Bracelet"},{"floor":9,"key":"Dream Catcher"},{"floor":21,"key":"Necronomicon"},{"floor":26,"key":"MawBank"},{"floor":27,"key":"Pear"}],"event_choices":[{"cards_removed":["Strike_B"],"damage_healed":0,"gold_gain":0,"player_choice":"Took Card","damage_taken":0,"max_hp_gain":0,"max_hp_loss":0,"event_name":"NoteForYourself","floor":10,"gold_loss":0,"cards_obtained":["Iron Wave"]},{"damage_healed":18,"gold_gain":0,"player_choice":"Healed","damage_taken":0,"max_hp_gain":0,"max_hp_loss":0,"event_name":"The Cleric","floor":12,"gold_loss":35},{"damage_healed":0,"gold_gain":0,"player_choice":"Stole Relic","damage_taken":0,"relics_obtained":["Gremlin Horn"],"max_hp_gain":0,"max_hp_loss":0,"event_name":"Addict","floor":20,"gold_loss":0,"cards_obtained":["Shame"]},{"damage_healed":0,"gold_gain":0,"player_choice":"Obtained Book","damage_taken":16,"max_hp_gain":0,"max_hp_loss":0,"event_name":"Cursed Tome","floor":21,"gold_loss":0},{"damage_healed":0,"gold_gain":0,"player_choice":"Fight","damage_taken":0,"max_hp_gain":0,"max_hp_loss":0,"event_name":"Colosseum","floor":29,"gold_loss":0},{"damage_healed":0,"gold_gain":0,"player_choice":"Fought Nobs","damage_taken":0,"max_hp_gain":0,"max_hp_loss":0,"event_name":"Colosseum","floor":29,"gold_loss":0}],"is_beta":false,"boss_relics":[{"not_picked":["White Beast Statue","Runic Pyramid"],"picked":"FrozenCore"}],"items_purged_floors":[],"is_endless":false,"potions_floor_spawned":[4,5,8,24],"killed_by":"Colosseum Nobs","ascension_level":0}