{"gold_per_floor":[216,227,227,237,249,249,282,282,282,282,357,392,7,7,7,80,80,93,93,0,0,0,0,20,20,20,20,36,36,36,51,51,51],"floor_reached":33,"playtime":1418,"items_purged":[],"score":477,"play_id":"cb68a192-a7ad-4e32-877c-6ec4951d5867","local_time":"20181001154611","is_ascension_mode":true,"campfire_choices":[{"data":"Armaments","floor":6.0,"key":"SMITH"},{"data":"Whirlwind","floor":8.0,"key":"SMITH"},{"floor":10.0,"key":"REST"},{"floor":15.0,"key":"REST"},{"floor":23,"key":"REST"},{"data":"Uppercut","floor":25,"key":"SMITH"},{"floor":32,"key":"REST"}],"neow_cost":"NONE","seed_source_timestamp":0,"circlet_count":0,"master_deck":["Strike_R","Strike_R","Strike_R","Strike_R","Defend_R","Defend_R","Defend_R","Defend_R","Bash","AscendersBane","Iron Wave","Twin Strike","Armaments+1","Whirlwind+1","Battle Trance","Shrug It Off","Seeing Red","Flex","Reaper","Disarm","Uppercut+1","Shame","Flame Barrier","Seeing Red","Clothesline"],"special_seed":0,"relics":["Burning Blood","Question Card","Bottled Flame","Turnip","Lantern","Snecko Eye","Juzu Bracelet","Dream Catcher"],"potions_floor_usage":[16,19,33],"damage_taken":[{"damage":1.0,"enemies":"Cultist","floor":1.0,"turns":3.0},{"damage":9.0,"enemies":"Jaw Worm","floor":2.0,"turns":5.0},{"damage":6.0,"enemies":"2 Louse","floor":4.0,"turns":3.0},{"damage":5.0,"enemies":"2 Fungi Beasts","floor":5.0,"turns":5.0},{"damage":45.0,"enemies":"3 Sentries","floor":7.0,"turns":12.0},{"damage":45.0,"enemies":"Lagavulin","floor":12.0,"turns":8.0},{"damage":41,"enemies":"Slime Boss","floor":16,"turns":9},{"damage":32,"enemies":"Spheric Guardian","floor":18,"turns":6},{"damage":13,"enemies":"Colosseum Slavers","floor":19,"turns":3},{"damage":27,"enemies":"Chosen","floor":24,"turns":5},{"damage":28,"enemies":"Snake Plant","floor":28,"turns":7},{"damage":20,"enemies":"Shelled Parasite and Fungi","floor":31,"turns":8},{"damage":75,"enemies":"Champ","floor":33,"turns":20}],"seed_played":"-2424071430712810394","potions_obtained":[{"floor":4.0,"key":"SteroidPotion"},{"floor":16,"key":"Dexterity Potion"},{"floor":18,"key":"Fire Potion"},{"floor":21,"key":"Dexterity Potion"},{"floor":21,"key":"FairyPotion"}],"is_trial":false,"path_per_floor":["M","M","?","M","M","R","E","R","T","R","?","E","$","?","R","B",null,"M","?","?","?","?","R","M","R","T","?","M","?","$","M","R"],"character_chosen":"IRONCLAD","items_purchased":["Shrug It Off","Seeing Red","Regen Potion","Lantern"],"campfire_rested":4,"item_purchase_floors":[13,13,13,13],"current_hp_per_floor":[73,70,75,75,76,76,37,37,37,61,50,11,11,11,35,15,64,43,36,36,36,36,60,45,45,45,45,27,27,27,17,41,0],"gold":51,"neow_bonus":"HUNDRED_GOLD","is_prod":false,"is_daily":false,"chose_seed":false,"campfire_upgraded":3,"win_rate":0,"timestamp":1538401571,"path_taken":["M","?","?","M","M","R","E","R","T","R","?","E","?","?","R","BOSS","M","?","?","?","?","R","M","R","T","?","M","?","$","M","R","BOSS"],"build_version":"2018-09-27","purchased_purges":0,"victory":false,"max_hp_per_floor":[75,75,80,80,80,80,80,80,80,80,80,80,80,80,80,80,80,80,80,80,80,80,80,80,80,80,80,80,80,80,80,80,80],"card_choices":[{"not_picked":["Seeing Red","Clash"],"picked":"Iron Wave","floor":1.0},{"not_picked":["Feel No Pain","Pommel Strike"],"picked":"Twin Strike","floor":2.0},{"not_picked":["Flex","Sword Boomerang"],"picked":"Armaments","floor":4.0},{"not_picked":["Thunderclap","Twin Strike","Entrench"],"picked":"SKIP","floor":5.0},{"not_picked":["Wild Strike","Bludgeon"],"picked":"Whirlwind","floor":7.0},{"not_picked":["Armaments","Anger","Havoc"],"picked":"Battle Trance","floor":12.0},{"not_picked":["Dark Embrace","Barricade","Exhume"],"picked":"Reaper","floor":16},{"not_picked":["Infernal Blade","Feel No Pain","Flex"],"picked":"Disarm","floor":18},{"not_picked":["Heavy Blade","Body Slam","Combust"],"picked":"Uppercut","floor":24},{"not_picked":["True Grit","Perfected Strike+1","Hemokinesis"],"picked":"Flame Barrier","floor":28},{"not_picked":["Sword Boomerang","Metallicize","True Grit+1"],"picked":"Seeing Red","floor":31},{"not_picked":["Sever Soul","Warcry","Sentinel"],"picked":"Clothesline","floor":32}],"player_experience":1499569,"relics_obtained":[{"floor":7.0,"key":"Question Card"},{"floor":9.0,"key":"Bottled Flame"},{"floor":12.0,"key":"Turnip"},{"floor":26,"key":"Juzu Bracelet"}],"event_choices":[{"event_name":"Big Fish","player_choice":"Donut","floor":3.0,"damage_taken":0.0},{"event_name":"World of Goop","player_choice":"Gather Gold","floor":11.0,"damage_taken":0.0},{"event_name":"Transmorgrifier","player_choice":"Transform","floor":14.0,"damage_taken":0.0},{"event_name":"Colosseum","player_choice":"Fight","floor":19,"damage_taken":0},{"event_name":"Colosseum","player_choice":"Fled From Nobs","floor":19,"damage_taken":0},{"event_name":"Masked Bandits","player_choice":"Paid Fearfully","floor":20,"damage_taken":0},{"event_name":"The Lab","player_choice":"Got Potions","floor":21,"damage_taken":0},{"event_name":"Beggar","player_choice":"Ignored","floor":22,"damage_taken":0},{"event_name":"Addict","player_choice":"Stole Relic","floor":27,"damage_taken":0},{"event_name":"Cursed Tome","player_choice":"Ignored","floor":29,"damage_taken":0}],"is_beta":false,"boss_relics":[{"not_picked":["Philosopher\u0027s Stone","Eternal Feather"],"picked":"Snecko Eye"}],"items_purged_floors":[],"is_endless":false,"potions_floor_spawned":[4,16,18,24,28],"killed_by":"Champ","ascension_level":18}