{"gold_per_floor":[112,126,126,201,220,220,255,29,81,115,128,128,144,182,182,305,305,325,450,450,31,42,75,75,104,104,4,16,16,44,62,62,157,157,170,190,0,20,20,51,51,82,108,123,143,143,155,187,187,187,187,187,49,80,80],"floor_reached":55,"playtime":3317,"items_purged":["Strike_R","Pain","Writhe"],"score":1032,"play_id":"b16140db-84bf-4ab3-b798-d917557e8791","local_time":"20190210023549","is_ascension_mode":true,"campfire_choices":[{"data":"Armaments","floor":6,"key":"SMITH"},{"data":"Battle Trance","floor":15,"key":"SMITH"},{"data":"Barricade","floor":29,"key":"SMITH"},{"data":"Armaments","floor":32,"key":"SMITH"},{"floor":46,"key":"RECALL"},{"floor":49,"key":"REST"},{"floor":52,"key":"REST"}],"neow_cost":"NONE","seed_source_timestamp":183300645822770,"circlet_count":0,"master_deck":["Strike_R","Strike_R","Strike_R","Defend_R","Defend_R","Defend_R","Defend_R","Bash","Iron Wave","Armaments+1","Iron Wave","Battle Trance+1","Immolate","Bludgeon","Flex","Seeing Red","Barricade+1","Shrug It Off+1","Armaments+1","Madness","Power Through","Entrench","Injury","Infernal Blade","Pommel Strike+1","True Grit+1","Spot Weakness","Brutality","Rupture","Bloodletting","Purity","Mayhem","Master of Strategy","Heavy Blade+1","Body Slam","Flame Barrier+1","Parasite","Double Tap","Body Slam","Spot Weakness","Infernal Blade+1"],"relics":["Burning Blood","Lantern","Bloody Idol","Dream Catcher","Centennial Puzzle","PreservedInsect","Mercury Hourglass","Cursed Key","Unceasing Top","Question Card","Sundial","Potion Belt","Bottled Tornado","Vajra","Oddly Smooth Stone","Blood Vial","Fusion Hammer","Red Mask","Du-Vu Doll","The Courier","Art of War","Boot"],"potions_floor_usage":[10,19,33,38,45,50,55,55,55,55,55],"damage_taken":[{"damage":1,"enemies":"Jaw Worm","floor":1,"turns":4},{"damage":0,"enemies":"2 Louse","floor":2,"turns":2},{"damage":0,"enemies":"Cultist","floor":5,"turns":2},{"damage":28,"enemies":"Lagavulin","floor":7,"turns":6},{"damage":6,"enemies":"3 Sentries","floor":10,"turns":4},{"damage":6,"enemies":"Exordium Thugs","floor":11,"turns":4},{"damage":1,"enemies":"Large Slime","floor":13,"turns":5},{"damage":11,"enemies":"Gremlin Nob","floor":14,"turns":3},{"damage":20,"enemies":"Slime Boss","floor":16,"turns":7},{"damage":7,"enemies":"Shell Parasite","floor":18,"turns":2},{"damage":14,"enemies":"Colosseum Slavers","floor":19,"turns":5},{"damage":7,"enemies":"Colosseum Nobs","floor":19,"turns":2},{"damage":7,"enemies":"3 Byrds","floor":22,"turns":4},{"damage":29,"enemies":"Gremlin Leader","floor":23,"turns":8},{"damage":19,"enemies":"Slavers","floor":25,"turns":3},{"damage":0,"enemies":"Centurion and Healer","floor":28,"turns":3},{"damage":0,"enemies":"Gremlin Leader","floor":30,"turns":4},{"damage":0,"enemies":"Cultist and Chosen","floor":31,"turns":5},{"damage":0,"enemies":"Collector","floor":33,"turns":9},{"damage":2,"enemies":"Orb Walker","floor":35,"turns":3},{"damage":0,"enemies":"3 Shapes","floor":36,"turns":2},{"damage":3,"enemies":"Jaw Worm Horde","floor":38,"turns":4},{"damage":9,"enemies":"Giant Head","floor":40,"turns":10},{"damage":9,"enemies":"Nemesis","floor":42,"turns":7},{"damage":4,"enemies":"Transient","floor":44,"turns":5},{"damage":3,"enemies":"4 Shapes","floor":45,"turns":4},{"damage":16,"enemies":"Writhing Mass","floor":47,"turns":4},{"damage":1,"enemies":"Reptomancer","floor":48,"turns":5},{"damage":48,"enemies":"Awakened One","floor":50,"turns":9},{"damage":46,"enemies":"Shield and Spear","floor":54,"turns":5},{"damage":47,"enemies":"The Heart","floor":55,"turns":6}],"seed_played":"-7545023846919524784","potions_obtained":[{"floor":1,"key":"Strength Potion"},{"floor":7,"key":"Energy Potion"},{"floor":16,"key":"Ancient Potion"},{"floor":19,"key":"Energy Potion"},{"floor":22,"key":"Explosive Potion"},{"floor":25,"key":"Energy Potion"},{"floor":28,"key":"Dexterity Potion"},{"floor":38,"key":"Swift Potion"},{"floor":40,"key":"SteroidPotion"},{"floor":44,"key":"FearPotion"},{"floor":45,"key":"SteroidPotion"}],"is_trial":false,"path_per_floor":["M","M","?","?","M","R","E","$","T","E","M","?","M","E","R","B",null,"M","?","?","$","M","E","T","E","T","$","M","R","E","M","R","B",null,"M","M","?","M","?","E","?","E","T","M","M","R","M","E","R","B",null,"R","$","E","B"],"character_chosen":"IRONCLAD","items_purchased":["Battle Trance","Immolate","Madness","Sundial","AttackPotion"],"campfire_rested":2,"item_purchase_floors":[8,8,21,21,53],"current_hp_per_floor":[80,80,60,49,55,55,33,33,33,33,33,33,38,33,33,19,80,79,70,70,70,74,56,56,48,48,48,59,59,70,80,80,80,80,80,80,80,80,70,74,74,78,80,80,80,80,75,80,80,38,80,80,80,45,0],"gold":80,"neow_bonus":"RANDOM_COMMON_RELIC","is_prod":false,"is_daily":false,"chose_seed":false,"campfire_upgraded":4,"win_rate":0,"timestamp":1549762549,"path_taken":["M","M","?","?","M","R","E","?","T","E","?","?","M","E","R","BOSS","M","?","?","$","?","E","?","E","T","$","M","R","E","M","R","BOSS","M","M","?","M","?","E","?","E","T","M","?","R","M","E","R","BOSS","R","$","E","BOSS"],"build_version":"2019-01-23","purchased_purges":3,"victory":false,"max_hp_per_floor":[80,80,80,80,80,80,80,80,80,80,80,80,80,80,80,80,80,80,80,80,80,80,80,80,80,80,80,80,80,80,80,80,80,80,80,80,80,80,80,80,80,80,80,80,80,80,80,80,80,80,80,80,80,80,80],"card_choices":[{"not_picked":["Second Wind","Headbutt"],"picked":"Iron Wave","floor":1},{"not_picked":["Sentinel","Seeing Red"],"picked":"Armaments","floor":2},{"not_picked":["Heavy Blade","Warcry"],"picked":"Iron Wave","floor":5},{"not_picked":["Bloodletting","Twin Strike","Headbutt"],"picked":"SKIP","floor":7},{"not_picked":["Spot Weakness","Warcry"],"picked":"Bludgeon","floor":10},{"not_picked":["Thunderclap","Reckless Charge"],"picked":"Flex","floor":11},{"not_picked":["Havoc","Cleave","Warcry"],"picked":"SKIP","floor":13},{"not_picked":["Inflame","Headbutt"],"picked":"Seeing Red","floor":14},{"not_picked":["Demon Form","Offering"],"picked":"Barricade","floor":16},{"not_picked":["Sentinel","Headbutt+1"],"picked":"Shrug It Off+1","floor":18},{"not_picked":["Second Wind","Cleave"],"picked":"Armaments","floor":19},{"not_picked":["Cleave+1","Sword Boomerang","Iron Wave"],"picked":"Power Through","floor":22},{"not_picked":["Searing Blow","Havoc","Anger"],"picked":"Entrench","floor":23},{"not_picked":["Intimidate","Immolate","Sever Soul"],"picked":"Infernal Blade","floor":25},{"not_picked":["Sever Soul","Flex","Havoc+1"],"picked":"Pommel Strike+1","floor":28},{"not_picked":["Rupture","Bloodletting+1","Flex"],"picked":"True Grit+1","floor":30},{"not_picked":["Cleave","Dual Wield","Perfected Strike"],"picked":"Spot Weakness","floor":31},{"not_picked":["Impervious","Barricade","Fiend Fire"],"picked":"Brutality","floor":33},{"not_picked":["Clothesline+1","Heavy Blade+1","Warcry","Thunderclap"],"picked":"SKIP","floor":35},{"not_picked":["Armaments+1","Heavy Blade","Spot Weakness"],"picked":"Rupture","floor":36},{"not_picked":["Warcry+1","Anger+1","Sentinel+1"],"picked":"Bloodletting","floor":38},{"not_picked":["Master of Strategy","Impatience","Transmutation"],"picked":"Purity","floor":39},{"not_picked":["Purity","Jack Of All Trades","Trip"],"picked":"Mayhem","floor":39},{"not_picked":["Purity","Dramatic Entrance","Bandage Up"],"picked":"Master of Strategy","floor":39},{"not_picked":["Armaments","Thunderclap+1","Clothesline","Sword Boomerang"],"picked":"SKIP","floor":40},{"not_picked":["Corruption+1","Iron Wave+1","Thunderclap"],"picked":"Heavy Blade+1","floor":42},{"not_picked":["Havoc+1","Seeing Red","Armaments+1"],"picked":"Body Slam","floor":44},{"not_picked":["Havoc","Iron Wave","Searing Blow+1"],"picked":"Flame Barrier+1","floor":45},{"not_picked":["Dual Wield","Power Through+1","Twin Strike"],"picked":"Double Tap","floor":47},{"not_picked":["Havoc","True Grit+1","Burning Pact"],"picked":"Body Slam","floor":48},{"not_picked":["Heavy Blade+1","Shockwave+1","Body Slam+1"],"picked":"Spot Weakness","floor":49},{"not_picked":["Immolate","Evolve+1","Clash+1"],"picked":"Infernal Blade+1","floor":54}],"player_experience":127889,"relics_obtained":[{"floor":7,"key":"Dream Catcher"},{"floor":9,"key":"Centennial Puzzle"},{"floor":10,"key":"PreservedInsect"},{"floor":14,"key":"Mercury Hourglass"},{"floor":19,"key":"Unceasing Top"},{"floor":19,"key":"Question Card"},{"floor":23,"key":"Potion Belt"},{"floor":24,"key":"Bottled Tornado"},{"floor":25,"key":"Vajra"},{"floor":26,"key":"Oddly Smooth Stone"},{"floor":30,"key":"Blood Vial"},{"floor":40,"key":"Du-Vu Doll"},{"floor":42,"key":"The Courier"},{"floor":48,"key":"Art of War"},{"floor":54,"key":"Boot"}],"event_choices":[{"damage_healed":0,"gold_gain":0,"player_choice":"Take Damage","damage_taken":20,"relics_obtained":["Golden Idol"],"max_hp_gain":0,"max_hp_loss":0,"event_name":"Golden Idol","floor":3,"gold_loss":0},{"damage_healed":0,"gold_gain":75,"player_choice":"Gather Gold","damage_taken":11,"max_hp_gain":0,"max_hp_loss":0,"event_name":"World of Goop","floor":4,"gold_loss":0},{"cards_removed":["Strike_R"],"damage_healed":0,"gold_gain":0,"player_choice":"Forget","damage_taken":0,"max_hp_gain":0,"max_hp_loss":0,"event_name":"Living Wall","floor":12,"gold_loss":0},{"damage_healed":0,"gold_gain":0,"player_choice":"Fight","damage_taken":0,"max_hp_gain":0,"max_hp_loss":0,"event_name":"Colosseum","floor":19,"gold_loss":0},{"damage_healed":0,"gold_gain":0,"player_choice":"Fought Nobs","damage_taken":0,"max_hp_gain":0,"max_hp_loss":0,"event_name":"Colosseum","floor":19,"gold_loss":0},{"damage_healed":0,"gold_gain":0,"player_choice":"Gave Idol","damage_taken":0,"relics_obtained":["Bloody Idol"],"max_hp_gain":0,"max_hp_loss":0,"event_name":"Forgotten Altar","floor":20,"relics_lost":["Golden Idol"],"gold_loss":0},{"damage_healed":0,"gold_gain":0,"player_choice":"Paid","damage_taken":0,"relics_obtained":["Red Mask"],"max_hp_gain":0,"max_hp_loss":0,"event_name":"Tomb of Lord Red Mask","floor":37,"gold_loss":190},{"damage_healed":0,"gold_gain":0,"player_choice":"Memory 3","damage_taken":10,"max_hp_gain":0,"max_hp_loss":0,"event_name":"SensoryStone","floor":39,"gold_loss":0},{"damage_healed":0,"gold_gain":0,"player_choice":"Ignored","damage_taken":0,"max_hp_gain":0,"max_hp_loss":0,"event_name":"SecretPortal","floor":41,"gold_loss":0}],"is_beta":false,"boss_relics":[{"not_picked":["Runic Cube","Astrolabe"],"picked":"Cursed Key"},{"not_picked":["Pandora\u0027s Box","White Beast Statue"],"picked":"Fusion Hammer"}],"items_purged_floors":[21,27,53],"is_endless":false,"potions_floor_spawned":[1,7,16,19,22,25,28,38,40,44,45,48,54],"killed_by":"The Heart","ascension_level":1}