{"gold_per_floor":[116,131,206,131,181,181,201,236,236,261,276,293,309,24,24,98,98,108,124,224,243,243,271,291,291,291,291,324,374,299,224,224,301,301,319,244,263,208,220,220,42,58,58,58],"floor_reached":44,"playtime":3629,"items_purged":["Strike_G"],"score":918,"play_id":"a9c1ef20-b276-4b90-b973-0d709f8ce0b4","local_time":"20190212192738","is_ascension_mode":true,"campfire_choices":[{"floor":6.0,"key":"REST"},{"floor":15.0,"key":"REST"},{"floor":25.0,"key":"REST"},{"floor":32.0,"key":"REST"},{"floor":40,"key":"RECALL"}],"neow_cost":"NONE","seed_source_timestamp":0,"circlet_count":0,"master_deck":["AscendersBane","Defend_G","Defend_G","Defend_G","Defend_G","Strike_G","Strike_G","Strike_G","Survivor","Neutralize","Choke","Terror","Backflip","Footwork","Escape Plan","Caltrops","Finisher","Tools of the Trade","Outmaneuver+1","PiercingWail+1","Crippling Poison+1","Acrobatics+1","Backflip+1","Well Laid Plans+1","Calculated Gamble+1","Caltrops+1","Bouncing Flask+1","Blur+1","Night Terror+1","Adrenaline+1","Noxious Fumes","Acrobatics+1","Footwork","Blur+1","Noxious Fumes"],"special_seed":0,"relics":["Fusion Hammer","Bird Faced Urn","Blue Candle","Ornamental Fan","Toxic Egg 2","Orrery","Calipers","Singing Bowl","Ginger","Darkstone Periapt","Bronze Scales","Orichalcum"],"potions_floor_usage":[],"damage_taken":[{"damage":2.0,"enemies":"Small Slimes","floor":1.0,"turns":4.0},{"damage":0.0,"enemies":"Jaw Worm","floor":2.0,"turns":3.0},{"damage":0.0,"enemies":"Cultist","floor":7.0,"turns":3.0},{"damage":31.0,"enemies":"3 Sentries","floor":8.0,"turns":9.0},{"damage":19.0,"enemies":"Gremlin Nob","floor":10.0,"turns":4.0},{"damage":1.0,"enemies":"Looter","floor":11.0,"turns":4.0},{"damage":0.0,"enemies":"Blue Slaver","floor":12.0,"turns":4.0},{"damage":0.0,"enemies":"Exordium Wildlife","floor":13.0,"turns":5.0},{"damage":38.0,"enemies":"The Guardian","floor":16.0,"turns":12.0},{"damage":18.0,"enemies":"Spheric Guardian","floor":18.0,"turns":7.0},{"damage":8.0,"enemies":"Shell Parasite","floor":19.0,"turns":5.0},{"damage":13.0,"enemies":"Colosseum Slavers","floor":20.0,"turns":7.0},{"damage":11.0,"enemies":"Colosseum Nobs","floor":20.0,"turns":6.0},{"damage":24.0,"enemies":"Snake Plant","floor":21.0,"turns":5.0},{"damage":3.0,"enemies":"Gremlin Leader","floor":23.0,"turns":6.0},{"damage":22.0,"enemies":"Centurion and Healer","floor":24.0,"turns":7.0},{"damage":21.0,"enemies":"Book of Stabbing","floor":28.0,"turns":6.0},{"damage":45.0,"enemies":"Collector","floor":33.0,"turns":11.0},{"damage":2.0,"enemies":"3 Darklings","floor":35.0,"turns":5.0},{"damage":3,"enemies":"3 Shapes","floor":37,"turns":5},{"damage":0,"enemies":"Maw","floor":39,"turns":8},{"damage":41,"enemies":"Sphere and 2 Shapes","floor":42,"turns":5},{"damage":61,"enemies":"Transient","floor":44,"turns":6}],"seed_played":"1463447262481361323","potions_obtained":[{"floor":1.0,"key":"Explosive Potion"},{"floor":7.0,"key":"SneckoOil"},{"floor":8.0,"key":"Block Potion"},{"floor":13.0,"key":"Ancient Potion"},{"floor":19.0,"key":"GhostInAJar"},{"floor":21.0,"key":"Dexterity Potion"},{"floor":28.0,"key":"SmokeBomb"},{"floor":37,"key":"FearPotion"},{"floor":39,"key":"Swift Potion"}],"is_trial":false,"path_per_floor":["?","?","?","M","?","?","M","?","?","$","?"],"character_chosen":"THE_SILENT","items_purchased":["Toxic Egg 2","Noxious Fumes","Acrobatics+1","Blur+1","Noxious Fumes"],"campfire_rested":4,"item_purchase_floors":[14,36,38,41,41],"current_hp_per_floor":[57,57,46,46,46,65,65,34,34,15,16,18,22,22,41,7,51,39,37,29,13,26,33,21,40,40,40,27,27,27,27,46,11,52,62,62,70,70,70,70,70,53,53,2],"gold":58,"neow_bonus":"BOSS_RELIC","is_prod":false,"is_daily":false,"chose_seed":false,"campfire_upgraded":0,"win_rate":0,"timestamp":1549967258,"path_taken":["M","M","?","?","?","R","M","E","T","E","M","M","?","$","R","BOSS","M","M","?","M","?","E","?","R","T","?","E","?","?","?","R","BOSS","M","$","M","$","M","R","$","M","T","M"],"build_version":"2019-01-23","purchased_purges":1,"victory":false,"max_hp_per_floor":[66,66,66,66,66,66,66,66,66,66,66,66,66,66,66,66,66,66,66,66,66,66,66,66,66,66,66,66,66,66,66,66,66,66,68,68,70,70,70,70,70,72,72,72],"card_choices":[{"not_picked":["Sucker Punch","Masterful Stab"],"picked":"Choke","floor":1.0},{"not_picked":["Skewer","Quick Slash","Bane"],"picked":"SKIP","floor":2.0},{"not_picked":["All Out Attack","Bane"],"picked":"Terror","floor":7.0},{"not_picked":["Calculated Gamble","Sucker Punch"],"picked":"Backflip","floor":8.0},{"not_picked":["Concentrate","Distraction"],"picked":"Footwork","floor":10.0},{"not_picked":["Sucker Punch","Endless Agony"],"picked":"Escape Plan","floor":11.0},{"not_picked":["Prepared","Expertise"],"picked":"Caltrops","floor":12.0},{"not_picked":["Choke","Prepared"],"picked":"Finisher","floor":13.0},{"not_picked":["Die Die Die","Grand Finale"],"picked":"Tools of the Trade","floor":16.0},{"not_picked":["Accuracy","Underhanded Strike"],"picked":"Outmaneuver+1","floor":17.0},{"not_picked":["Caltrops","Tools of the Trade"],"picked":"PiercingWail+1","floor":17.0},{"not_picked":["Blade Dance+1","Dagger Spray"],"picked":"Crippling Poison+1","floor":17.0},{"not_picked":["Underhanded Strike","Sucker Punch"],"picked":"Acrobatics+1","floor":17.0},{"not_picked":["Flying Knee","Bane"],"picked":"Backflip+1","floor":18.0},{"not_picked":["Riddle With Holes","Dagger Spray"],"picked":"Well Laid Plans+1","floor":19.0},{"not_picked":["Tools of the Trade","Poisoned Stab"],"picked":"Calculated Gamble+1","floor":20.0},{"not_picked":["Bane","Crippling Poison+1"],"picked":"Caltrops+1","floor":21.0},{"not_picked":["Noxious Fumes","Poisoned Stab"],"picked":"Bouncing Flask+1","floor":23.0},{"not_picked":["Reflex+1","Concentrate+1"],"picked":"Blur+1","floor":24.0},{"not_picked":["Crippling Poison+1","Dagger Spray"],"picked":"Night Terror+1","floor":28.0},{"not_picked":["Phantasmal Killer+1","Wraith Form v2"],"picked":"Adrenaline+1","floor":33.0},{"not_picked":["PiercingWail+1","Terror+1","Blade Dance+1"],"picked":"Singing Bowl","floor":35.0},{"not_picked":["Distraction+1","Masterful Stab","Flying Knee"],"picked":"Singing Bowl","floor":37},{"not_picked":["PiercingWail+1","Dagger Spray"],"picked":"Footwork","floor":39},{"not_picked":["Cloak And Dagger+1","Slice","PiercingWail+1"],"picked":"Singing Bowl","floor":42}],"player_experience":365250,"relics_obtained":[{"floor":8.0,"key":"Bird Faced Urn"},{"floor":9.0,"key":"Blue Candle"},{"floor":10.0,"key":"Ornamental Fan"},{"floor":20.0,"key":"Calipers"},{"floor":20.0,"key":"Singing Bowl"},{"floor":23.0,"key":"Ginger"},{"floor":26.0,"key":"Darkstone Periapt"},{"floor":28.0,"key":"Bronze Scales"},{"floor":43,"key":"Orichalcum"}],"event_choices":[{"damage_healed":0.0,"max_hp_gain":0.0,"max_hp_loss":0.0,"gold_gain":75.0,"event_name":"World of Goop","player_choice":"Gather Gold","floor":3.0,"gold_loss":0.0,"damage_taken":11.0},{"cards_removed":["Strike_G"],"damage_healed":0.0,"max_hp_gain":0.0,"max_hp_loss":0.0,"gold_gain":0.0,"event_name":"The Cleric","player_choice":"Card Removal","floor":4.0,"gold_loss":75.0,"damage_taken":0.0},{"damage_healed":0.0,"max_hp_gain":0.0,"max_hp_loss":0.0,"gold_gain":50.0,"event_name":"Golden Shrine","player_choice":"Pray","floor":5.0,"gold_loss":0.0,"damage_taken":0.0},{"damage_healed":0.0,"max_hp_gain":0.0,"max_hp_loss":0.0,"gold_gain":0.0,"event_name":"Colosseum","player_choice":"Fight","floor":20.0,"gold_loss":0.0,"damage_taken":0.0},{"damage_healed":0.0,"max_hp_gain":0.0,"max_hp_loss":0.0,"gold_gain":0.0,"event_name":"Colosseum","player_choice":"Fought Nobs","floor":20.0,"gold_loss":0.0,"damage_taken":0.0},{"damage_healed":13.0,"max_hp_gain":0.0,"max_hp_loss":0.0,"gold_gain":0.0,"event_name":"The Library","player_choice":"Heal","floor":22.0,"gold_loss":0.0,"damage_taken":0.0},{"damage_healed":0.0,"max_hp_gain":0.0,"max_hp_loss":0.0,"gold_gain":0.0,"event_name":"Ghosts","player_choice":"Ignored","floor":27.0,"gold_loss":0.0,"damage_taken":0.0},{"damage_healed":0.0,"max_hp_gain":0.0,"max_hp_loss":0.0,"gold_gain":50.0,"event_name":"Nest","player_choice":"Stole From Cult","floor":29.0,"gold_loss":0.0,"damage_taken":0.0},{"cards_removed":["Defend_G"],"damage_healed":0.0,"max_hp_gain":0.0,"max_hp_loss":0.0,"gold_gain":0.0,"event_name":"Beggar","player_choice":"Gave Gold","floor":31.0,"gold_loss":75.0,"damage_taken":0.0}],"is_beta":false,"boss_relics":[{"not_picked":["HoveringKite","Snecko Eye"],"picked":"Orrery"},{"not_picked":["Coffee Dripper","Runic Dome","Pandora\u0027s Box"]}],"items_purged_floors":[30],"is_endless":false,"potions_floor_spawned":[1,7,8,13,19,20,21,24,28,37,39],"killed_by":"Transient","ascension_level":19}