{"gold_per_floor":[16,30,40,58,78,110,110,110,186,200,535,495,507,522,522,626,626,637,655,169,169,94,119,129,129,129,139,166,166,179,179,179,281,281,299,118,173,173,29,43,74,86,86,86,102,134,34,47,47,47],"floor_reached":51,"playtime":3891,"items_purged":["Dagger Throw","Cloak And Dagger","Sucker Punch"],"score":961,"play_id":"03da9daa-c1ca-4de0-a94b-86a058a81d74","local_time":"20190214020928","is_ascension_mode":false,"campfire_choices":[{"data":"Footwork","floor":8,"key":"SMITH"},{"data":"Cloak And Dagger","floor":15,"key":"SMITH"},{"data":"Bullet Time","floor":25,"key":"SMITH"},{"data":"Acrobatics","floor":32,"key":"SMITH"},{"data":"Caltrops","floor":44,"key":"SMITH"},{"data":"Deep Breath","floor":49,"key":"SMITH"}],"neow_cost":"NO_GOLD","seed_source_timestamp":102703535182700,"circlet_count":0,"master_deck":["Survivor","Neutralize","Footwork+1","Quick Slash","Dagger Spray","Corpse Explosion","Deflect","Escape Plan","Leg Sweep","Cloak And Dagger+1","Flying Knee","Glass Knife","Blur","Bullet Time+1","Burst+1","Dagger Throw","Acrobatics+1","Deadly Poison","Caltrops+1","Backflip","Acrobatics+1","Blur","Calculated Gamble","Dodge and Roll+1","Deep Breath+1","Backflip+1","Doppelganger"],"relics":["Ring of the Snake","Oddly Smooth Stone","Pear","Old Coin","Pandora\u0027s Box","Thread and Needle","Art of War","Blood Vial","Paper Crane","Bottled Lightning","Eternal Feather","Unceasing Top","Happy Flower","Pocketwatch","The Courier","Dead Branch"],"potions_floor_usage":[5,6,16,16,29,37,41,50,50],"damage_taken":[{"damage":0,"enemies":"Jaw Worm","floor":1,"turns":7},{"damage":0,"enemies":"Cultist","floor":2,"turns":4},{"damage":1,"enemies":"Small Slimes","floor":3,"turns":3},{"damage":12,"enemies":"Gremlin Gang","floor":4,"turns":4},{"damage":0,"enemies":"Large Slime","floor":5,"turns":6},{"damage":9,"enemies":"Gremlin Nob","floor":6,"turns":4},{"damage":0,"enemies":"3 Louse","floor":10,"turns":2},{"damage":9,"enemies":"3 Sentries","floor":11,"turns":4},{"damage":0,"enemies":"Red Slaver","floor":13,"turns":4},{"damage":1,"enemies":"Looter","floor":14,"turns":3},{"damage":31,"enemies":"Slime Boss","floor":16,"turns":10},{"damage":5,"enemies":"Spheric Guardian","floor":18,"turns":7},{"damage":0,"enemies":"3 Byrds","floor":19,"turns":4},{"damage":0,"enemies":"Book of Stabbing","floor":23,"turns":7},{"damage":2,"enemies":"Snake Plant","floor":24,"turns":5},{"damage":0,"enemies":"Centurion and Healer","floor":27,"turns":4},{"damage":0,"enemies":"Slavers","floor":28,"turns":3},{"damage":0,"enemies":"Sentry and Sphere","floor":30,"turns":6},{"damage":0,"enemies":"Collector","floor":33,"turns":10},{"damage":0,"enemies":"Orb Walker","floor":35,"turns":4},{"damage":24,"enemies":"2 Orb Walkers","floor":37,"turns":5},{"damage":0,"enemies":"3 Darklings","floor":40,"turns":3},{"damage":0,"enemies":"Giant Head","floor":41,"turns":14},{"damage":0,"enemies":"Spire Growth","floor":42,"turns":7},{"damage":0,"enemies":"Transient","floor":45,"turns":5},{"damage":3,"enemies":"Reptomancer","floor":46,"turns":6},{"damage":0,"enemies":"Jaw Worm Horde","floor":48,"turns":2},{"damage":0,"enemies":"Donu and Deca","floor":50,"turns":10}],"seed_played":"-5656902818018671650","potions_obtained":[{"floor":2,"key":"Poison Potion"},{"floor":3,"key":"SteroidPotion"},{"floor":12,"key":"Swift Potion"},{"floor":12,"key":"FairyPotion"},{"floor":12,"key":"GamblersBrew"},{"floor":13,"key":"PowerPotion"},{"floor":16,"key":"Regen Potion"},{"floor":18,"key":"SneckoOil"},{"floor":24,"key":"Block Potion"},{"floor":28,"key":"SpeedPotion"},{"floor":29,"key":"Fruit Juice"},{"floor":29,"key":"GhostInAJar"},{"floor":29,"key":"Swift Potion"},{"floor":33,"key":"Swift Potion"},{"floor":40,"key":"PowerPotion"},{"floor":42,"key":"SpeedPotion"},{"floor":46,"key":"EssenceOfSteel"}],"is_trial":false,"path_per_floor":["?","M","?","M","?","?","?","M","?","?","?","$","M","$"],"character_chosen":"THE_SILENT","items_purchased":["Caltrops","Backflip","Thread and Needle","Calculated Gamble","Happy Flower"],"campfire_rested":0,"item_purchase_floors":[20,20,20,36,39],"current_hp_per_floor":[70,70,69,57,57,48,48,48,58,58,49,49,49,48,48,17,80,75,75,75,75,75,75,75,75,75,77,79,84,85,85,85,85,85,85,85,61,51,51,53,55,57,57,72,74,73,73,75,85,85],"gold":47,"neow_bonus":"REMOVE_TWO","is_prod":false,"is_daily":false,"chose_seed":false,"campfire_upgraded":6,"win_rate":0,"timestamp":1550077768,"path_taken":["M","M","M","M","M","E","?","R","T","?","E","?","M","M","R","BOSS","M","?","$","?","?","E","M","R","T","M","E","?","?","?","R","BOSS","M","$","?","?","?","M","E","?","T","R","M","E","?","M","R","BOSS"],"build_version":"2019-01-23","purchased_purges":3,"victory":true,"max_hp_per_floor":[70,70,70,70,70,70,70,70,80,80,80,80,80,80,80,80,80,80,80,80,80,80,80,80,80,80,80,80,85,85,85,85,85,85,85,85,85,85,85,85,85,85,85,85,85,85,85,85,85,85],"card_choices":[{"not_picked":["Dagger Throw","Distraction"],"picked":"Footwork","floor":1},{"not_picked":["Prepared","Slice"],"picked":"Quick Slash","floor":2},{"not_picked":["Concentrate","Flying Knee"],"picked":"Dagger Spray","floor":3},{"not_picked":["Dagger Throw","Quick Slash"],"picked":"Corpse Explosion","floor":4},{"not_picked":["Dagger Spray","Underhanded Strike"],"picked":"Deflect","floor":5},{"not_picked":["Blur","Dagger Throw"],"picked":"Escape Plan","floor":6},{"not_picked":["Underhanded Strike","Endless Agony"],"picked":"Cloak And Dagger","floor":10},{"not_picked":["Backflip","Reflex"],"picked":"Flying Knee","floor":11},{"not_picked":["Flying Knee","Infinite Blades"],"picked":"Glass Knife","floor":13},{"not_picked":["Quick Slash","Deflect"],"picked":"Blur","floor":14},{"not_picked":["Unload","Night Terror"],"picked":"Bullet Time","floor":16},{"not_picked":["Bane","Dodge and Roll","Backstab+1"],"picked":"SKIP","floor":18},{"not_picked":["Quick Slash","Deflect","Concentrate+1"],"picked":"SKIP","floor":19},{"not_picked":["Dagger Spray","PiercingWail","Concentrate"],"picked":"SKIP","floor":23},{"not_picked":["Dagger Throw","PiercingWail","Bane"],"picked":"SKIP","floor":24},{"not_picked":["Sucker Punch","Outmaneuver","Cloak And Dagger"],"picked":"SKIP","floor":27},{"not_picked":["Terror+1","Dodge and Roll"],"picked":"Acrobatics+1","floor":28},{"not_picked":["Heel Hook","Backstab"],"picked":"Blur","floor":30},{"not_picked":["Quick Slash","Backflip","Sucker Punch+1"],"picked":"SKIP","floor":35},{"not_picked":["Backflip","Dagger Throw"],"picked":"Dodge and Roll+1","floor":37},{"not_picked":["Impatience","Flash of Steel"],"picked":"Deep Breath","floor":38},{"not_picked":["All Out Attack","Dodge and Roll+1","Backflip"],"picked":"SKIP","floor":40},{"not_picked":["Eviscerate","Flechettes+1"],"picked":"Backflip+1","floor":41},{"not_picked":["Riddle With Holes+1","Masterful Stab+1","Underhanded Strike"],"picked":"SKIP","floor":42},{"not_picked":["Acrobatics","Quick Slash","Caltrops"],"picked":"SKIP","floor":45},{"not_picked":["Outmaneuver","Dodge and Roll"],"picked":"Doppelganger","floor":46},{"not_picked":["Outmaneuver+1","Escape Plan+1","Blur"],"picked":"SKIP","floor":48}],"player_experience":391661,"relics_obtained":[{"floor":6,"key":"Oddly Smooth Stone"},{"floor":9,"key":"Pear"},{"floor":11,"key":"Old Coin"},{"floor":23,"key":"Blood Vial"},{"floor":26,"key":"Paper Crane"},{"floor":28,"key":"Bottled Lightning"},{"floor":37,"key":"Unceasing Top"},{"floor":41,"key":"Pocketwatch"},{"floor":43,"key":"The Courier"},{"floor":46,"key":"Dead Branch"}],"event_choices":[{"damage_healed":0,"gold_gain":0,"cards_transformed":["Defend_G"],"player_choice":"Transformed","damage_taken":0,"max_hp_gain":0,"max_hp_loss":0,"event_name":"Transmorgrifier","floor":7,"gold_loss":0,"cards_obtained":["Leg Sweep"]},{"damage_healed":0,"gold_gain":0,"player_choice":"Bought 3 Potions","damage_taken":0,"max_hp_gain":0,"max_hp_loss":0,"event_name":"The Woman in Blue","floor":12,"gold_loss":0},{"damage_healed":0,"gold_gain":0,"player_choice":"Opened","damage_taken":0,"relics_obtained":["Art of War"],"max_hp_gain":0,"max_hp_loss":0,"event_name":"The Mausoleum","floor":21,"gold_loss":0,"cards_obtained":["Writhe"]},{"cards_removed":["Writhe"],"damage_healed":0,"gold_gain":0,"player_choice":"Gave Gold","damage_taken":0,"max_hp_gain":0,"max_hp_loss":0,"event_name":"Beggar","floor":22,"gold_loss":75},{"damage_healed":0,"gold_gain":0,"player_choice":"Got Potions","damage_taken":0,"max_hp_gain":0,"max_hp_loss":0,"event_name":"Lab","floor":29,"gold_loss":0},{"damage_healed":0,"gold_gain":0,"player_choice":"Forge","damage_taken":0,"max_hp_gain":0,"max_hp_loss":0,"event_name":"Accursed Blacksmith","floor":31,"gold_loss":0,"cards_upgraded":["Burst"]},{"damage_healed":0,"gold_gain":0,"player_choice":"Fight","damage_taken":0,"max_hp_gain":0,"max_hp_loss":0,"event_name":"Mysterious Sphere","floor":37,"gold_loss":0},{"damage_healed":0,"gold_gain":0,"player_choice":"Memory 3","damage_taken":10,"max_hp_gain":0,"max_hp_loss":0,"event_name":"SensoryStone","floor":38,"gold_loss":0}],"is_beta":false,"boss_relics":[{"not_picked":["Snecko Eye","Philosopher\u0027s Stone"],"picked":"Pandora\u0027s Box"},{"not_picked":["Velvet Choker","Black Star"],"picked":"Eternal Feather"}],"items_purged_floors":[20,36,47],"is_endless":false,"potions_floor_spawned":[2,3,13,16,18,24,28,33,40,42,46],"ascension_level":0}