{"gold_per_floor":[11,22,33,33,33,58,58,73,124,124,124,124,150,36,36,132,132,144,157,157,172,172,172,203,203,257,274,274,82,96,122,122,220,220,235,255,21,37,37,62,82,82,82,130,130,230,230,52,52,52],"floor_reached":51,"playtime":2599,"items_purged":["Strike_R","Strike_R"],"score":933,"play_id":"19089061-3e7b-486f-9557-9293c064bdd5","local_time":"20190213154834","is_ascension_mode":true,"campfire_choices":[{"data":"Rampage","floor":7.0,"key":"SMITH"},{"data":"Headbutt","floor":10.0,"key":"SMITH"},{"floor":12.0,"key":"REST"},{"data":"Flame Barrier","floor":15.0,"key":"SMITH"},{"floor":23.0,"key":"REST"},{"data":"Limit Break","floor":25.0,"key":"SMITH"},{"data":"Double Tap","floor":28.0,"key":"SMITH"},{"floor":32.0,"key":"REST"},{"data":"Discovery","floor":42,"key":"SMITH"},{"data":"Heavy Blade","floor":45,"key":"SMITH"},{"data":"Offering","floor":49,"key":"SMITH"}],"neow_cost":"NO_GOLD","seed_source_timestamp":97737428840637,"circlet_count":0,"master_deck":["Strike_R+1","Defend_R","Defend_R+1","Defend_R","Defend_R","Bash+1","Headbutt+1","Rampage+1","Limit Break+1","Dropkick","Flame Barrier+1","Double Tap+1","Shrug It Off+1","Heavy Blade+1","Discovery+1","Shrug It Off+1","Intimidate+1","Uppercut+1","Metallicize","Dropkick","Entrench+1","Shrug It Off+1","Offering+1","Master of Strategy"],"special_seed":0,"relics":["Burning Blood","Gambling Chip","Shuriken","Orichalcum","Art of War","Ancient Tea Set","Sozu","Juzu Bracelet","PreservedInsect","Red Skull","Bag of Preparation","Black Star","Bag of Marbles","Unceasing Top","War Paint","Mummified Hand","Mango","Magic Flower"],"potions_floor_usage":[50],"damage_taken":[{"damage":4.0,"enemies":"Jaw Worm","floor":1.0,"turns":5.0},{"damage":0.0,"enemies":"Small Slimes","floor":2.0,"turns":3.0},{"damage":1.0,"enemies":"2 Louse","floor":3.0,"turns":3.0},{"damage":21.0,"enemies":"Gremlin Nob","floor":6.0,"turns":4.0},{"damage":12.0,"enemies":"Large Slime","floor":8.0,"turns":5.0},{"damage":3.0,"enemies":"Slime Boss","floor":16.0,"turns":6.0},{"damage":11.0,"enemies":"Spheric Guardian","floor":18.0,"turns":3.0},{"damage":9.0,"enemies":"3 Byrds","floor":19.0,"turns":3.0},{"damage":11.0,"enemies":"Snake Plant","floor":21.0,"turns":4.0},{"damage":13.0,"enemies":"Gremlin Leader","floor":24.0,"turns":5.0},{"damage":0.0,"enemies":"Centurion and Healer","floor":27.0,"turns":4.0},{"damage":39.0,"enemies":"Cultist and Chosen","floor":30.0,"turns":6.0},{"damage":8.0,"enemies":"Slavers","floor":31.0,"turns":3.0},{"damage":5.0,"enemies":"Automaton","floor":33.0,"turns":6.0},{"damage":4.0,"enemies":"3 Shapes","floor":35.0,"turns":4.0},{"damage":1.0,"enemies":"Orb Walker","floor":36.0,"turns":2.0},{"damage":17.0,"enemies":"Writhing Mass","floor":38.0,"turns":6.0},{"damage":14,"enemies":"Reptomancer","floor":40,"turns":5},{"damage":6,"enemies":"Spire Growth","floor":41,"turns":4},{"damage":7,"enemies":"2 Orb Walkers","floor":44,"turns":4},{"damage":1,"enemies":"Mind Bloom Boss Battle","floor":46,"turns":6},{"damage":16,"enemies":"Awakened One","floor":50,"turns":7}],"seed_played":"7815323557131711183","potions_obtained":[{"floor":1.0,"key":"PowerPotion"},{"floor":8.0,"key":"FearPotion"}],"is_trial":false,"path_per_floor":["M","M","M","?","?","E","R","M","T","R","?","R","T","$","R","B",null,"M","M","?","M","?","R","E","R","T","M","R","$","M","E","R","B",null,"M","M","$","M","?","E","M","R","T","?","R","?","?","$","R","B",null],"character_chosen":"IRONCLAD","items_purchased":["Flame Barrier","Discovery","Bag of Marbles","Metallicize","Master of Strategy"],"campfire_rested":3,"item_purchase_floors":[14,29,37,37,48],"current_hp_per_floor":[80,80,80,68,52,37,37,31,31,31,31,55,55,55,55,58,75,70,67,67,62,47,72,65,65,65,71,71,71,38,36,61,62,79,81,85,85,74,74,66,66,66,66,79,79,84,84,84,84,77],"gold":52,"neow_bonus":"ONE_RARE_RELIC","is_prod":false,"is_daily":false,"chose_seed":false,"campfire_upgraded":8,"win_rate":0,"timestamp":1550069314,"path_taken":["M","M","M","?","?","E","R","?","T","R","?","R","?","$","R","BOSS","M","M","?","M","?","R","E","R","T","M","R","$","M","E","R","BOSS","M","M","$","M","?","E","M","R","T","?","R","?","?","$","R","BOSS"],"build_version":"2019-01-23","purchased_purges":2,"victory":true,"max_hp_per_floor":[80,80,80,80,80,80,80,80,80,80,80,80,80,80,80,80,80,80,80,80,80,85,85,85,85,85,85,85,85,85,85,85,85,85,85,85,85,85,85,85,85,85,85,99,99,99,99,99,99,99],"card_choices":[{"not_picked":["Intimidate","Twin Strike"],"picked":"Headbutt","floor":1.0},{"not_picked":["Armaments","Headbutt"],"picked":"Rampage","floor":2.0},{"not_picked":["Headbutt","Havoc"],"picked":"Limit Break","floor":3.0},{"not_picked":["Headbutt","Iron Wave"],"picked":"Dropkick","floor":6.0},{"not_picked":["Heavy Blade","Hemokinesis","Clash"],"picked":"SKIP","floor":8.0},{"not_picked":["Berserk","Juggernaut"],"picked":"Double Tap","floor":16.0},{"not_picked":["Carnage","Havoc","Second Wind+1"],"picked":"SKIP","floor":18.0},{"not_picked":["Cleave+1","Headbutt","True Grit"],"picked":"SKIP","floor":19.0},{"not_picked":["Power Through","Warcry"],"picked":"Shrug It Off+1","floor":21.0},{"not_picked":["Fiend Fire","Twin Strike+1"],"picked":"Heavy Blade","floor":24.0},{"not_picked":["Whirlwind","True Grit","Infernal Blade"],"picked":"SKIP","floor":27.0},{"not_picked":["Anger","Cleave"],"picked":"Shrug It Off","floor":30.0},{"not_picked":["Thunderclap","Iron Wave+1"],"picked":"Intimidate+1","floor":31.0},{"not_picked":["Havoc","Flex"],"picked":"Uppercut+1","floor":35.0},{"not_picked":["Clash+1","Searing Blow+1","Headbutt+1"],"picked":"SKIP","floor":36.0},{"not_picked":["Infernal Blade","Bloodletting","Hemokinesis+1"],"picked":"SKIP","floor":38.0},{"not_picked":["Twin Strike+1","Entrench","Armaments"],"picked":"SKIP","floor":40},{"not_picked":["Shrug It Off+1","Battle Trance"],"picked":"Dropkick","floor":41},{"not_picked":["Blood for Blood","Intimidate"],"picked":"Entrench+1","floor":44},{"not_picked":["Disarm","Headbutt"],"picked":"Shrug It Off+1","floor":46}],"player_experience":83136,"relics_obtained":[{"floor":6.0,"key":"Orichalcum"},{"floor":9.0,"key":"Art of War"},{"floor":13.0,"key":"Ancient Tea Set"},{"floor":24.0,"key":"PreservedInsect"},{"floor":26.0,"key":"Red Skull"},{"floor":31.0,"key":"Bag of Preparation"},{"floor":40,"key":"Unceasing Top"},{"floor":40,"key":"War Paint"},{"floor":43,"key":"Mummified Hand"},{"floor":44,"key":"Mango"},{"floor":46,"key":"Magic Flower"}],"event_choices":[{"damage_healed":0.0,"max_hp_gain":0.0,"max_hp_loss":0.0,"gold_gain":0.0,"event_name":"Scrap Ooze","player_choice":"Success","floor":4.0,"gold_loss":0.0,"damage_taken":12.0,"relics_obtained":["Shuriken"]},{"damage_healed":0.0,"max_hp_gain":0.0,"max_hp_loss":0.0,"gold_gain":0.0,"event_name":"Shining Light","player_choice":"Entered Light","floor":5.0,"gold_loss":0.0,"damage_taken":16.0,"cards_upgraded":["Strike_R","Bash"]},{"cards_removed":["Strike_R"],"damage_healed":0.0,"max_hp_gain":0.0,"max_hp_loss":0.0,"gold_gain":0.0,"event_name":"Living Wall","player_choice":"Forget","floor":11.0,"gold_loss":0.0,"damage_taken":0.0},{"damage_healed":0.0,"max_hp_gain":0.0,"max_hp_loss":0.0,"gold_gain":0.0,"event_name":"The Mausoleum","player_choice":"Opened","floor":20.0,"gold_loss":0.0,"damage_taken":0.0,"relics_obtained":["Juzu Bracelet"]},{"damage_healed":0.0,"max_hp_gain":5.0,"max_hp_loss":0.0,"gold_gain":0.0,"event_name":"Forgotten Altar","player_choice":"Shed Blood","floor":22.0,"gold_loss":0.0,"damage_taken":20.0},{"damage_healed":0,"gold_gain":0,"player_choice":"Got Potions","damage_taken":0,"max_hp_gain":0,"max_hp_loss":0,"event_name":"Lab","floor":39,"gold_loss":0},{"damage_healed":0,"gold_gain":0,"player_choice":"Fight","damage_taken":0,"max_hp_gain":0,"max_hp_loss":0,"event_name":"Mysterious Sphere","floor":44,"gold_loss":0},{"damage_healed":0,"gold_gain":0,"player_choice":"Fight","damage_taken":0,"max_hp_gain":0,"max_hp_loss":0,"event_name":"MindBloom","floor":46,"gold_loss":0},{"damage_healed":0,"gold_gain":0,"cards_transformed":["Strike_R"],"player_choice":"Transformed","damage_taken":0,"max_hp_gain":0,"max_hp_loss":0,"event_name":"Transmorgrifier","floor":47,"gold_loss":0,"cards_obtained":["Offering"]}],"is_beta":false,"boss_relics":[{"not_picked":["Empty Cage","Runic Cube"],"picked":"Sozu"},{"not_picked":["White Beast Statue","Runic Dome"],"picked":"Black Star"}],"items_purged_floors":[14,29],"is_endless":false,"potions_floor_spawned":[1,8,18,27,30,33,36,40,41,46],"ascension_level":5}