{"gold_per_floor":[116,116,136,14,26,26,61,75,101,101,1,20,36,86,86,157,157,177,177,249,249,263,263,297,316,316,330,330,79,89,89,89,166,166,186,186,186,206,206,240,240,240,240,240,250,277,277,277],"floor_reached":48,"playtime":1776,"items_purged":["Strike_R","Strike_R","Strike_R"],"score":933,"play_id":"0f744fcd-7374-445a-abd3-196158b4abc6","local_time":"20180727152601","is_ascension_mode":true,"campfire_choices":[{"data":"Armaments","floor":6.0,"key":"SMITH"},{"data":"Body Slam","floor":10.0,"key":"SMITH"},{"data":"Spot Weakness","floor":15.0,"key":"SMITH"},{"floor":23.0,"key":"REST"},{"data":"Immolate","floor":28.0,"key":"SMITH"},{"floor":32.0,"key":"REST"},{"data":"Limit Break","floor":44,"key":"SMITH"}],"neow_cost":"NONE","seed_source_timestamp":0,"circlet_count":0,"master_deck":["Strike_R","Strike_R","Defend_R","Defend_R","Defend_R","Defend_R","Bash+1","AscendersBane","Flame Barrier","Shrug It Off","Headbutt","Armaments+1","Twin Strike","Body Slam+1","Spot Weakness+1","Immolate+1","Sword Boomerang","Decay","Whirlwind","Pummel","Entrench","Whirlwind+1","Feed","True Grit","Shrug It Off","Limit Break+1","Blind","Body Slam","Entrench","Doubt","Shrug It Off"],"special_seed":0,"relics":["Burning Blood","NeowsBlessing","Bag of Preparation","Oddly Smooth Stone","Philosopher\u0027s Stone","Nilry\u0027s Codex","Shuriken","Strawberry","Lantern","Snecko Eye","Juzu Bracelet","Dodecahedron","Blue Candle"],"potions_floor_usage":[],"damage_taken":[{"damage":0.0,"enemies":"2 Louse","floor":1.0,"turns":1.0},{"damage":0.0,"enemies":"Jaw Worm","floor":3.0,"turns":1.0},{"damage":0.0,"enemies":"Cultist","floor":5.0,"turns":1.0},{"damage":23.0,"enemies":"3 Sentries","floor":7.0,"turns":10.0},{"damage":9.0,"enemies":"Lots of Slimes","floor":8.0,"turns":5.0},{"damage":0.0,"enemies":"Large Slime","floor":12.0,"turns":6.0},{"damage":0.0,"enemies":"Gremlin Gang","floor":13.0,"turns":5.0},{"damage":41.0,"enemies":"The Guardian","floor":16.0,"turns":10.0},{"damage":20.0,"enemies":"2 Thieves","floor":18.0,"turns":4.0},{"damage":9.0,"enemies":"Spheric Guardian","floor":22.0,"turns":3.0},{"damage":5.0,"enemies":"Gremlin Leader","floor":24.0,"turns":6.0},{"damage":0.0,"enemies":"Cultist and Chosen","floor":25.0,"turns":3.0},{"damage":10.0,"enemies":"Centurion and Healer","floor":27.0,"turns":3.0},{"damage":26.0,"enemies":"Sentry and Sphere","floor":30.0,"turns":4.0},{"damage":16.0,"enemies":"Champ","floor":33.0,"turns":12.0},{"damage":14.0,"enemies":"Orb Walker","floor":35.0,"turns":3.0},{"damage":0.0,"enemies":"3 Shapes","floor":38.0,"turns":2.0},{"damage":55,"enemies":"2 Orb Walkers","floor":40,"turns":3},{"damage":0,"enemies":"3 Darklings","floor":45,"turns":2},{"damage":68,"enemies":"Nemesis","floor":46,"turns":11},{"damage":46,"enemies":"Giant Head","floor":48,"turns":5}],"seed_played":"8870585302034579583","potions_obtained":[{"floor":8.0,"key":"SneckoOil"},{"floor":13.0,"key":"Ancient Potion"},{"floor":31.0,"key":"Dexterity Potion"},{"floor":46,"key":"Ancient Potion"}],"is_trial":false,"path_per_floor":["M","?","M","$","M","R","E","M","T","R","$","M","M","?","R","B",null,"M","?","T","?","M","R","E","M","T","M","R","$","M","?","R","B",null,"M","$","?","M","?","E","?","?","T","R","M","E","?"],"character_chosen":"IRONCLAD","items_purchased":["Headbutt","Feed","True Grit"],"campfire_rested":2,"item_purchase_floors":[4,29,29],"current_hp_per_floor":[74,74,75,75,75,75,58,55,55,55,55,61,67,67,67,32,64,50,29,29,29,26,48,64,70,70,66,66,66,46,46,70,60,77,69,69,69,78,78,29,29,85,85,85,85,23,23,0],"gold":277,"neow_bonus":"THREE_ENEMY_KILL","is_prod":false,"is_daily":false,"chose_seed":false,"campfire_upgraded":5,"win_rate":0,"timestamp":1532697961,"path_taken":["M","?","M","?","M","R","E","M","T","R","$","?","M","?","R","BOSS","M","?","?","?","M","R","E","M","T","M","R","?","M","?","R","BOSS","M","$","?","M","?","E","?","?","T","R","M","E","?","E"],"build_version":"2018-07-26","purchased_purges":3,"victory":false,"max_hp_per_floor":[75,75,75,75,75,75,75,75,75,75,75,75,75,75,75,75,75,75,75,75,75,75,75,82,82,82,82,82,82,82,82,82,82,82,82,82,82,85,85,85,85,85,85,85,85,85,85,85],"card_choices":[{"not_picked":["Armaments","Havoc"],"picked":"Flame Barrier","floor":1.0},{"not_picked":["Sword Boomerang","Iron Wave"],"picked":"Shrug It Off","floor":3.0},{"not_picked":["Clothesline","Cleave"],"picked":"Armaments","floor":5.0},{"not_picked":["Flex","Perfected Strike"],"picked":"Twin Strike","floor":7.0},{"not_picked":["Double Tap","Cleave"],"picked":"Body Slam","floor":8.0},{"not_picked":["Sentinel","Pommel Strike"],"picked":"Shrug It Off","floor":12.0},{"not_picked":["Limit Break","Cleave"],"picked":"Spot Weakness","floor":13.0},{"not_picked":["Exhume","Double Tap"],"picked":"Immolate","floor":16.0},{"not_picked":["Thunderclap","Rage"],"picked":"Sword Boomerang","floor":18.0},{"not_picked":["True Grit","Intimidate"],"picked":"Whirlwind","floor":22.0},{"not_picked":["Pommel Strike","Cleave"],"picked":"Pummel","floor":24.0},{"not_picked":["Corruption","Wild Strike+1"],"picked":"Entrench","floor":25.0},{"not_picked":["Body Slam","Flex"],"picked":"Whirlwind+1","floor":27.0},{"not_picked":["Metallicize","Wild Strike"],"picked":"Shrug It Off","floor":30.0},{"not_picked":["Double Tap","Reaper"],"picked":"Limit Break","floor":33.0},{"not_picked":["Anger+1","Whirlwind","Heavy Blade+1"],"picked":"SKIP","floor":35.0},{"not_picked":["Trip","Madness"],"picked":"Blind","floor":37.0},{"not_picked":["Rampage+1","Sever Soul+1"],"picked":"Body Slam","floor":38.0},{"not_picked":["Wild Strike","Clash","Perfected Strike"],"picked":"SKIP","floor":40},{"not_picked":["Anger","Flex"],"picked":"Shrug It Off","floor":45},{"not_picked":["Iron Wave","Double Tap","Perfected Strike+1"],"picked":"SKIP","floor":46}],"player_experience":1178285,"relics_obtained":[{"floor":7.0,"key":"Bag of Preparation"},{"floor":9.0,"key":"Oddly Smooth Stone"},{"floor":19.0,"key":"Nilry\u0027s Codex"},{"floor":20.0,"key":"Shuriken"},{"floor":24.0,"key":"Strawberry"},{"floor":26.0,"key":"Lantern"},{"floor":40,"key":"Juzu Bracelet"},{"floor":43,"key":"Dodecahedron"},{"floor":46,"key":"Blue Candle"}],"event_choices":[{"event_name":"Living Wall","player_choice":"Grow","floor":2.0,"damage_taken":0.0},{"event_name":"Golden Shrine","player_choice":"Pray","floor":14.0,"damage_taken":0.0},{"event_name":"Cursed Tome","player_choice":"Obtained Book","floor":19.0,"damage_taken":0.0},{"event_name":"Forgotten Altar","player_choice":"Smashed Altar","floor":21.0,"damage_taken":0.0},{"event_name":"The Lab","player_choice":"Got Potions","floor":31.0,"damage_taken":0.0},{"event_name":"SensoryStone","player_choice":"Memory 1","floor":37.0,"damage_taken":0.0},{"event_name":"Duplicator","player_choice":"One dupe","floor":39.0,"damage_taken":0.0},{"event_name":"Mysterious Sphere","player_choice":"Ignore","floor":41,"damage_taken":0},{"event_name":"MindBloom","player_choice":"Heal","floor":42,"damage_taken":0},{"event_name":"Falling","player_choice":"Removed Skill","floor":47,"damage_taken":0}],"is_beta":false,"boss_relics":[{"not_picked":["Lizard Tail","Black Blood"],"picked":"Philosopher\u0027s Stone"},{"not_picked":["Tiny House","White Beast Statue"],"picked":"Snecko Eye"}],"items_purged_floors":[4,11,29],"is_endless":false,"potions_floor_spawned":[8,13,16,27,30,46],"killed_by":"Giant Head","ascension_level":15}