{"gold_per_floor":[364,364,389,412,16,16,16,16,16,54,54,54,68,92,92,181,181,206,131,31,46,130,170,170],"floor_reached":24,"playtime":1380,"items_purged":["Strike_G","Strike_G"],"score":385,"play_id":"97532a1c-8eaa-4d85-967b-ddc4814aa72d","local_time":"20190211120625","is_ascension_mode":true,"campfire_choices":[{"data":"Skewer","floor":6.0,"key":"SMITH"},{"floor":8.0,"key":"REST"},{"data":"After Image","floor":12,"key":"SMITH"},{"data":"Adrenaline","floor":15,"key":"SMITH"}],"neow_cost":"PERCENT_DAMAGE","seed_source_timestamp":0,"circlet_count":0,"master_deck":["AscendersBane","Defend_G","Defend_G","Defend_G","Defend_G","Strike_G","Strike_G","Survivor","Neutralize","Calculated Gamble","Adrenaline+1","Sucker Punch","Blur","Skewer+1","Blur","After Image+1","Footwork","Bouncing Flask","Corpse Explosion","Backflip","Deadly Poison","Flechettes"],"special_seed":0,"relics":["Ring of the Snake","Golden Idol","Meat on the Bone","Bottled Lightning","Dream Catcher","Empty Cage","Tiny Chest","Sundial"],"potions_floor_usage":[23],"damage_taken":[{"damage":0.0,"enemies":"Small Slimes","floor":1.0,"turns":5.0},{"damage":1.0,"enemies":"Cultist","floor":3.0,"turns":4.0},{"damage":0.0,"enemies":"2 Louse","floor":4.0,"turns":2.0},{"damage":29.0,"enemies":"Lagavulin","floor":10.0,"turns":8.0},{"damage":2,"enemies":"2 Fungi Beasts","floor":13,"turns":4},{"damage":0,"enemies":"Blue Slaver","floor":14,"turns":4},{"damage":4,"enemies":"The Guardian","floor":16,"turns":12},{"damage":2,"enemies":"Spheric Guardian","floor":18,"turns":5},{"damage":5,"enemies":"Shell Parasite","floor":21,"turns":7},{"damage":52,"enemies":"Slavers","floor":23,"turns":7},{"damage":22,"enemies":"Cultist and Chosen","floor":24,"turns":7}],"seed_played":"4369602526075440935","potions_obtained":[{"floor":4.0,"key":"Block Potion"},{"floor":13,"key":"Energy Potion"},{"floor":14,"key":"Weak Potion"},{"floor":23,"key":"Weak Potion"}],"is_trial":false,"path_per_floor":["?","?","$","T"],"character_chosen":"THE_SILENT","items_purchased":["Meat on the Bone","Blur","Skewer"],"campfire_rested":1,"item_purchase_floors":[5,5,5],"current_hp_per_floor":[44,21,20,20,20,20,20,39,39,22,22,22,32,44,44,40,60,58,58,58,53,53,13,0],"gold":170,"neow_bonus":"TWO_FIFTY_GOLD","is_prod":false,"is_daily":false,"chose_seed":false,"campfire_upgraded":3,"win_rate":0,"timestamp":1549854385,"path_taken":["M","?","M","M","$","R","$","R","T","E","?","R","M","M","R","BOSS","M","?","$","M","?","E","M"],"build_version":"2019-01-23","purchased_purges":2,"victory":false,"max_hp_per_floor":[66,66,66,66,66,66,66,66,66,66,66,66,66,66,66,66,66,66,66,66,66,66,66,66],"card_choices":[{"not_picked":["Slice","Prepared"],"picked":"Calculated Gamble","floor":1.0},{"not_picked":["Acrobatics","Deflect"],"picked":"Adrenaline","floor":3.0},{"not_picked":["PiercingWail","Blade Dance"],"picked":"Sucker Punch","floor":4.0},{"not_picked":["Sucker Punch","Wraith Form v2"],"picked":"Blur","floor":10.0},{"not_picked":["Flying Knee","Poisoned Stab"],"picked":"Footwork","floor":13},{"not_picked":["Poisoned Stab","Flying Knee"],"picked":"Bouncing Flask","floor":14},{"not_picked":["Glass Knife","Envenom"],"picked":"Corpse Explosion","floor":16},{"not_picked":["Underhanded Strike","Caltrops"],"picked":"Backflip","floor":18},{"not_picked":["Dodge and Roll+1","Bane"],"picked":"Deadly Poison","floor":21},{"not_picked":["Finisher","Expertise+1"],"picked":"Flechettes","floor":23}],"player_experience":326806,"relics_obtained":[{"floor":9.0,"key":"Bottled Lightning"},{"floor":10.0,"key":"Dream Catcher"},{"floor":22,"key":"Tiny Chest"},{"floor":23,"key":"Sundial"}],"event_choices":[{"damage_healed":0.0,"max_hp_gain":0.0,"max_hp_loss":0.0,"gold_gain":0.0,"event_name":"Golden Idol","player_choice":"Take Damage","floor":2.0,"gold_loss":0.0,"damage_taken":23.0,"relics_obtained":["Golden Idol"]},{"damage_healed":0,"gold_gain":0,"player_choice":"1 cards matched","damage_taken":0,"max_hp_gain":0,"max_hp_loss":0,"event_name":"Match and Keep!","floor":11,"gold_loss":0,"cards_obtained":["After Image"]}],"is_beta":false,"boss_relics":[{"not_picked":["Velvet Choker","Runic Dome"],"picked":"Empty Cage"}],"items_purged_floors":[19,20],"is_endless":false,"potions_floor_spawned":[4,13,14,21,23],"killed_by":"Cultist and Chosen","ascension_level":16}