{"gold_per_floor":[111,125,15,15,26,26,57,57,84,94,40,40,40,52,52,147,147,157,168,168,44,44,44,64,81,81,99,125,125,142,17,17,122,122,141,160,10,110,158,158,158,189,189,224,244,244,261,271,271,271],"floor_reached":51,"playtime":4419,"items_purged":["Strike_R","Strike_R","Defend_R","Defend_R"],"score":939,"play_id":"cf59c4f8-4bfd-4b84-a9f9-d47885f5cff5","local_time":"20190210022723","is_ascension_mode":true,"campfire_choices":[{"floor":6.0,"key":"REST"},{"data":"Bash","floor":8.0,"key":"SMITH"},{"data":"Double Tap","floor":12.0,"key":"SMITH"},{"data":"Carnage","floor":15.0,"key":"SMITH"},{"floor":23.0,"key":"REST"},{"floor":29.0,"key":"REST"},{"data":"Bludgeon","floor":32.0,"key":"SMITH"},{"floor":40,"key":"REST"},{"floor":46,"key":"DIG"},{"floor":49,"key":"REST"}],"neow_cost":"NONE","seed_source_timestamp":278686881973244,"circlet_count":0,"master_deck":["Strike_R+1","Strike_R+1","Defend_R","Bash+1","Dropkick+1","Clothesline+1","Shrug It Off","Feel No Pain+1","Pummel","Double Tap+1","Carnage+1","Bludgeon+1","Second Wind+1","Thunderclap","Shrug It Off","Armaments+1","Pummel+1","Metallicize","Offering","Shrug It Off+1","True Grit+1","Flame Barrier+1"],"special_seed":0,"relics":["Burning Blood","Boot","Whetstone","Velvet Choker","Sundial","Bag of Marbles","Snecko Eye","Shovel","Magic Flower","Pear","Ice Cream","Singing Bowl","Dead Branch"],"potions_floor_usage":[50,50,50],"damage_taken":[{"damage":0.0,"enemies":"Small Slimes","floor":1.0,"turns":4.0},{"damage":9.0,"enemies":"2 Louse","floor":2.0,"turns":3.0},{"damage":2.0,"enemies":"Jaw Worm","floor":5.0,"turns":5.0},{"damage":44.0,"enemies":"3 Sentries","floor":7.0,"turns":15.0},{"damage":12.0,"enemies":"Large Slime","floor":10.0,"turns":5.0},{"damage":7.0,"enemies":"Exordium Thugs","floor":14.0,"turns":5.0},{"damage":15.0,"enemies":"Hexaghost","floor":16.0,"turns":10.0},{"damage":14.0,"enemies":"Shell Parasite","floor":18.0,"turns":4.0},{"damage":23.0,"enemies":"Spheric Guardian","floor":19.0,"turns":4.0},{"damage":28.0,"enemies":"Colosseum Slavers","floor":20.0,"turns":3.0},{"damage":9.0,"enemies":"Snake Plant","floor":24.0,"turns":4.0},{"damage":1.0,"enemies":"Centurion and Healer","floor":25.0,"turns":4.0},{"damage":0.0,"enemies":"3 Cultists","floor":27.0,"turns":4.0},{"damage":23.0,"enemies":"Gremlin Leader","floor":28.0,"turns":6.0},{"damage":13.0,"enemies":"Snake Plant","floor":30.0,"turns":2.0},{"damage":42.0,"enemies":"Collector","floor":33.0,"turns":8.0},{"damage":6.0,"enemies":"3 Shapes","floor":35.0,"turns":3.0},{"damage":41.0,"enemies":"3 Darklings","floor":36.0,"turns":6.0},{"damage":6.0,"enemies":"Mind Bloom Boss Battle","floor":38.0,"turns":3.0},{"damage":14,"enemies":"2 Orb Walkers","floor":39,"turns":5},{"damage":16,"enemies":"Reptomancer","floor":42,"turns":6},{"damage":8,"enemies":"Giant Head","floor":44,"turns":6},{"damage":0,"enemies":"Jaw Worm Horde","floor":45,"turns":3},{"damage":22,"enemies":"4 Shapes","floor":47,"turns":4},{"damage":21,"enemies":"3 Darklings","floor":48,"turns":3},{"damage":52,"enemies":"Awakened One","floor":50,"turns":11}],"seed_played":"-2124893314346808478","potions_obtained":[{"floor":7.0,"key":"SkillPotion"},{"floor":10.0,"key":"SpeedPotion"},{"floor":14.0,"key":"Dexterity Potion"},{"floor":16.0,"key":"PowerPotion"},{"floor":33.0,"key":"Poison Potion"},{"floor":39,"key":"Swift Potion"},{"floor":44,"key":"LiquidBronze"}],"is_trial":false,"path_per_floor":["M","M","$","?","M","R","E","R","T","M","$","R","?","M","R","B",null,"M","M","?","$","?","R","M","M","T","M","E","R","M","$","R","B",null,"M","M","$","?","?","R","?","E","T","E","M","R","M","M","R","B",null],"character_chosen":"IRONCLAD","items_purchased":["Feel No Pain","Shrug It Off","Shrug It Off"],"campfire_rested":5,"item_purchase_floors":[3,11,21],"current_hp_per_floor":[78,75,75,59,63,80,42,42,42,36,36,36,29,28,28,19,65,57,40,18,18,18,42,39,44,44,50,33,57,50,50,50,14,64,64,29,29,29,21,45,50,53,53,56,67,67,56,44,72,29],"gold":271,"neow_bonus":"TRANSFORM_CARD","is_prod":false,"is_daily":false,"chose_seed":false,"campfire_upgraded":4,"win_rate":0,"timestamp":1549783643,"path_taken":["M","M","$","?","M","R","E","R","T","M","$","R","?","M","R","BOSS","M","M","?","$","?","R","M","M","T","?","E","R","M","$","R","BOSS","M","M","$","?","?","R","?","E","T","E","?","R","M","M","R","BOSS"],"build_version":"2019-01-23","purchased_purges":4,"victory":true,"max_hp_per_floor":[80,80,80,80,80,80,80,80,80,80,80,80,80,80,80,80,80,80,80,80,80,80,80,80,80,80,80,80,80,80,80,80,80,80,80,80,80,80,80,80,80,90,90,92,94,94,96,96,96,96],"card_choices":[{"not_picked":["Clash","Iron Wave"],"picked":"Clothesline","floor":1.0},{"not_picked":["Iron Wave","Havoc"],"picked":"Shrug It Off","floor":2.0},{"not_picked":["Body Slam","Warcry"],"picked":"Pummel","floor":5.0},{"not_picked":["Heavy Blade","Carnage","Intimidate"],"picked":"SKIP","floor":7.0},{"not_picked":["Cleave","Uppercut"],"picked":"Double Tap","floor":10.0},{"not_picked":["Clash","Wild Strike"],"picked":"Carnage","floor":14.0},{"not_picked":["Immolate","Fiend Fire"],"picked":"Bludgeon","floor":16.0},{"not_picked":["Shrug It Off","Dropkick"],"picked":"Second Wind+1","floor":18.0},{"not_picked":["Heavy Blade","Rampage"],"picked":"Thunderclap","floor":19.0},{"not_picked":["Body Slam","Carnage+1","Searing Blow"],"picked":"SKIP","floor":24.0},{"not_picked":["Power Through","Evolve"],"picked":"Armaments+1","floor":25.0},{"not_picked":["Whirlwind","Havoc","Heavy Blade"],"picked":"SKIP","floor":27.0},{"not_picked":["Anger","Immolate"],"picked":"Pummel+1","floor":28.0},{"not_picked":["Headbutt","Havoc"],"picked":"Metallicize","floor":30.0},{"not_picked":["Barricade","Feed"],"picked":"Offering","floor":33.0},{"not_picked":["Thunderclap","Twin Strike+1","Havoc"],"picked":"SKIP","floor":35.0},{"not_picked":["Warcry","Rage+1"],"picked":"Shrug It Off+1","floor":36.0},{"not_picked":["Whirlwind","Thunderclap"],"picked":"True Grit+1","floor":38.0},{"not_picked":["Pommel Strike","Immolate","Warcry"],"picked":"SKIP","floor":42},{"not_picked":["Body Slam+1","Wild Strike","Corruption"],"picked":"Singing Bowl","floor":44},{"not_picked":["Blood for Blood+1","Searing Blow","Rupture+1"],"picked":"Singing Bowl","floor":45},{"not_picked":["Warcry","Flex","Carnage"],"picked":"Singing Bowl","floor":47},{"not_picked":["Clothesline","Pommel Strike+1"],"picked":"Flame Barrier+1","floor":48}],"player_experience":416033,"relics_obtained":[{"floor":7.0,"key":"Boot"},{"floor":9.0,"key":"Whetstone"},{"floor":26.0,"key":"Sundial"},{"floor":28.0,"key":"Bag of Marbles"},{"floor":38.0,"key":"Shovel"},{"floor":39,"key":"Magic Flower"},{"floor":42,"key":"Pear"},{"floor":43,"key":"Ice Cream"},{"floor":44,"key":"Singing Bowl"},{"floor":46,"key":"Dead Branch"}],"event_choices":[{"damage_healed":0.0,"max_hp_gain":0.0,"max_hp_loss":0.0,"gold_gain":0.0,"event_name":"Shining Light","player_choice":"Entered Light","floor":4.0,"gold_loss":0.0,"damage_taken":16.0,"cards_upgraded":["Dropkick","Strike_R"]},{"cards_removed":["Defend_R"],"damage_healed":0.0,"max_hp_gain":0.0,"max_hp_loss":0.0,"gold_gain":0.0,"event_name":"Golden Wing","player_choice":"Card Removal","floor":13.0,"gold_loss":0.0,"damage_taken":7.0},{"damage_healed":0.0,"max_hp_gain":0.0,"max_hp_loss":0.0,"gold_gain":0.0,"event_name":"Colosseum","player_choice":"Fight","floor":20.0,"gold_loss":0.0,"damage_taken":0.0},{"damage_healed":0.0,"max_hp_gain":0.0,"max_hp_loss":0.0,"gold_gain":0.0,"event_name":"Colosseum","player_choice":"Fled From Nobs","floor":20.0,"gold_loss":0.0,"damage_taken":0.0},{"damage_healed":0.0,"max_hp_gain":0.0,"max_hp_loss":0.0,"gold_gain":0.0,"event_name":"Upgrade Shrine","player_choice":"Upgraded","floor":22.0,"gold_loss":0.0,"damage_taken":0.0,"cards_upgraded":["Feel No Pain"]},{"damage_healed":0.0,"max_hp_gain":0.0,"max_hp_loss":0.0,"gold_gain":0.0,"event_name":"MindBloom","player_choice":"Fight","floor":38.0,"gold_loss":0.0,"damage_taken":0.0},{"damage_healed":0,"gold_gain":0,"player_choice":"Fight","damage_taken":0,"max_hp_gain":0,"max_hp_loss":0,"event_name":"Mysterious Sphere","floor":39,"gold_loss":0},{"cards_removed":["Shrug It Off"],"damage_healed":5,"gold_gain":0,"player_choice":"Offered Common","damage_taken":0,"max_hp_gain":0,"max_hp_loss":0,"event_name":"Bonfire Elementals","floor":41,"gold_loss":0},{"cards_removed":["Shrug It Off"],"damage_healed":5,"gold_gain":0,"player_choice":"Offered Special","damage_taken":0,"max_hp_gain":0,"max_hp_loss":0,"event_name":"Bonfire Elementals","floor":41,"gold_loss":0}],"is_beta":false,"boss_relics":[{"not_picked":["Runic Pyramid","Empty Cage"],"picked":"Velvet Choker"},{"not_picked":["Black Star","Mark of Pain"],"picked":"Snecko Eye"}],"items_purged_floors":[3,21,31,37],"is_endless":false,"potions_floor_spawned":[7,10,14,16,19,20,28,30,33,39,44,45,47],"ascension_level":7}