{"gold_per_floor":[112,130,130,148,148,148,178,198,198,123,151,71,84,117,117,217,217,237,254,354,453,453,453,465,465,489,512,524,554,566],"floor_reached":30,"playtime":2495,"items_purged":["Strike_G"],"score":425,"play_id":"41b22dff-f281-4bf3-99e5-8c8ec5436c65","local_time":"20190208105342","is_ascension_mode":true,"campfire_choices":[{"data":"Dagger Spray","floor":6.0,"key":"SMITH"},{"data":"Leg Sweep","floor":15.0,"key":"SMITH"},{"data":"After Image","floor":23,"key":"SMITH"},{"data":"Strike_G","floor":25,"key":"PURGE"},{"data":"Strike_G","floor":28,"key":"PURGE"}],"neow_cost":"NONE","seed_source_timestamp":0,"circlet_count":0,"master_deck":["AscendersBane","Defend_G","Defend_G","Defend_G","Defend_G","Defend_G","Strike_G","Strike_G","Survivor","Neutralize+1","Masterful Stab","Dagger Spray+1","Well Laid Plans","Finisher","Poisoned Stab","Heel Hook","Flying Knee","Venomology","Leg Sweep+1","Blade Dance","Backstab","Escape Plan","Terror","Backflip","Dagger Throw","After Image+1","Acrobatics","Sucker Punch","Quick Slash+1","Deflect","Caltrops","Poisoned Stab","PiercingWail","Caltrops","After Image","Outmaneuver"],"special_seed":0,"relics":["Orrery","Torii","Prayer Wheel","Peace Pipe","Anchor","Eternal Feather","Incense Burner","Question Card","MawBank"],"potions_floor_usage":[18,19,19,20,20,27,30],"damage_taken":[{"damage":0.0,"enemies":"Jaw Worm","floor":1.0,"turns":3.0},{"damage":0.0,"enemies":"Cultist","floor":2.0,"turns":2.0},{"damage":0.0,"enemies":"2 Louse","floor":4.0,"turns":3.0},{"damage":22.0,"enemies":"3 Sentries","floor":7.0,"turns":9.0},{"damage":0.0,"enemies":"Large Slime","floor":8.0,"turns":8.0},{"damage":6.0,"enemies":"Gremlin Nob","floor":11.0,"turns":3.0},{"damage":1.0,"enemies":"3 Louse","floor":13.0,"turns":3.0},{"damage":10.0,"enemies":"3 Sentries","floor":14.0,"turns":7.0},{"damage":13.0,"enemies":"Slime Boss","floor":16.0,"turns":9.0},{"damage":3,"enemies":"Spheric Guardian","floor":18,"turns":7},{"damage":2,"enemies":"Shell Parasite","floor":19,"turns":9},{"damage":4,"enemies":"Colosseum Slavers","floor":20,"turns":7},{"damage":26,"enemies":"Colosseum Nobs","floor":20,"turns":6},{"damage":2,"enemies":"Chosen and Byrds","floor":24,"turns":5},{"damage":2,"enemies":"Cultist and Chosen","floor":27,"turns":7},{"damage":20,"enemies":"Snake Plant","floor":29,"turns":5},{"damage":49,"enemies":"Gremlin Leader","floor":30,"turns":8}],"seed_played":"809445227180209772","potions_obtained":[{"floor":4.0,"key":"Weak Potion"},{"floor":8.0,"key":"Poison Potion"},{"floor":16.0,"key":"EssenceOfSteel"},{"floor":27,"key":"Strength Potion"}],"is_trial":false,"path_per_floor":["?","?","$","M","M","?","?","?"],"character_chosen":"THE_SILENT","items_purchased":["Escape Plan"],"campfire_rested":0,"item_purchase_floors":[12],"current_hp_per_floor":[63,63,63,63,63,63,41,41,41,41,35,35,34,24,24,11,55,52,65,35,35,58,70,68,70,70,68,70,50,1],"gold":566,"neow_bonus":"BOSS_RELIC","is_prod":false,"is_daily":false,"chose_seed":false,"campfire_upgraded":3,"win_rate":0,"timestamp":1549590822,"path_taken":["M","M","?","M","?","R","E","M","T","?","E","$","?","E","R","BOSS","M","?","?","?","?","R","M","R","T","M","R","M","E"],"build_version":"2019-01-23","purchased_purges":1,"victory":false,"max_hp_per_floor":[70,70,70,70,70,70,70,70,70,70,70,70,70,70,70,70,70,70,70,70,70,70,70,70,70,70,70,70,70,70],"card_choices":[{"not_picked":["Poisoned Stab","PiercingWail"],"picked":"Masterful Stab","floor":0.0},{"not_picked":["Flying Knee","Predator"],"picked":"Dagger Spray","floor":0.0},{"not_picked":["Acrobatics","Dagger Throw"],"picked":"Well Laid Plans","floor":0.0},{"not_picked":["Dagger Spray","Accuracy"],"picked":"Finisher","floor":0.0},{"not_picked":["Deadly Poison","Prepared"],"picked":"Poisoned Stab","floor":0.0},{"not_picked":["Quick Slash","Underhanded Strike"],"picked":"Heel Hook","floor":1.0},{"not_picked":["Deflect","Distraction"],"picked":"Flying Knee","floor":2.0},{"not_picked":["Dagger Spray","Blade Dance"],"picked":"Venomology","floor":4.0},{"not_picked":["Reflex","Sucker Punch"],"picked":"Leg Sweep","floor":7.0},{"not_picked":["Flying Knee","Riddle With Holes"],"picked":"Blade Dance","floor":8.0},{"not_picked":["Corpse Explosion","Endless Agony"],"picked":"Backstab","floor":11.0},{"not_picked":["Finisher","Tactician"],"picked":"Terror","floor":13.0},{"not_picked":["Sucker Punch","Deadly Poison"],"picked":"Backflip","floor":13.0},{"not_picked":["Terror","Slice"],"picked":"Dagger Throw","floor":14.0},{"not_picked":["Malaise","Burst"],"picked":"After Image","floor":16.0},{"not_picked":["Bouncing Flask","Deadly Poison"],"picked":"Acrobatics","floor":18},{"not_picked":["Blade Dance","Masterful Stab"],"picked":"Sucker Punch","floor":18},{"not_picked":["Endless Agony","Deadly Poison"],"picked":"Quick Slash+1","floor":19},{"not_picked":["Poisoned Stab","Bane+1"],"picked":"Deflect","floor":19},{"not_picked":["Night Terror","Deflect","Blade Dance"],"picked":"Caltrops","floor":24},{"not_picked":["Predator","Bane+1","Dagger Spray"],"picked":"Poisoned Stab","floor":24},{"not_picked":["Backflip","Choke","Outmaneuver+1"],"picked":"PiercingWail","floor":27},{"not_picked":["Bane","Expertise","Deadly Poison"],"picked":"Caltrops","floor":27},{"not_picked":["Cloak And Dagger","Eviscerate","Dagger Spray"],"picked":"After Image","floor":29},{"not_picked":["Deadly Poison+1","Bane+1","Skewer"],"picked":"Outmaneuver","floor":29}],"player_experience":269843,"relics_obtained":[{"floor":7.0,"key":"Torii"},{"floor":9.0,"key":"Prayer Wheel"},{"floor":11.0,"key":"Peace Pipe"},{"floor":14.0,"key":"Anchor"},{"floor":20,"key":"Incense Burner"},{"floor":20,"key":"Question Card"},{"floor":26,"key":"MawBank"}],"event_choices":[{"damage_healed":0.0,"max_hp_gain":0.0,"max_hp_loss":0.0,"gold_gain":0.0,"event_name":"Living Wall","player_choice":"Grow","floor":3.0,"gold_loss":0.0,"damage_taken":0.0,"cards_upgraded":["Neutralize"]},{"damage_healed":0.0,"max_hp_gain":0.0,"max_hp_loss":0.0,"gold_gain":0.0,"event_name":"Liars Game","player_choice":"Ignored","floor":5.0,"gold_loss":0.0,"damage_taken":0.0},{"damage_healed":0,"gold_gain":0,"player_choice":"Fight","damage_taken":0,"max_hp_gain":0,"max_hp_loss":0,"event_name":"Colosseum","floor":20,"gold_loss":0},{"damage_healed":0,"gold_gain":0,"player_choice":"Fought Nobs","damage_taken":0,"max_hp_gain":0,"max_hp_loss":0,"event_name":"Colosseum","floor":20,"gold_loss":0},{"damage_healed":0,"gold_gain":99,"player_choice":"Stole From Cult","damage_taken":0,"max_hp_gain":0,"max_hp_loss":0,"event_name":"Nest","floor":21,"gold_loss":0},{"damage_healed":23,"gold_gain":0,"player_choice":"Heal","damage_taken":0,"max_hp_gain":0,"max_hp_loss":0,"event_name":"The Library","floor":22,"gold_loss":0}],"is_beta":false,"boss_relics":[{"not_picked":["Snecko Eye","Cursed Key"],"picked":"Eternal Feather"}],"items_purged_floors":[10],"is_endless":false,"potions_floor_spawned":[4,8,11,16,20,27],"killed_by":"Gremlin Leader","ascension_level":12}