{"path_per_floor":["M","?","?","M","M","E","M","R","T","$","E","R","$","M","R","B",null,"M","?","?","M","$","R","M","E","T","R","?","M","M","M","R"],"character_chosen":"IRONCLAD","items_purchased":["Orichalcum","Bronze Scales","Shrug It Off"],"gold_per_floor":[119,269,269,285,297,331,341,341,341,43,76,76,28,46,46,119,119,99,99,99,111,36,36,56,90,117,117,117,129,139,158,158,158],"floor_reached":33,"campfire_rested":1,"playtime":1004,"item_purchase_floors":[],"current_hp_per_floor":[78,78,78,80,75,33,46,46,46,46,28,52,52,58,58,46,73,61,61,61,67,67,67,58,56,56,56,56,57,59,61,61,0],"items_purged":["Writhe"],"gold":158,"score":485,"play_id":"7f0aef68-d250-4f27-b313-9add440c10f8","local_time":"20180531183104","is_prod":false,"is_daily":false,"chose_seed":false,"is_ascension_mode":true,"campfire_upgraded":5,"win_rate":0,"timestamp":1527784264,"campfire_choices":[{"data":"Clothesline","floor":8.0,"key":"SMITH"},{"floor":12,"key":"REST"},{"data":"Inflame","floor":15,"key":"SMITH"},{"data":"Whirlwind","floor":23,"key":"SMITH"},{"data":"Metallicize","floor":27,"key":"SMITH"},{"data":"Flex","floor":32,"key":"SMITH"}],"path_taken":["M","?","?","?","M","E","M","R","T","?","E","R","$","M","R","BOSS","M","?","?","M","$","R","M","E","T","R","?","?","M","M","R","BOSS"],"build_version":"2018-05-30v2","seed_source_timestamp":0,"purchased_purges":1,"victory":false,"master_deck":["Strike_R","Strike_R","Strike_R","Strike_R","Defend_R","Defend_R","Defend_R","Defend_R","Bash","AscendersBane","Headbutt","Cleave","Shrug It Off","Clothesline+1","Inflame+1","Shrug It Off","Offering","Metallicize+1","Whirlwind+1","Brutality","Impervious","Flex+1"],"max_hp_per_floor":[82,82,82,82,82,82,82,82,82,82,82,82,82,82,82,82,82,82,82,82,82,82,82,82,82,82,82,82,82,82,82,82,82],"relics":["Burning Blood","Meat on the Bone","Paper Frog","Orichalcum","Bronze Scales","Self Forming Clay","Mark of Pain","Pen Nib","Toolbox","Lantern"],"card_choices":[{"not_picked":["Warcry","Cleave"],"picked":"Headbutt","floor":1.0},{"not_picked":["Second Wind","Fire Breathing"],"picked":"Cleave","floor":4.0},{"not_picked":["Infernal Blade","Headbutt"],"picked":"Shrug It Off","floor":5.0},{"not_picked":["Pommel Strike","Reckless Charge"],"picked":"Clothesline","floor":6.0},{"not_picked":["Clothesline","Warcry","Infernal Blade"],"picked":"SKIP","floor":7.0},{"not_picked":["Cleave","Body Slam"],"picked":"Inflame","floor":11},{"not_picked":["Fire Breathing","Headbutt","Body Slam"],"picked":"SKIP","floor":14},{"not_picked":["Feed","Immolate"],"picked":"Offering","floor":16},{"not_picked":["Twin Strike","Sword Boomerang"],"picked":"Metallicize","floor":18},{"not_picked":["Armaments","Pommel Strike"],"picked":"Whirlwind","floor":21},{"not_picked":["Carnage","Hemokinesis","Flex"],"picked":"SKIP","floor":24},{"not_picked":["Warcry","Heavy Blade","Shrug It Off"],"picked":"SKIP","floor":25},{"not_picked":["Flame Barrier","Carnage"],"picked":"Impervious","floor":29},{"not_picked":["Second Wind","Iron Wave","Intimidate"],"picked":"SKIP","floor":30},{"not_picked":["Pommel Strike","Twin Strike"],"picked":"Flex","floor":31}],"player_experience":812487,"potions_floor_usage":[21,33],"damage_taken":[{"damage":3.0,"enemies":"Small Slimes","floor":1.0,"turns":4.0},{"damage":4.0,"enemies":"2 Louse","floor":4.0,"turns":3.0},{"damage":11.0,"enemies":"Cultist","floor":5.0,"turns":4.0},{"damage":48.0,"enemies":"Gremlin Nob","floor":6.0,"turns":5.0},{"damage":5.0,"enemies":"2 Fungi Beasts","floor":7.0,"turns":4.0},{"damage":36,"enemies":"Lagavulin","floor":11,"turns":9},{"damage":0,"enemies":"Exordium Thugs","floor":14,"turns":4},{"damage":30,"enemies":"The Guardian","floor":16,"turns":9},{"damage":18,"enemies":"2 Thieves","floor":18,"turns":4},{"damage":0,"enemies":"3 Byrds","floor":21,"turns":4},{"damage":15,"enemies":"Snake Plant","floor":24,"turns":3},{"damage":20,"enemies":"Book of Stabbing","floor":25,"turns":5},{"damage":9,"enemies":"Cultist and Chosen","floor":29,"turns":4},{"damage":4,"enemies":"Snecko","floor":30,"turns":3},{"damage":4,"enemies":"3 Cultists","floor":31,"turns":3},{"damage":68,"enemies":"Champ","floor":33,"turns":10}],"relics_obtained":[{"floor":6.0,"key":"Meat on the Bone"},{"floor":9.0,"key":"Paper Frog"},{"floor":11,"key":"Self Forming Clay"},{"floor":25,"key":"Toolbox"},{"floor":26,"key":"Lantern"}],"event_choices":[{"event_name":"Liars Game","player_choice":"agreed","floor":2.0,"damage_taken":0.0},{"event_name":"Fountain of Cleansing","player_choice":"Removed Curse","floor":3.0,"damage_taken":0.0},{"event_name":"Beggar","player_choice":"Ignored","floor":19,"damage_taken":0},{"event_name":"The Mausoleum","player_choice":"Yes","floor":20,"damage_taken":0},{"event_name":"Transmorgrifier","player_choice":"Transform","floor":28,"damage_taken":0}],"boss_relics":[{"not_picked":["Cursed Key","Calling Bell"],"picked":"Mark of Pain"}],"items_purged_floors":[22],"potions_floor_spawned":[5,6,16,18,24],"seed_played":"1995207300987390228","killed_by":"Champ","ascension_level":15,"potions_obtained":[{"floor":5.0,"key":"Explosive Potion"},{"floor":6.0,"key":"EssenceOfSteel"},{"floor":16,"key":"LiquidBronze"},{"floor":24,"key":"Explosive Potion"}],"is_trial":false}