{"gold_per_floor":[117,128,142,161,172,205,215,241,290,303,303,318,318,328,328,404,404,424,444,108,108],"floor_reached":21,"playtime":1243,"items_purged":["Strike_G"],"score":433,"play_id":"c9177dae-16be-454c-bc5a-5c77fe7ada82","local_time":"20190213115113","is_ascension_mode":true,"campfire_choices":[{"floor":11.0,"key":"REST"},{"data":"Envenom","floor":15.0,"key":"SMITH"}],"neow_cost":"NONE","seed_source_timestamp":53701147449100,"circlet_count":0,"master_deck":["AscendersBane","Defend_G","Defend_G","Defend_G","Defend_G","Defend_G","Strike_G","Strike_G","Strike_G","Strike_G","Survivor","Neutralize+1","Endless Agony","Terror","Backstab","Quick Slash","Choke","Poisoned Stab","Envenom+1","Finisher","Flying Knee","Burst","Catalyst","Footwork"],"special_seed":0,"relics":["Ring of the Snake","Pen Nib","PreservedInsect","Happy Flower","Sozu","ClockworkSouvenir"],"potions_floor_usage":[16],"damage_taken":[{"damage":3.0,"enemies":"2 Louse","floor":1.0,"turns":3.0},{"damage":0.0,"enemies":"Cultist","floor":2.0,"turns":4.0},{"damage":7.0,"enemies":"Small Slimes","floor":3.0,"turns":4.0},{"damage":4.0,"enemies":"3 Louse","floor":4.0,"turns":7.0},{"damage":6.0,"enemies":"Exordium Wildlife","floor":5.0,"turns":3.0},{"damage":20.0,"enemies":"Lagavulin","floor":6.0,"turns":4.0},{"damage":3.0,"enemies":"Lots of Slimes","floor":7.0,"turns":4.0},{"damage":0.0,"enemies":"Gremlin Nob","floor":8.0,"turns":2.0},{"damage":0.0,"enemies":"Looter","floor":10.0,"turns":2.0},{"damage":5.0,"enemies":"Gremlin Gang","floor":12.0,"turns":4.0},{"damage":0.0,"enemies":"Blue Slaver","floor":14.0,"turns":1.0},{"damage":29,"enemies":"Slime Boss","floor":16,"turns":9},{"damage":22,"enemies":"2 Thieves","floor":18,"turns":3},{"damage":20,"enemies":"Shell Parasite","floor":19,"turns":4},{"damage":0,"enemies":"Shelled Parasite and Fungi","floor":21,"turns":1}],"seed_played":"5145490073476482961","potions_obtained":[{"floor":1.0,"key":"SkillPotion"},{"floor":4.0,"key":"SkillPotion"},{"floor":6.0,"key":"Poison Potion"},{"floor":7.0,"key":"Swift Potion"},{"floor":12.0,"key":"Explosive Potion"}],"is_trial":false,"path_per_floor":["?"],"character_chosen":"THE_SILENT","items_purchased":["Footwork","ClockworkSouvenir"],"campfire_rested":1,"item_purchase_floors":[20,20],"current_hp_per_floor":[56,56,49,45,39,19,16,16,16,16,35,30,30,30,30,1,50,28,8,8,8],"gold":108,"neow_bonus":"UPGRADE_CARD","is_prod":false,"is_daily":false,"chose_seed":false,"campfire_upgraded":1,"win_rate":0,"timestamp":1550026273,"path_taken":["M","M","M","M","M","E","M","E","T","M","R","M","?","M","R","BOSS","M","M","$","M"],"build_version":"2019-01-23","purchased_purges":1,"victory":false,"max_hp_per_floor":[66,66,66,66,66,66,66,66,66,66,66,66,66,66,66,66,66,66,66,66,66],"card_choices":[{"not_picked":["Acrobatics","Bane"],"picked":"Endless Agony","floor":1.0},{"not_picked":["Concentrate","Riddle With Holes"],"picked":"Terror","floor":2.0},{"not_picked":["Acrobatics","Crippling Poison"],"picked":"Backstab","floor":3.0},{"not_picked":["Slice","Deadly Poison"],"picked":"Quick Slash","floor":4.0},{"not_picked":["Outmaneuver","Dodge and Roll"],"picked":"Choke","floor":5.0},{"not_picked":["Slice","Prepared","Heel Hook"],"picked":"SKIP","floor":6.0},{"not_picked":["Acrobatics","Quick Slash"],"picked":"Poisoned Stab","floor":7.0},{"not_picked":["Noxious Fumes","Reflex"],"picked":"Envenom","floor":8.0},{"not_picked":["Caltrops","Dodge and Roll"],"picked":"Finisher","floor":10.0},{"not_picked":["Deadly Poison","Masterful Stab"],"picked":"Flying Knee","floor":12.0},{"not_picked":["Dagger Throw","Blade Dance","Flying Knee"],"picked":"SKIP","floor":14.0},{"not_picked":["Wraith Form v2","Storm of Steel"],"picked":"Burst","floor":16},{"not_picked":["Acrobatics+1","Cloak And Dagger"],"picked":"Catalyst","floor":18},{"not_picked":["Setup+1","Quick Slash","Endless Agony"],"picked":"SKIP","floor":19}],"player_experience":377828,"relics_obtained":[{"floor":6.0,"key":"Pen Nib"},{"floor":8.0,"key":"PreservedInsect"},{"floor":9.0,"key":"Happy Flower"}],"event_choices":[{"damage_healed":0.0,"max_hp_gain":0.0,"max_hp_loss":0.0,"gold_gain":0.0,"event_name":"Lab","player_choice":"Got Potions","floor":13.0,"gold_loss":0.0,"damage_taken":0.0}],"is_beta":false,"boss_relics":[{"not_picked":["Runic Dome","Busted Crown"],"picked":"Sozu"}],"items_purged_floors":[20],"is_endless":false,"potions_floor_spawned":[1,4,6,7,12],"killed_by":"Shelled Parasite and Fungi","ascension_level":19}