{"path_per_floor":["M","?","?","?","M","E","?","E","T","M","M","R","M","?","R","B",null,"M","$","$","?","M","R","?","?","T","R"],"character_chosen":"IRONCLAD","items_purchased":["Limit Break","Shuriken"],"gold_per_floor":[115,115,190,190,200,227,197,232,232,243,258,258,277,277,277,351,351,371,294,56,56,70,70,70,70,97,97,97],"floor_reached":28,"campfire_rested":1,"playtime":666,"item_purchase_floors":[19,20],"current_hp_per_floor":[74,79,68,68,74,80,80,41,41,40,27,27,33,33,57,50,73,62,62,62,62,41,41,57,57,57,57,0],"items_purged":[],"gold":97,"score":436,"play_id":"a0ac1b20-beb4-4fa9-a472-11fcd9e9e5ed","local_time":"20180530133440","is_prod":false,"is_daily":false,"chose_seed":false,"is_ascension_mode":true,"campfire_upgraded":3,"win_rate":0,"timestamp":1527680080,"campfire_choices":[{"data":"Cleave","floor":12,"key":"SMITH"},{"floor":15,"key":"REST"},{"data":"Armaments","floor":23,"key":"SMITH"},{"data":"Spot Weakness","floor":27,"key":"SMITH"}],"path_taken":["M","?","?","?","M","E","?","E","T","M","?","R","M","?","R","BOSS","M","?","$","?","M","R","?","?","T","R","E"],"build_version":"2018-05-29","seed_source_timestamp":1860559266930936,"purchased_purges":0,"victory":false,"master_deck":["Strike_R","Strike_R","Strike_R","Strike_R","Strike_R","Defend_R","Defend_R","Defend_R","Defend_R","Bash+1","AscendersBane","Cleave+1","Metallicize","Shrug It Off","Double Tap","Headbutt","True Grit","Spot Weakness+1","Immolate","Feel No Pain","Shrug It Off","True Grit","Shrug It Off","Limit Break","Armaments+1"],"max_hp_per_floor":[75,80,80,80,80,80,80,80,80,80,80,80,80,80,80,80,80,80,80,80,80,80,80,80,80,80,80,80],"relics":["Burning Blood","NeowsBlessing","Toolbox","Kunai","Bottled Flame","Juzu Bracelet","Orrery","Shuriken","Orichalcum"],"card_choices":[{"not_picked":["Clash","Sword Boomerang"],"picked":"Cleave","floor":1},{"not_picked":["Seeing Red","Twin Strike"],"picked":"Metallicize","floor":5},{"not_picked":["Sword Boomerang","Infernal Blade"],"picked":"Shrug It Off","floor":6},{"not_picked":["Power Through","Thunderclap"],"picked":"Double Tap","floor":8},{"not_picked":["Heavy Blade","Combust"],"picked":"Headbutt","floor":10},{"not_picked":["Carnage","Clash"],"picked":"True Grit","floor":11},{"not_picked":["Fiend Fire","Shrug It Off"],"picked":"Spot Weakness","floor":13},{"not_picked":["Barricade","Double Tap"],"picked":"Immolate","floor":16},{"not_picked":["Shrug It Off","Burning Pact"],"picked":"Feel No Pain","floor":17},{"not_picked":["Rampage","Headbutt"],"picked":"Shrug It Off","floor":17},{"not_picked":["Armaments","Intimidate"],"picked":"True Grit","floor":17},{"not_picked":["Thunderclap","Perfected Strike"],"picked":"Shrug It Off","floor":18},{"not_picked":["Barricade","Searing Blow"],"picked":"Armaments","floor":22}],"player_experience":804436,"potions_floor_usage":[8],"damage_taken":[{"damage":0,"enemies":"Jaw Worm","floor":1,"turns":1},{"damage":0,"enemies":"2 Louse","floor":5,"turns":1},{"damage":0,"enemies":"Lagavulin","floor":6,"turns":1},{"damage":45,"enemies":"Gremlin Nob","floor":8,"turns":5},{"damage":7,"enemies":"Cultist","floor":10,"turns":4},{"damage":19,"enemies":"3 Louse","floor":11,"turns":2},{"damage":0,"enemies":"2 Fungi Beasts","floor":13,"turns":2},{"damage":13,"enemies":"The Guardian","floor":16,"turns":14},{"damage":17,"enemies":"3 Byrds","floor":18,"turns":5},{"damage":27,"enemies":"2 Thieves","floor":22,"turns":5},{"damage":69,"enemies":"Book of Stabbing","floor":28,"turns":6}],"relics_obtained":[{"floor":6,"key":"Toolbox"},{"floor":8,"key":"Kunai"},{"floor":9,"key":"Bottled Flame"},{"floor":26,"key":"Orichalcum"}],"event_choices":[{"event_name":"Big Fish","player_choice":"Donut","floor":2,"damage_taken":0},{"event_name":"World of Goop","player_choice":"Gather Gold","floor":3,"damage_taken":0},{"event_name":"Living Wall","player_choice":"Grow","floor":4,"damage_taken":0},{"event_name":"The Woman in Blue","player_choice":"Bought 2 Potions","floor":7,"damage_taken":0},{"event_name":"Dead Adventurer","player_choice":"Searched \u00271\u0027 times","floor":14,"damage_taken":0},{"event_name":"Ghosts","player_choice":"Ignored","floor":21,"damage_taken":0},{"event_name":"The Library","player_choice":"Heal","floor":24,"damage_taken":0},{"event_name":"Drug Dealer","player_choice":"Ignored","floor":25,"damage_taken":0}],"boss_relics":[{"not_picked":["White Beast Statue","Black Blood"],"picked":"Orrery"}],"items_purged_floors":[],"potions_floor_spawned":[6,8,11,18],"seed_played":"3321842515221016514","killed_by":"Book of Stabbing","ascension_level":15,"potions_obtained":[{"floor":6,"key":"Strength Potion"},{"floor":7,"key":"Energy Potion"},{"floor":7,"key":"FairyPotion"},{"floor":8,"key":"LiquidBronze"}],"is_trial":false}