{"gold_per_floor":[113,113,130,130,55,80,80,80,80,80,92,110,10,35,35,138,138,151,26,37,53,53,80,99,99,99,15,25,42,42,57,57,160,160,170,170,170,170,184,184,109,109,135,146,146,162,0,0,0,0],"floor_reached":51,"playtime":1760,"items_purged":["Strike_R","Defend_R","Strike_R"],"score":725,"play_id":"cefe4e60-5eb5-415d-8a21-0a26b343498c","local_time":"20190208221921","is_ascension_mode":false,"campfire_choices":[{"data":"Shockwave","floor":8.0,"key":"SMITH"},{"data":"Dropkick","floor":10.0,"key":"SMITH"},{"data":"Pommel Strike","floor":15.0,"key":"SMITH"},{"floor":30.0,"key":"REST"},{"floor":32.0,"key":"REST"},{"data":"1","floor":40,"key":"LIFT"},{"data":"2","floor":42,"key":"LIFT"},{"floor":45,"key":"REST"},{"floor":49,"key":"REST"}],"neow_cost":"NONE","seed_source_timestamp":1051723548550363,"circlet_count":0,"master_deck":["Strike_R","Strike_R","Defend_R","Defend_R","Defend_R","Bash+1","Dropkick+1","Shockwave+1","Pommel Strike+1","True Grit","Fiend Fire","Corruption+1","Intimidate+1","Panacea+1","Metallicize","Warcry+1","Offering+1","Dropkick","Evolve","Feel No Pain"],"special_seed":0,"relics":["Burning Blood","NeowsBlessing","Question Card","Blood Vial","Unceasing Top","Toxic Egg 2","Fusion Hammer","Gremlin Horn","Kunai","Girya","Boot","Red Mask"],"potions_floor_usage":[33,39,46,50],"damage_taken":[{"damage":0.0,"enemies":"2 Louse","floor":1.0,"turns":1.0},{"damage":0.0,"enemies":"Cultist","floor":3.0,"turns":1.0},{"damage":0.0,"enemies":"Gremlin Nob","floor":6.0,"turns":1.0},{"damage":0.0,"enemies":"Small Slimes","floor":11.0,"turns":3.0},{"damage":11.0,"enemies":"3 Louse","floor":12.0,"turns":4.0},{"damage":7.0,"enemies":"Lagavulin","floor":14.0,"turns":6.0},{"damage":71.0,"enemies":"Slime Boss","floor":16.0,"turns":17.0},{"damage":5.0,"enemies":"2 Thieves","floor":18.0,"turns":3.0},{"damage":4.0,"enemies":"Shell Parasite","floor":20.0,"turns":3.0},{"damage":8.0,"enemies":"Snake Plant","floor":21.0,"turns":4.0},{"damage":34.0,"enemies":"Book of Stabbing","floor":23.0,"turns":6.0},{"damage":11.0,"enemies":"Snecko","floor":24.0,"turns":3.0},{"damage":0.0,"enemies":"Cultist and Chosen","floor":28.0,"turns":4.0},{"damage":30.0,"enemies":"Sentry and Sphere","floor":29.0,"turns":4.0},{"damage":4.0,"enemies":"Snake Plant","floor":31.0,"turns":4.0},{"damage":28,"enemies":"Automaton","floor":33,"turns":6},{"damage":16,"enemies":"Orb Walker","floor":35,"turns":2},{"damage":31,"enemies":"3 Shapes","floor":39,"turns":3},{"damage":22,"enemies":"Sphere and 2 Shapes","floor":44,"turns":3},{"damage":6,"enemies":"Spire Growth","floor":46,"turns":2},{"damage":24,"enemies":"Donu and Deca","floor":50,"turns":4}],"seed_played":"-7540252402541351979","potions_obtained":[{"floor":6.0,"key":"Dexterity Potion"},{"floor":12.0,"key":"LiquidBronze"},{"floor":16.0,"key":"Dexterity Potion"},{"floor":23.0,"key":"LiquidBronze"},{"floor":28.0,"key":"SteroidPotion"},{"floor":29.0,"key":"BloodPotion"},{"floor":33,"key":"Swift Potion"},{"floor":44,"key":"AttackPotion"},{"floor":46,"key":"FearPotion"}],"is_trial":false,"path_per_floor":["M","?","M","?","$","E","?","R","T","R","M","M","$","E","R","B",null,"M","$","M","M","$","E","M","$","T","$","M","M","R","M","R","B",null,"M","?","T","$","M","R","$","R","T","M","R","M","?","?","R","B",null],"character_chosen":"IRONCLAD","items_purchased":["Panacea+1","Dropkick"],"campfire_rested":4,"item_purchase_floors":[27,41],"current_hp_per_floor":[80,80,80,68,68,74,74,74,74,74,80,75,75,76,76,13,80,80,80,80,78,78,52,49,49,49,49,57,35,59,63,80,58,80,70,70,70,70,55,55,55,55,55,41,65,67,67,67,80,62],"gold":0,"neow_bonus":"THREE_ENEMY_KILL","is_prod":false,"is_daily":false,"chose_seed":false,"campfire_upgraded":3,"win_rate":0,"timestamp":1549660761,"path_taken":["M","?","?","?","$","E","?","R","T","R","M","M","$","E","R","BOSS","M","$","?","M","?","E","M","$","T","$","M","M","R","M","R","BOSS","M","?","?","$","M","R","$","R","T","?","R","M","?","?","R","BOSS"],"build_version":"2019-01-23","purchased_purges":3,"victory":true,"max_hp_per_floor":[80,80,80,80,80,80,80,80,80,80,80,80,80,80,80,80,80,80,80,80,80,80,80,80,80,80,80,80,80,80,80,80,80,80,80,80,80,80,80,80,80,80,80,80,80,80,80,80,80,80],"card_choices":[{"not_picked":["Armaments","Headbutt","Sword Boomerang"],"picked":"SKIP","floor":1.0},{"not_picked":["Rage","Sword Boomerang"],"picked":"Dropkick","floor":3.0},{"not_picked":["Headbutt","Combust","Twin Strike"],"picked":"Shockwave","floor":6.0},{"not_picked":["Carnage","Shrug It Off","Heavy Blade"],"picked":"Pommel Strike","floor":11.0},{"not_picked":["Sword Boomerang","Body Slam","Wild Strike"],"picked":"True Grit","floor":12.0},{"not_picked":["Havoc","Berserk","Clash","Clothesline"],"picked":"SKIP","floor":14.0},{"not_picked":["Feed","Bludgeon","Limit Break+1"],"picked":"Fiend Fire","floor":16.0},{"not_picked":["Thunderclap","Wild Strike","Headbutt","Whirlwind"],"picked":"SKIP","floor":18.0},{"not_picked":["Armaments+1","Anger","Thunderclap","Rupture+1"],"picked":"SKIP","floor":20.0},{"not_picked":["True Grit+1","Iron Wave","Power Through+1","Twin Strike"],"picked":"SKIP","floor":21.0},{"not_picked":["Combust","Heavy Blade","Havoc+1"],"picked":"Corruption+1","floor":23.0},{"not_picked":["Shrug It Off+1","Perfected Strike","Battle Trance+1"],"picked":"Intimidate+1","floor":24.0},{"not_picked":["Infernal Blade+1","Hemokinesis","Carnage+1","Corruption"],"picked":"SKIP","floor":28.0},{"not_picked":["Warcry+1","Brutality","Armaments+1"],"picked":"Metallicize","floor":29.0},{"not_picked":["Headbutt","Combust","Blood for Blood"],"picked":"Warcry+1","floor":31.0},{"not_picked":["Brutality","Limit Break+1","Dark Embrace"],"picked":"Offering+1","floor":33},{"not_picked":["Reckless Charge+1","Sever Soul","Perfected Strike+1","Sword Boomerang+1"],"picked":"SKIP","floor":35},{"not_picked":["Sentinel+1","Whirlwind","Armaments+1","Cleave"],"picked":"SKIP","floor":39},{"not_picked":["Blood for Blood","Perfected Strike","Entrench+1"],"picked":"Evolve","floor":44},{"not_picked":["Rampage+1","Ghostly Armor+1","Infernal Blade+1"],"picked":"Feel No Pain","floor":46}],"player_experience":43591,"relics_obtained":[{"floor":6.0,"key":"Blood Vial"},{"floor":9.0,"key":"Unceasing Top"},{"floor":14.0,"key":"Toxic Egg 2"},{"floor":23.0,"key":"Gremlin Horn"},{"floor":26.0,"key":"Kunai"},{"floor":37,"key":"Girya"},{"floor":43,"key":"Boot"}],"event_choices":[{"damage_healed":0.0,"max_hp_gain":0.0,"max_hp_loss":0.0,"gold_gain":0.0,"event_name":"Accursed Blacksmith","player_choice":"Forge","floor":2.0,"gold_loss":0.0,"damage_taken":0.0,"cards_upgraded":["Bash"]},{"damage_healed":0.0,"max_hp_gain":0.0,"max_hp_loss":0.0,"gold_gain":0.0,"event_name":"Scrap Ooze","player_choice":"Success","floor":4.0,"gold_loss":0.0,"damage_taken":12.0,"relics_obtained":["Question Card"]},{"cards_removed":["Strike_R"],"damage_healed":0.0,"max_hp_gain":0.0,"max_hp_loss":0.0,"gold_gain":0.0,"event_name":"Purifier","player_choice":"Purged","floor":7.0,"gold_loss":0.0,"damage_taken":0.0},{"damage_healed":0,"gold_gain":0,"player_choice":"Memory 1","damage_taken":0,"max_hp_gain":0,"max_hp_loss":0,"event_name":"SensoryStone","floor":36,"gold_loss":0},{"damage_healed":0,"gold_gain":0,"player_choice":"Paid","damage_taken":0,"relics_obtained":["Red Mask"],"max_hp_gain":0,"max_hp_loss":0,"event_name":"Tomb of Lord Red Mask","floor":47,"gold_loss":162},{"damage_healed":0,"gold_gain":0,"player_choice":"Ignored","damage_taken":0,"max_hp_gain":0,"max_hp_loss":0,"event_name":"Mysterious Sphere","floor":48,"gold_loss":0}],"is_beta":false,"boss_relics":[{"not_picked":["Ectoplasm","Astrolabe"],"picked":"Fusion Hammer"},{"not_picked":["Coffee Dripper","Mark of Pain","Runic Dome"]}],"items_purged_floors":[5,13,19],"is_endless":false,"potions_floor_spawned":[6,12,16,23,28,29,31,33,44,46],"ascension_level":0}