{"gold_per_floor":[118,118,135,150,167,167,167,193,193,212,212,238,238,251,251,348,348,363,378,10,10,109,141,141,161,161,187,1,1,1,15,15,15],"floor_reached":33,"playtime":1835,"items_purged":[],"score":314,"play_id":"67f59447-5825-424a-9fef-7d55d9b260a8","local_time":"20190203234845","is_ascension_mode":true,"campfire_choices":[{"data":"Reckless Charge","floor":6,"key":"SMITH"},{"data":"Power Through","floor":11,"key":"SMITH"},{"data":"Evolve","floor":13,"key":"SMITH"},{"data":"Bash","floor":15,"key":"SMITH"},{"floor":30,"key":"REST"},{"data":"Armaments","floor":32,"key":"SMITH"}],"neow_cost":"NONE","seed_source_timestamp":33346420075525,"circlet_count":0,"master_deck":["Strike_R+1","Strike_R+1","Strike_R","Strike_R","Defend_R","Defend_R","Defend_R","Defend_R","Bash+1","Reckless Charge+1","Power Through+1","Evolve+1","Metallicize","Pommel Strike","Clash","Anger","Immolate","Armaments+1","Ghostly Armor+1","Infernal Blade+1","Rage","Body Slam","Uppercut","Shockwave","Blood for Blood","Dropkick","Blind","Purity","Impatience","Trip","PanicButton","Swift Strike","Shrug It Off"],"relics":["Burning Blood","Centennial Puzzle","Meat on the Bone","Bronze Scales","Philosopher\u0027s Stone","Shuriken","MutagenicStrength","Frozen Egg 2","Bottled Flame","Whetstone"],"potions_floor_usage":[12,12,23,25,33],"damage_taken":[{"damage":1,"enemies":"Cultist","floor":1,"turns":3},{"damage":0,"enemies":"Small Slimes","floor":3,"turns":3},{"damage":4,"enemies":"Jaw Worm","floor":4,"turns":4},{"damage":23,"enemies":"Lots of Slimes","floor":5,"turns":5},{"damage":8,"enemies":"Red Slaver","floor":10,"turns":5},{"damage":11,"enemies":"Gremlin Nob","floor":12,"turns":4},{"damage":0,"enemies":"Large Slime","floor":14,"turns":3},{"damage":17,"enemies":"Hexaghost","floor":16,"turns":8},{"damage":19,"enemies":"Shell Parasite","floor":18,"turns":3},{"damage":19,"enemies":"Spheric Guardian","floor":19,"turns":5},{"damage":25,"enemies":"Gremlin Leader","floor":23,"turns":5},{"damage":0,"enemies":"3 Cultists","floor":25,"turns":5},{"damage":11,"enemies":"Book of Stabbing","floor":27,"turns":5},{"damage":3,"enemies":"Centurion and Healer","floor":31,"turns":6},{"damage":65,"enemies":"Champ","floor":33,"turns":10}],"seed_played":"7184402196582236511","potions_obtained":[{"floor":4,"key":"LiquidBronze"},{"floor":5,"key":"Dexterity Potion"},{"floor":16,"key":"Ancient Potion"},{"floor":23,"key":"Dexterity Potion"},{"floor":27,"key":"SteroidPotion"}],"is_trial":false,"path_per_floor":["M","?","M","M","M","R","?","T","T","M","R","E","R","M","R","B",null,"M","M","$","?","?","E","?","M","T","E","$","?","R","M","R","B"],"character_chosen":"IRONCLAD","items_purchased":["Infernal Blade","Rage","Shuriken","Blood for Blood","Dropkick","Blind"],"campfire_rested":1,"item_purchase_floors":[20,20,20,28,28,28],"current_hp_per_floor":[88,88,88,88,71,71,64,64,64,62,62,57,57,63,63,52,88,75,62,62,62,62,55,55,61,61,56,56,8,34,49,49,0],"gold":15,"neow_bonus":"TEN_PERCENT_HP_BONUS","is_prod":false,"is_daily":false,"chose_seed":false,"campfire_upgraded":5,"win_rate":0,"timestamp":1549234125,"path_taken":["M","?","M","?","M","R","?","?","T","?","R","E","R","M","R","BOSS","M","M","$","?","?","E","?","?","T","E","?","?","R","?","R","BOSS"],"build_version":"2019-01-23","purchased_purges":0,"victory":false,"max_hp_per_floor":[88,88,88,88,88,88,88,88,88,88,88,88,88,88,88,88,88,88,88,88,88,88,88,88,88,88,88,88,88,88,88,88,88],"card_choices":[{"not_picked":["Shrug It Off","Power Through"],"picked":"Reckless Charge","floor":1},{"not_picked":["Sword Boomerang","Cleave"],"picked":"Power Through","floor":3},{"not_picked":["Clash","Shrug It Off"],"picked":"Evolve","floor":4},{"not_picked":["Thunderclap","Sword Boomerang"],"picked":"Metallicize","floor":5},{"not_picked":["Warcry","Searing Blow"],"picked":"Pommel Strike","floor":10},{"not_picked":["Intimidate","Offering"],"picked":"Clash","floor":12},{"not_picked":["Iron Wave","Perfected Strike"],"picked":"Anger","floor":14},{"not_picked":["Reaper","Juggernaut"],"picked":"Immolate","floor":16},{"not_picked":["Twin Strike","Shrug It Off"],"picked":"Armaments","floor":18},{"not_picked":["Sever Soul","Body Slam"],"picked":"Ghostly Armor+1","floor":19},{"not_picked":["Combust+1","True Grit"],"picked":"Body Slam","floor":23},{"not_picked":["Perfected Strike","True Grit"],"picked":"Uppercut","floor":25},{"not_picked":["Thunderclap+1","Sword Boomerang"],"picked":"Shockwave","floor":27},{"not_picked":["Corruption+1","Sword Boomerang"],"picked":"Shrug It Off","floor":31}],"player_experience":52843,"relics_obtained":[{"floor":8,"key":"Centennial Puzzle"},{"floor":9,"key":"Meat on the Bone"},{"floor":12,"key":"Bronze Scales"},{"floor":23,"key":"Frozen Egg 2"},{"floor":26,"key":"Bottled Flame"},{"floor":27,"key":"Whetstone"}],"event_choices":[{"damage_healed":0,"gold_gain":0,"player_choice":"Bought 0 Potions","damage_taken":0,"max_hp_gain":0,"max_hp_loss":0,"event_name":"The Woman in Blue","floor":2,"gold_loss":0},{"cards_removed":["Strike_R"],"damage_healed":0,"gold_gain":0,"player_choice":"Card Removal","damage_taken":7,"max_hp_gain":0,"max_hp_loss":0,"event_name":"Golden Wing","floor":7,"gold_loss":0},{"damage_healed":0,"gold_gain":0,"player_choice":"Inject Mutagens","damage_taken":0,"relics_obtained":["MutagenicStrength"],"max_hp_gain":0,"max_hp_loss":0,"event_name":"Drug Dealer","floor":21,"gold_loss":0},{"damage_healed":0,"gold_gain":99,"player_choice":"Stole From Cult","damage_taken":0,"max_hp_gain":0,"max_hp_loss":0,"event_name":"Nest","floor":22,"gold_loss":0},{"damage_healed":0,"gold_gain":0,"player_choice":"Forge","damage_taken":0,"max_hp_gain":0,"max_hp_loss":0,"event_name":"Accursed Blacksmith","floor":24,"gold_loss":0,"cards_upgraded":["Infernal Blade"]},{"damage_healed":0,"gold_gain":0,"player_choice":"CARD CARD CARD CARD CARD ","damage_taken":48,"max_hp_gain":0,"max_hp_loss":0,"event_name":"Knowing Skull","floor":29,"potions_obtained":[],"gold_loss":0,"cards_obtained":["Purity","Impatience","Trip","PanicButton","Swift Strike"]}],"is_beta":false,"boss_relics":[{"not_picked":["Tiny House","Runic Pyramid"],"picked":"Philosopher\u0027s Stone"}],"items_purged_floors":[],"is_endless":false,"potions_floor_spawned":[4,5,16,23,27],"killed_by":"Champ","ascension_level":2}