{"gold_per_floor":[10,26,40,59,72,72,90,117,117,148,167,167,183,108,108,182,182,199,199,209,223,223,223,237,237,237,265,265,290,190,205,205,276,276,296,296,314,314,189,189,216,235,235,235,246,196,212,224,224,224],"floor_reached":51,"playtime":5594,"items_purged":["Strike_G","Defend_G","Defend_G"],"score":1844,"play_id":"375a7d31-231d-4a54-ad49-ea68a9c78e1d","local_time":"20190212023619","is_ascension_mode":true,"campfire_choices":[{"floor":6.0,"key":"REST"},{"data":"Grand Finale","floor":12.0,"key":"SMITH"},{"floor":15.0,"key":"REST"},{"data":"Footwork","floor":23.0,"key":"SMITH"},{"floor":25.0,"key":"REST"},{"data":"Backflip","floor":32,"key":"SMITH"},{"floor":40,"key":"REST"},{"floor":49,"key":"RECALL"}],"neow_cost":"NO_GOLD","seed_source_timestamp":13573848324000,"circlet_count":0,"master_deck":["AscendersBane","Defend_G","Defend_G","Survivor","Neutralize","Grand Finale+1","Sucker Punch","Prepared","Well Laid Plans+1","Backflip+1","Expertise","Prepared","Dagger Throw","Footwork+1","Reflex+1","Sucker Punch+1","Cloak And Dagger+1","Sucker Punch+1","Calculated Gamble+1","Reflex+1","Prepared+1","Well Laid Plans+1","Acrobatics+1","Calculated Gamble+1","Adrenaline+1","Backflip+1","Prepared+1"],"special_seed":0,"relics":["Ring of the Snake","Toxic Egg 2","Incense Burner","Astrolabe","FossilizedHelix","Pantograph","Calipers","Fusion Hammer","Sundial","Meat on the Bone"],"potions_floor_usage":[50,50],"damage_taken":[{"damage":7.0,"enemies":"Small Slimes","floor":1.0,"turns":7.0},{"damage":2.0,"enemies":"Cultist","floor":2.0,"turns":5.0},{"damage":0.0,"enemies":"2 Louse","floor":3.0,"turns":4.0},{"damage":34.0,"enemies":"Gremlin Gang","floor":4.0,"turns":4.0},{"damage":3.0,"enemies":"Large Slime","floor":5.0,"turns":5.0},{"damage":0.0,"enemies":"Red Slaver","floor":7.0,"turns":2.0},{"damage":0.0,"enemies":"Lagavulin","floor":8.0,"turns":4.0},{"damage":2.0,"enemies":"3 Sentries","floor":10.0,"turns":2.0},{"damage":0.0,"enemies":"Looter","floor":11.0,"turns":3.0},{"damage":0.0,"enemies":"Exordium Thugs","floor":13.0,"turns":2.0},{"damage":0.0,"enemies":"Slime Boss","floor":16.0,"turns":4.0},{"damage":0.0,"enemies":"Spheric Guardian","floor":18.0,"turns":3.0},{"damage":7.0,"enemies":"Shell Parasite","floor":20.0,"turns":3.0},{"damage":12.0,"enemies":"Snecko","floor":21.0,"turns":5.0},{"damage":0.0,"enemies":"Snake Plant","floor":24.0,"turns":3.0},{"damage":14.0,"enemies":"Gremlin Leader","floor":27.0,"turns":4.0},{"damage":5.0,"enemies":"Book of Stabbing","floor":29.0,"turns":4.0},{"damage":0,"enemies":"Sentry and Sphere","floor":31,"turns":3},{"damage":0,"enemies":"Automaton","floor":33,"turns":6},{"damage":0,"enemies":"3 Shapes","floor":35,"turns":2},{"damage":0,"enemies":"Orb Walker","floor":37,"turns":3},{"damage":0,"enemies":"Giant Head","floor":41,"turns":3},{"damage":0,"enemies":"Transient","floor":42,"turns":6},{"damage":0,"enemies":"4 Shapes","floor":45,"turns":3},{"damage":0,"enemies":"Sphere and 2 Shapes","floor":47,"turns":1},{"damage":0,"enemies":"Maw","floor":48,"turns":6},{"damage":0,"enemies":"Awakened One","floor":50,"turns":7}],"seed_played":"7261922724520755448","potions_obtained":[{"floor":1.0,"key":"Dexterity Potion"},{"floor":8.0,"key":"SpeedPotion"},{"floor":21.0,"key":"SteroidPotion"},{"floor":31,"key":"Energy Potion"},{"floor":36,"key":"Dexterity Potion"}],"is_trial":false,"path_per_floor":["?","M","?","$","?","M","?","?","M","?"],"character_chosen":"THE_SILENT","items_purchased":[],"campfire_rested":4,"item_purchase_floors":[],"current_hp_per_floor":[52,50,50,16,13,32,32,32,32,30,30,30,30,30,49,49,62,62,56,49,37,37,37,37,56,56,42,42,37,37,37,37,62,65,65,65,65,63,63,63,63,63,63,63,63,63,63,63,63,63],"gold":224,"neow_bonus":"TRANSFORM_TWO_CARDS","is_prod":false,"is_daily":false,"chose_seed":false,"campfire_upgraded":3,"win_rate":0,"timestamp":1549906579,"path_taken":["M","M","M","M","M","R","M","E","T","E","M","R","M","$","R","BOSS","M","?","?","M","?","R","M","R","T","E","?","E","$","M","R","BOSS","M","?","?","?","$","R","E","M","T","?","?","?","M","M","R","BOSS"],"build_version":"2019-01-23","purchased_purges":3,"victory":true,"max_hp_per_floor":[66,66,66,66,66,66,66,66,66,66,66,66,66,66,66,66,66,66,66,66,66,66,66,66,66,66,66,66,66,66,66,66,66,66,66,66,66,63,63,63,63,63,63,63,63,63,63,63,63,63],"card_choices":[{"not_picked":["Heel Hook","Underhanded Strike"],"picked":"Prepared","floor":1.0},{"not_picked":["Acrobatics","Dagger Spray"],"picked":"Well Laid Plans","floor":2.0},{"not_picked":["Bane","Catalyst"],"picked":"Backflip","floor":3.0},{"not_picked":["Caltrops","Distraction","Slice"],"picked":"SKIP","floor":4.0},{"not_picked":["All Out Attack","Backstab"],"picked":"Expertise","floor":5.0},{"not_picked":["PiercingWail","Dagger Throw"],"picked":"Prepared","floor":7.0},{"not_picked":["Deadly Poison","Prepared"],"picked":"Dagger Throw","floor":8.0},{"not_picked":["Accuracy","Skewer","Quick Slash"],"picked":"SKIP","floor":10.0},{"not_picked":["Caltrops","Bullet Time+1"],"picked":"Footwork","floor":11.0},{"not_picked":["Tactician+1","Cloak And Dagger+1"],"picked":"Reflex+1","floor":13.0},{"not_picked":["Outmaneuver+1","Prepared+1"],"picked":"Calculated Gamble+1","floor":18.0},{"not_picked":["Flying Knee","Slice"],"picked":"Reflex+1","floor":20.0},{"not_picked":["Dagger Spray","Terror+1"],"picked":"Prepared+1","floor":21.0},{"not_picked":["Dagger Throw","Backflip+1"],"picked":"Acrobatics+1","floor":24.0},{"not_picked":["Slice","PiercingWail+1"],"picked":"Calculated Gamble+1","floor":27.0},{"not_picked":["Cloak And Dagger+1","Envenom","Blade Dance+1"],"picked":"SKIP","floor":29.0},{"not_picked":["Outmaneuver+1","Choke","Slice"],"picked":"SKIP","floor":31},{"not_picked":["Storm of Steel+1","Grand Finale"],"picked":"Adrenaline+1","floor":33},{"not_picked":["Underhanded Strike","Infinite Blades+1","Cloak And Dagger+1"],"picked":"SKIP","floor":35},{"not_picked":["Deadly Poison+1","Bane"],"picked":"Backflip+1","floor":37},{"not_picked":["PiercingWail+1","Poisoned Stab","Masterful Stab"],"picked":"SKIP","floor":41},{"not_picked":["PiercingWail+1","Riddle With Holes","Skewer"],"picked":"SKIP","floor":42},{"not_picked":["Doppelganger+1","Reflex+1"],"picked":"Prepared+1","floor":45},{"not_picked":["Backstab","Prepared+1","Distraction+1"],"picked":"SKIP","floor":47},{"not_picked":["Riddle With Holes","Eviscerate+1","Acrobatics+1"],"picked":"SKIP","floor":48}],"player_experience":349052,"relics_obtained":[{"floor":8.0,"key":"Toxic Egg 2"},{"floor":9.0,"key":"Incense Burner"},{"floor":26.0,"key":"FossilizedHelix"},{"floor":27.0,"key":"Pantograph"},{"floor":29.0,"key":"Calipers"},{"floor":41,"key":"Sundial"},{"floor":43,"key":"Meat on the Bone"}],"event_choices":[{"damage_healed":0.0,"max_hp_gain":0.0,"max_hp_loss":0.0,"gold_gain":0.0,"event_name":"Knowing Skull","player_choice":"","floor":19.0,"potions_obtained":[],"gold_loss":0.0,"damage_taken":6.0,"cards_obtained":[]},{"damage_healed":0.0,"max_hp_gain":0.0,"max_hp_loss":0.0,"gold_gain":0.0,"event_name":"Duplicator","player_choice":"Copied","floor":22.0,"gold_loss":0.0,"damage_taken":0.0,"cards_obtained":["Well Laid Plans"]},{"damage_healed":0,"gold_gain":0,"player_choice":"Got Potions","damage_taken":0,"max_hp_gain":0,"max_hp_loss":0,"event_name":"Lab","floor":36,"gold_loss":0},{"damage_healed":0,"gold_gain":0,"player_choice":"Max HP","damage_taken":0,"max_hp_gain":0,"max_hp_loss":3,"event_name":"Winding Halls","floor":38,"gold_loss":0},{"damage_healed":0,"gold_gain":0,"player_choice":"Forge","damage_taken":0,"max_hp_gain":0,"max_hp_loss":0,"event_name":"Accursed Blacksmith","floor":44,"gold_loss":0,"cards_upgraded":["Well Laid Plans"]},{"damage_healed":0,"gold_gain":0,"player_choice":"Upgrade","damage_taken":0,"max_hp_gain":0,"max_hp_loss":0,"event_name":"Designer","floor":46,"gold_loss":50,"cards_upgraded":["Well Laid Plans"]}],"is_beta":false,"boss_relics":[{"not_picked":["WristBlade","Lizard Tail"],"picked":"Astrolabe"},{"not_picked":["Eternal Feather","Snecko Eye"],"picked":"Fusion Hammer"}],"items_purged_floors":[14,30,39],"is_endless":false,"potions_floor_spawned":[1,8,11,13,16,18,21,31,35,45,47],"ascension_level":17}