{"path_per_floor":["M","M","$","M","$","R","E","M","T","R","?","R","?","?","R","B",null,"M","M"],"character_chosen":"IRONCLAD","items_purchased":[],"gold_per_floor":[11,29,29,49,49,49,77,90,90,90,90,90,90,90,90,181,181,199,174,174],"floor_reached":20,"campfire_rested":0,"playtime":540,"current_hp_per_floor":[82,86,86,85,85,85,43,35,35,35,35,35,40,40,40,37,80,35,27,0],"items_purged":[],"gold":174,"score":301,"play_id":"6b9d17c6-2c0c-4646-b55d-69bd4ccb7a0c","local_time":"20180515191009","is_prod":false,"is_daily":false,"chose_seed":false,"is_ascension_mode":true,"campfire_upgraded":4,"timestamp":1526404209,"path_taken":["M","M","$","?","$","R","E","M","T","R","?","R","?","?","R","BOSS","M","M","M"],"build_version":"2018-05-14v2","seed_source_timestamp":584820685325929,"purchased_purges":0,"victory":false,"master_deck":["Strike_R","Strike_R","Strike_R","Strike_R","Defend_R","Defend_R","Defend_R","Defend_R","Bash","AscendersBane","Perfected Strike+1","True Grit+1","Body Slam","Barricade+1","Iron Wave","Injury","Entrench+1","Juggernaut","Armaments","Ghostly Armor"],"max_hp_per_floor":[89,89,89,89,89,89,89,89,89,89,89,89,94,94,94,94,94,94,94,94],"relics":["Burning Blood","Juzu Bracelet","Bottled Lightning","Golden Idol","Runic Dome"],"card_choices":[{"not_picked":["Pommel Strike","Sword Boomerang"],"picked":"Perfected Strike","floor":1},{"not_picked":["Cleave","Heavy Blade"],"picked":"True Grit","floor":2},{"not_picked":["Heavy Blade","Warcry"],"picked":"Body Slam","floor":4},{"not_picked":["Sword Boomerang","Iron Wave"],"picked":"Barricade","floor":7},{"not_picked":["Combust","Whirlwind"],"picked":"Iron Wave","floor":8},{"not_picked":["Immolate","Reaper"],"picked":"Juggernaut","floor":16},{"not_picked":["Pummel","Pommel Strike"],"picked":"Armaments","floor":18},{"not_picked":["Thunderclap","Pommel Strike"],"picked":"Ghostly Armor","floor":19}],"player_experience":714903,"potions_floor_usage":[16],"damage_taken":[{"damage":6,"enemies":"Cultist","floor":1,"turns":4},{"damage":2,"enemies":"2 Louse","floor":2,"turns":3},{"damage":7,"enemies":"Jaw Worm","floor":4,"turns":3},{"damage":48,"enemies":"Lagavulin","floor":7,"turns":7},{"damage":14,"enemies":"Red Slaver","floor":8,"turns":2},{"damage":9,"enemies":"Slime Boss","floor":16,"turns":14},{"damage":51,"enemies":"3 Byrds","floor":18,"turns":8},{"damage":14,"enemies":"2 Thieves","floor":19,"turns":5},{"damage":33,"enemies":"Snake Plant","floor":20,"turns":3}],"relics_obtained":[{"floor":7,"key":"Juzu Bracelet"},{"floor":9,"key":"Bottled Lightning"}],"event_choices":[{"event_name":"Golden Idol","player_choice":"Take Wound","floor":11,"damage_taken":0},{"event_name":"Big Fish","player_choice":"Donut","floor":13,"damage_taken":0},{"event_name":"Transmorgrifier","player_choice":"Transform","floor":14,"damage_taken":0}],"boss_relics":[{"not_picked":["Philosopher\u0027s Stone","Lizard Tail"],"picked":"Runic Dome"}],"potions_floor_spawned":[7,16],"seed_played":"5719003600273988243","killed_by":"Snake Plant","ascension_level":15,"potions_obtained":[{"floor":7,"key":"GamblersBrew"},{"floor":16,"key":"Dexterity Potion"}],"is_trial":false}