{"gold_per_floor":[118,133,133,145,145,145,100,100,100,100,27,27,42,60,60,159,159,174,192,192,192,208,208,208],"floor_reached":24,"playtime":8376,"items_purged":[],"score":326,"play_id":"b73cbf07-25f3-48b2-a7fe-5f70cfa9788e","local_time":"20180716142612","is_ascension_mode":true,"campfire_choices":[{"data":"Perfected Strike","floor":6,"key":"SMITH"},{"data":"Disarm","floor":10,"key":"SMITH"},{"data":"Perfected Strike","floor":15,"key":"SMITH"},{"data":"Armaments","floor":23,"key":"SMITH"}],"neow_cost":"","seed_source_timestamp":477045239682765,"circlet_count":0,"master_deck":["Strike_R","Strike_R","Strike_R","Strike_R","Strike_R","Defend_R","Defend_R","Defend_R","Bash","AscendersBane","Iron Wave","Perfected Strike+1","Fire Breathing+1","Disarm+1","True Grit","Battle Trance","Anger","Perfected Strike+1","Double Tap","Armaments+1","Perfected Strike+1","Twin Strike"],"relics":["Burning Blood","Golden Idol","Bird Faced Urn","Bottled Tornado","Sozu"],"potions_floor_usage":[16],"damage_taken":[{"damage":0,"enemies":"2 Louse","floor":1,"turns":3},{"damage":0,"enemies":"Cultist","floor":2,"turns":4},{"damage":12,"enemies":"Small Slimes","floor":4,"turns":4},{"damage":3,"enemies":"Gremlin Gang","floor":13,"turns":5},{"damage":10,"enemies":"3 Louse","floor":14,"turns":4},{"damage":15,"enemies":"The Guardian","floor":16,"turns":15},{"damage":0,"enemies":"Chosen","floor":18,"turns":3},{"damage":11,"enemies":"2 Thieves","floor":19,"turns":3},{"damage":17,"enemies":"Centurion and Healer","floor":22,"turns":4},{"damage":57,"enemies":"Gremlin Leader","floor":24,"turns":4}],"seed_played":"3503597720408011401","potions_obtained":[{"floor":1,"key":"Block Potion"},{"floor":16,"key":"Dexterity Potion"}],"is_trial":false,"path_per_floor":["M","M","?","M","?","R","$","?","T","R","$","?","M","M","R","B",null,"M","M","?","?","M","R"],"character_chosen":"IRONCLAD","items_purchased":["True Grit","Battle Trance"],"campfire_rested":0,"item_purchase_floors":[7,11],"current_hp_per_floor":[74,75,75,69,43,43,43,32,32,32,32,32,37,35,35,28,63,71,68,68,61,52,52,0],"gold":208,"neow_bonus":"","is_prod":false,"is_daily":false,"chose_seed":false,"campfire_upgraded":4,"win_rate":0,"timestamp":1531743972,"path_taken":["M","M","?","?","?","R","?","?","T","R","$","?","M","?","R","BOSS","M","M","?","?","M","R","E"],"build_version":"2018-07-12","purchased_purges":0,"victory":false,"max_hp_per_floor":[75,75,75,75,75,75,75,75,75,75,75,75,75,75,75,75,75,75,75,75,75,75,75,75],"card_choices":[{"not_picked":["Corruption","Heavy Blade"],"picked":"Iron Wave","floor":1},{"not_picked":["Clash","Pummel"],"picked":"Perfected Strike","floor":2},{"not_picked":["Headbutt","Sword Boomerang"],"picked":"Disarm","floor":4},{"not_picked":["Rupture","Battle Trance"],"picked":"Anger","floor":13},{"not_picked":["Rage","Sword Boomerang"],"picked":"Perfected Strike","floor":14},{"not_picked":["Barricade","Fiend Fire"],"picked":"Double Tap","floor":16},{"not_picked":["Rage","Havoc","Sword Boomerang"],"picked":"SKIP","floor":18},{"not_picked":["Anger","Havoc"],"picked":"Armaments","floor":19},{"not_picked":["Headbutt","Evolve"],"picked":"Twin Strike","floor":22}],"player_experience":1048831,"relics_obtained":[{"floor":9,"key":"Bottled Tornado"}],"event_choices":[{"event_name":"Transmorgrifier","player_choice":"Transform","floor":3,"damage_taken":0},{"event_name":"Golden Idol","player_choice":"Take Damage","floor":5,"damage_taken":0},{"event_name":"Scrap Ooze","player_choice":"success","floor":8,"damage_taken":11},{"event_name":"Living Wall","player_choice":"Grow","floor":12,"damage_taken":0},{"event_name":"Duplicator","player_choice":"One dupe","floor":20,"damage_taken":0},{"event_name":"Knowing Skull","player_choice":"","floor":21,"damage_taken":0}],"boss_relics":[{"not_picked":["Black Blood","Runic Pyramid"],"picked":"Sozu"}],"items_purged_floors":[],"is_endless":false,"potions_floor_spawned":[1,16,18,19],"killed_by":"Gremlin Leader","ascension_level":15}