{"path_per_floor":["M","M","M","M","?","R","?","M","T","R","M","R","M","E","R","B",null,"M","M","M","$","M","R","E","M","T","?","$","M","?","M","R"],"character_chosen":"IRONCLAD","items_purchased":["Gremlin Horn","Blood Vial"],"gold_per_floor":[115,134,144,156,156,156,156,169,169,169,184,184,196,231,231,330,330,340,358,369,109,119,119,148,168,168,168,13,25,25,36,36],"floor_reached":33,"campfire_rested":1,"playtime":1152,"current_hp_per_floor":[80,80,80,73,66,66,66,72,72,72,78,78,76,80,80,47,80,80,76,61,61,67,67,57,59,59,59,59,42,27,35,60],"items_purged":[],"gold":36,"score":298,"play_id":"7aa60a19-ddd7-4879-a171-f58725d7a76b","is_prod":false,"is_daily":false,"is_ascension_mode":false,"campfire_upgraded":5,"path_taken":["M","M","M","M","?","R","?","M","T","R","?","R","M","E","R","BOSS","M","M","M","$","?","R","E","M","T","?","$","M","?","M","R","BOSS"],"build_version":"2018-02-22-PROD2","purchased_purges":0,"victory":false,"master_deck":["Strike_R","Strike_R","Strike_R","Strike_R","Strike_R","Defend_R","Defend_R","Defend_R","Defend_R","Thunderclap","Twin Strike+1","Perfected Strike+1","Perfected Strike+1","Perfected Strike+1","Thunderclap","Headbutt","Whirlwind+1","Armaments+1","Barricade","Flex"],"max_hp_per_floor":[80,80,80,80,80,80,80,80,80,80,80,80,80,80,80,80,80,80,80,80,80,80,80,80,80,80,80,80,80,85,85,85],"relics":["Burning Blood","Bag of Preparation","Peace Pipe","Charon\u0027s Ashes","Mark of Pain","Gremlin Horn","Orichalcum","Shovel","Blood Vial"],"card_choices":[{"not_picked":["Cleave","Headbutt"],"picked":"Thunderclap"},{"not_picked":["Metallicize","Havoc"],"picked":"Twin Strike"},{"not_picked":["Ghostly Armor","Bludgeon"],"picked":"Perfected Strike"},{"not_picked":["Dual Wield","Shockwave"],"picked":"Perfected Strike"},{"not_picked":["Infernal Blade","Warcry"],"picked":"Perfected Strike"},{"not_picked":["Hemokinesis","Shrug It Off"],"picked":"Perfected Strike"},{"not_picked":["Second Wind","Armaments"],"picked":"Thunderclap"},{"not_picked":["Cleave","Pommel Strike"],"picked":"Headbutt"},{"not_picked":["Battle Trance","Headbutt"],"picked":"Whirlwind"},{"not_picked":["Anger","Warcry"],"picked":"Armaments"},{"not_picked":["Clash","Rampage"],"picked":"Flex"}],"player_experience":160358,"potions_floor_usage":[13,16,24,29,31,33],"damage_taken":[{"damage":5,"enemies":"2 Louse","floor":1,"turns":2},{"damage":0,"enemies":"Small Slimes","floor":2,"turns":2},{"damage":6,"enemies":"Jaw Worm","floor":3,"turns":3},{"damage":13,"enemies":"Large Slime","floor":4,"turns":5},{"damage":0,"enemies":"3 Louse","floor":8,"turns":3},{"damage":0,"enemies":"Blue Slaver","floor":11,"turns":1},{"damage":8,"enemies":"Lots of Slimes","floor":13,"turns":2},{"damage":0,"enemies":"Gremlin Nob","floor":14,"turns":2},{"damage":39,"enemies":"The Guardian","floor":16,"turns":7},{"damage":0,"enemies":"3 Byrds","floor":18,"turns":4},{"damage":10,"enemies":"2 Thieves","floor":19,"turns":2},{"damage":21,"enemies":"Snake Plant","floor":20,"turns":2},{"damage":0,"enemies":"3 Cultists","floor":22,"turns":2},{"damage":16,"enemies":"Book of Stabbing","floor":24,"turns":3},{"damage":4,"enemies":"Chosen and Byrds","floor":25,"turns":2},{"damage":25,"enemies":"Centurion and Healer","floor":29,"turns":4},{"damage":0,"enemies":"3 Cultists","floor":31,"turns":3},{"damage":96,"enemies":"Automaton","floor":33,"turns":6}],"event_choices":[{"event_name":"Golden Wing","player_choice":"Card Removal","floor":5,"damage_taken":0},{"event_name":"Living Wall","player_choice":"Grow","floor":7,"damage_taken":0},{"event_name":"Transmorgrifier","player_choice":"Transform","floor":27,"damage_taken":0},{"event_name":"Forgotten Altar","player_choice":"Shed Blood","floor":30,"damage_taken":0}],"boss_relics":[{"not_picked":["White Beast Statue","Runic Pyramid"],"picked":"Mark of Pain"}],"potions_floor_spawned":[8,11,13,14,16,18,22,25],"seed_played":"-8091425954700970072","killed_by":"Automaton","ascension_level":0,"is_trial":false}