{"gold_per_floor":[113,263,263,24,40,67,67,81,81,42,75,95,95,123,123,123],"floor_reached":16,"playtime":418,"items_purged":["Doubt"],"score":286,"play_id":"739d1ac1-a704-493a-af3e-0ede2c03754b","local_time":"20190115101418","is_ascension_mode":true,"campfire_choices":[{"data":"Carnage","floor":7.0,"key":"SMITH"},{"floor":15.0,"key":"REST"}],"neow_cost":"NONE","seed_source_timestamp":0,"circlet_count":0,"master_deck":["AscendersBane","Strike_R","Strike_R","Strike_R","Strike_R","Strike_R","Defend_R","Defend_R","Defend_R","Defend_R","Bash","Reaper","Disarm","Carnage+1","Armaments","Shockwave","Corruption","Immolate","Entrench","Whirlwind"],"special_seed":0,"relics":["Burning Blood","NeowsBlessing","Letter Opener","Smiling Mask","Dream Catcher","Lantern"],"potions_floor_usage":[],"damage_taken":[{"damage":0.0,"enemies":"2 Louse","floor":1.0,"turns":1.0},{"damage":0.0,"enemies":"Jaw Worm","floor":5.0,"turns":1.0},{"damage":0.0,"enemies":"Lagavulin","floor":6.0,"turns":1.0},{"damage":0.0,"enemies":"Cultist","floor":8.0,"turns":3.0},{"damage":60.0,"enemies":"3 Sentries","floor":11.0,"turns":10.0},{"damage":0.0,"enemies":"Large Slime","floor":12.0,"turns":4.0},{"damage":12.0,"enemies":"Gremlin Nob","floor":14.0,"turns":4.0},{"damage":38,"enemies":"The Guardian","floor":16,"turns":7}],"seed_played":"2629509735980347630","potions_obtained":[{"floor":5.0,"key":"SkillPotion"},{"floor":8.0,"key":"Ancient Potion"},{"floor":11.0,"key":"Block Potion"}],"is_trial":false,"path_per_floor":["M","?","?","$","M","E","R","M","T","$","E","M","?","E","R","B"],"character_chosen":"IRONCLAD","items_purchased":["Disarm","Carnage","Corruption"],"campfire_rested":1,"item_purchase_floors":[4,4,10],"current_hp_per_floor":[74,74,74,74,75,75,75,75,75,75,33,39,13,7,29,0],"gold":123,"neow_bonus":"THREE_ENEMY_KILL","is_prod":false,"is_daily":false,"chose_seed":false,"campfire_upgraded":1,"win_rate":0,"timestamp":1547543658,"path_taken":["M","?","?","$","M","E","R","M","T","$","E","?","?","E","R","BOSS"],"build_version":"2019-01-10","purchased_purges":1,"victory":false,"max_hp_per_floor":[75,75,75,75,75,75,75,75,75,75,75,75,75,75,75,75],"card_choices":[{"not_picked":["Clash","Warcry","Seeing Red"],"picked":"SKIP","floor":1.0},{"not_picked":["Flex","Rampage"],"picked":"Armaments","floor":5.0},{"not_picked":["Ghostly Armor","Corruption"],"picked":"Shockwave","floor":6.0},{"not_picked":["Sword Boomerang","Dropkick","Twin Strike"],"picked":"SKIP","floor":8.0},{"not_picked":["Rupture","Reckless Charge"],"picked":"Immolate","floor":11.0},{"not_picked":["Power Through","Armaments","Ghostly Armor"],"picked":"SKIP","floor":12.0},{"not_picked":["Clash","Corruption"],"picked":"Entrench","floor":14.0},{"not_picked":["Carnage","Perfected Strike"],"picked":"Whirlwind","floor":15.0}],"player_experience":1885480,"relics_obtained":[{"floor":9.0,"key":"Letter Opener"},{"floor":11.0,"key":"Smiling Mask"},{"floor":14.0,"key":"Lantern"}],"event_choices":[{"damage_healed":0.0,"max_hp_gain":0.0,"max_hp_loss":0.0,"gold_gain":150.0,"event_name":"Liars Game","player_choice":"AGREE","floor":2.0,"gold_loss":0.0,"damage_taken":0.0,"cards_obtained":["Doubt"]},{"damage_healed":0.0,"max_hp_gain":0.0,"max_hp_loss":0.0,"gold_gain":0.0,"event_name":"Match and Keep!","player_choice":"1 cards matched","floor":3.0,"gold_loss":0.0,"damage_taken":0.0,"cards_obtained":["Reaper"]},{"damage_healed":0.0,"max_hp_gain":0.0,"max_hp_loss":0.0,"gold_gain":0.0,"event_name":"Scrap Ooze","player_choice":"Success","floor":13.0,"gold_loss":0.0,"damage_taken":26.0,"relics_obtained":["Dream Catcher"]}],"is_beta":false,"boss_relics":[],"items_purged_floors":[4],"is_endless":false,"potions_floor_spawned":[5,8,11],"killed_by":"The Guardian","ascension_level":20}