{"gold_per_floor":[15,29,48,66,166,191,191,218,298,298,311,338,354,354,354,457,457,468,484,484,147,147,147,11,37,83,117,134,134,144,177,177,277,277,291,303,303,320,20,20,49,49,49,49,64,91,0,12,12,12],"floor_reached":50,"playtime":4352,"items_purged":["Strike_R","Strike_R","Strike_R"],"score":716,"play_id":"05f39c06-a41f-4e75-9980-ad30ca208ba3","local_time":"20190213145339","is_ascension_mode":true,"campfire_choices":[{"floor":7,"key":"REST"},{"floor":10,"key":"REST"},{"data":"Inflame","floor":15,"key":"SMITH"},{"floor":23,"key":"REST"},{"floor":29,"key":"REST"},{"floor":32,"key":"REST"},{"floor":40,"key":"REST"},{"floor":42,"key":"REST"},{"floor":44,"key":"RECALL"},{"floor":49,"key":"REST"}],"neow_cost":"NO_GOLD","seed_source_timestamp":1351791936812300,"circlet_count":0,"master_deck":["Strike_R","Strike_R","Defend_R","Defend_R","Defend_R","Defend_R","Bash","Warcry","Body Slam","Clothesline","Carnage","Body Slam+1","Inflame+1","Metallicize","Shrug It Off+1","Cleave+1","Bash+1","Limit Break","Body Slam+1","Headbutt+1","Clothesline+1","Anger+1","Metallicize","Ghostly Armor","Heavy Blade+1","Shrug It Off","Spot Weakness","Warcry+1","Offering","Inflame+1","Pommel Strike+1","Inflame","Reaper+1","Pommel Strike+1","Pain","Reckless Charge+1","Heavy Blade+1"],"relics":["Molten Egg 2","Champion Belt","Pear","Regal Pillow","Velvet Choker","Nloth\u0027s Gift","Sling","Shuriken","Bottled Lightning","Bronze Scales","Cursed Key","Juzu Bracelet","The Courier","Gremlin Horn","Red Mask"],"potions_floor_usage":[8,11,16,27,27,33,36,41,50,50],"damage_taken":[{"damage":8,"enemies":"2 Louse","floor":1,"turns":3},{"damage":1,"enemies":"Cultist","floor":2,"turns":3},{"damage":10,"enemies":"Small Slimes","floor":3,"turns":4},{"damage":14,"enemies":"3 Louse","floor":4,"turns":5},{"damage":62,"enemies":"Lagavulin","floor":6,"turns":9},{"damage":12,"enemies":"Gremlin Nob","floor":8,"turns":4},{"damage":5,"enemies":"Gremlin Gang","floor":11,"turns":3},{"damage":23,"enemies":"3 Sentries","floor":12,"turns":8},{"damage":3,"enemies":"Looter","floor":13,"turns":2},{"damage":45,"enemies":"Slime Boss","floor":16,"turns":13},{"damage":30,"enemies":"3 Byrds","floor":18,"turns":6},{"damage":21,"enemies":"Shell Parasite","floor":19,"turns":6},{"damage":52,"enemies":"Gremlin Leader","floor":25,"turns":4},{"damage":35,"enemies":"Slavers","floor":27,"turns":5},{"damage":21,"enemies":"Sentry and Sphere","floor":28,"turns":4},{"damage":0,"enemies":"Cultist and Chosen","floor":30,"turns":6},{"damage":23,"enemies":"Book of Stabbing","floor":31,"turns":5},{"damage":48,"enemies":"Collector","floor":33,"turns":7},{"damage":13,"enemies":"3 Shapes","floor":35,"turns":6},{"damage":26,"enemies":"3 Darklings","floor":36,"turns":3},{"damage":0,"enemies":"Sphere and 2 Shapes","floor":38,"turns":2},{"damage":37,"enemies":"Giant Head","floor":41,"turns":7},{"damage":48,"enemies":"Transient","floor":45,"turns":5},{"damage":58,"enemies":"Nemesis","floor":46,"turns":7},{"damage":5,"enemies":"Spire Growth","floor":48,"turns":4},{"damage":98,"enemies":"Awakened One","floor":50,"turns":8}],"seed_played":"1670806045460094652","potions_obtained":[{"floor":1,"key":"Fire Potion"},{"floor":6,"key":"Explosive Potion"},{"floor":8,"key":"Swift Potion"},{"floor":12,"key":"SmokeBomb"},{"floor":13,"key":"Dexterity Potion"},{"floor":25,"key":"BloodPotion"},{"floor":28,"key":"Explosive Potion"},{"floor":31,"key":"Weak Potion"},{"floor":35,"key":"Poison Potion"},{"floor":38,"key":"Explosive Potion"},{"floor":46,"key":"SteroidPotion"},{"floor":48,"key":"Block Potion"}],"is_trial":false,"path_per_floor":["M","M","M","M","?","E","R","E","T","R","M","E","M","?","R","B",null,"M","M","?","$","?","R","$","E","T","E","M","R","M","E","R","B",null,"M","M","?","M","$","R","E","R","T","R","M","E","?","M","R","B"],"character_chosen":"IRONCLAD","items_purchased":["Sling","Clothesline+1","Anger+1","Metallicize","Inflame","Reaper+1"],"campfire_rested":8,"item_purchase_floors":[21,21,21,24,39,39],"current_hp_per_floor":[94,96,92,84,84,28,56,50,60,91,92,75,78,78,78,39,106,82,67,67,67,67,106,106,54,54,29,8,54,54,31,77,29,106,93,67,67,67,67,106,69,106,106,106,75,22,22,28,74,0],"gold":12,"neow_bonus":"TWENTY_PERCENT_HP_BONUS","is_prod":false,"is_daily":false,"chose_seed":false,"campfire_upgraded":1,"win_rate":0,"timestamp":1550066019,"path_taken":["M","M","M","M","?","E","R","E","T","R","?","E","M","?","R","BOSS","M","M","?","?","?","R","$","E","T","E","M","R","M","E","R","BOSS","M","M","?","M","$","R","E","R","T","R","M","E","?","M","R","BOSS"],"build_version":"2019-01-23","purchased_purges":3,"victory":false,"max_hp_per_floor":[96,96,96,96,96,96,96,96,106,106,106,106,106,106,106,106,106,106,106,106,106,106,106,106,106,106,106,106,106,106,106,106,106,106,106,106,106,106,106,106,106,106,106,106,106,106,106,106,106,106],"card_choices":[{"not_picked":["Seeing Red","Headbutt"],"picked":"Warcry","floor":1},{"not_picked":["Havoc","Intimidate"],"picked":"Body Slam","floor":2},{"not_picked":["Reckless Charge","Havoc"],"picked":"Clothesline","floor":3},{"not_picked":["Havoc","Sword Boomerang"],"picked":"Carnage","floor":4},{"not_picked":["Clash","Cleave"],"picked":"Body Slam","floor":6},{"not_picked":["True Grit","Double Tap"],"picked":"Inflame","floor":8},{"not_picked":["Sever Soul+1","Flex"],"picked":"Metallicize","floor":11},{"not_picked":["Sentinel","Havoc"],"picked":"Shrug It Off","floor":12},{"not_picked":["Armaments","Sword Boomerang+1"],"picked":"Cleave+1","floor":13},{"not_picked":["Berserk","Dark Embrace"],"picked":"Limit Break","floor":16},{"not_picked":["Havoc","Spot Weakness"],"picked":"Body Slam+1","floor":18},{"not_picked":["Clash+1","Second Wind"],"picked":"Headbutt+1","floor":19},{"not_picked":["Clash+1","Rupture"],"picked":"Ghostly Armor","floor":25},{"not_picked":["Iron Wave+1","Brutality"],"picked":"Heavy Blade+1","floor":27},{"not_picked":["Bludgeon+1","Clothesline+1"],"picked":"Shrug It Off","floor":28},{"not_picked":["Armaments","Sword Boomerang+1"],"picked":"Spot Weakness","floor":30},{"not_picked":["Heavy Blade+1","Sword Boomerang+1"],"picked":"Warcry+1","floor":31},{"not_picked":["Demon Form","Immolate+1"],"picked":"Offering","floor":33},{"not_picked":["Perfected Strike+1","Clothesline+1"],"picked":"Inflame+1","floor":35},{"not_picked":["True Grit","Rampage+1"],"picked":"Pommel Strike+1","floor":36},{"not_picked":["Iron Wave+1","Shockwave","Wild Strike+1"],"picked":"SKIP","floor":38},{"not_picked":["Limit Break","Flex"],"picked":"Pommel Strike+1","floor":41},{"not_picked":["Shrug It Off","Wild Strike+1"],"picked":"Reckless Charge+1","floor":45},{"not_picked":["True Grit","Shockwave","Wild Strike+1"],"picked":"SKIP","floor":46},{"not_picked":["Clothesline+1","Sentinel+1"],"picked":"Heavy Blade+1","floor":48}],"player_experience":142342,"relics_obtained":[{"floor":6,"key":"Molten Egg 2"},{"floor":8,"key":"Champion Belt"},{"floor":9,"key":"Pear"},{"floor":12,"key":"Regal Pillow"},{"floor":25,"key":"Shuriken"},{"floor":27,"key":"Bottled Lightning"},{"floor":31,"key":"Bronze Scales"},{"floor":41,"key":"Juzu Bracelet"},{"floor":43,"key":"The Courier"},{"floor":46,"key":"Gremlin Horn"}],"event_choices":[{"damage_healed":0,"gold_gain":100,"player_choice":"Gold","damage_taken":0,"max_hp_gain":0,"max_hp_loss":0,"event_name":"Wheel of Change","floor":5,"gold_loss":0},{"damage_healed":0,"gold_gain":0,"player_choice":"1 cards matched","damage_taken":0,"max_hp_gain":0,"max_hp_loss":0,"event_name":"Match and Keep!","floor":14,"gold_loss":0,"cards_obtained":["Bash"]},{"damage_healed":0,"gold_gain":0,"player_choice":"Traded Relic","damage_taken":0,"relics_obtained":["Nloth\u0027s Gift"],"max_hp_gain":0,"max_hp_loss":0,"event_name":"N\u0027loth","floor":20,"relics_lost":["Burning Blood"],"gold_loss":0},{"damage_healed":0,"gold_gain":0,"player_choice":"Ignored","damage_taken":0,"max_hp_gain":0,"max_hp_loss":0,"event_name":"Ghosts","floor":22,"gold_loss":0},{"damage_healed":0,"gold_gain":0,"player_choice":"Upgraded","damage_taken":0,"max_hp_gain":0,"max_hp_loss":0,"event_name":"Upgrade Shrine","floor":37,"gold_loss":0,"cards_upgraded":["Shrug It Off"]},{"damage_healed":0,"gold_gain":0,"player_choice":"Paid","damage_taken":0,"relics_obtained":["Red Mask"],"max_hp_gain":0,"max_hp_loss":0,"event_name":"Tomb of Lord Red Mask","floor":47,"gold_loss":91}],"is_beta":false,"boss_relics":[{"not_picked":["Tiny House","Lizard Tail"],"picked":"Velvet Choker"},{"not_picked":["Snecko Eye","Eternal Feather"],"picked":"Cursed Key"}],"items_purged_floors":[21,24,39],"is_endless":false,"potions_floor_spawned":[1,6,8,12,13,25,28,31,35,38,46,48],"killed_by":"Awakened One","ascension_level":2}