{"gold_per_floor":[114,114,124,138,138,168,168,179,179,209,225,240,253,269,269,374,374,384,400,420,435,54,54,80,0,0,28,28,28,48,7,7,102,102,118,128,128,143,143,143,196,212,212,225,225,225,89,108,108,108,108,108,1,29,29],"floor_reached":55,"playtime":4309,"items_purged":["Strike_R","Strike_R"],"score":785,"play_id":"e931a845-7586-47b9-b45d-3c64cf75ad5f","local_time":"20190210003004","is_ascension_mode":true,"campfire_choices":[{"data":"Armaments","floor":7,"key":"SMITH"},{"data":"Armaments","floor":15,"key":"SMITH"},{"floor":23,"key":"REST"},{"floor":32,"key":"REST"},{"floor":40,"key":"RECALL"},{"floor":46,"key":"REST"},{"floor":49,"key":"REST"},{"floor":52,"key":"REST"}],"neow_cost":"NONE","seed_source_timestamp":174752354511826,"circlet_count":0,"master_deck":["Strike_R","Defend_R","Defend_R","Defend_R","Defend_R","Bash","Offering","Seeing Red","Armaments+1","Dropkick","Battle Trance","Entrench","Rupture","Armaments+1","Seeing Red","Body Slam","Ghostly Armor","Offering","Iron Wave","Corruption","Metallicize","Shrug It Off","Exhume","Entrench+1","Sword Boomerang+1","Carnage","Inflame","Heavy Blade","Iron Wave","Shrug It Off","Rampage","Flex","Iron Wave"],"relics":["Burning Blood","The Courier","Thread and Needle","Busted Crown","Omamori","Bag of Marbles","Lantern","Pocketwatch","Oddly Smooth Stone","Orichalcum","Fusion Hammer","Anchor","Unceasing Top","Paper Frog","Shuriken"],"potions_floor_usage":[16,18,19,21,24,24,27,33,33,50,55,55],"damage_taken":[{"damage":4,"enemies":"Small Slimes","floor":1,"turns":4},{"damage":0,"enemies":"2 Louse","floor":3,"turns":3},{"damage":6,"enemies":"Cultist","floor":4,"turns":3},{"damage":12,"enemies":"Gremlin Nob","floor":6,"turns":3},{"damage":13,"enemies":"Lots of Slimes","floor":8,"turns":7},{"damage":38,"enemies":"3 Sentries","floor":10,"turns":14},{"damage":0,"enemies":"Blue Slaver","floor":11,"turns":5},{"damage":0,"enemies":"2 Fungi Beasts","floor":12,"turns":5},{"damage":6,"enemies":"Exordium Wildlife","floor":13,"turns":4},{"damage":8,"enemies":"Blue Slaver","floor":14,"turns":5},{"damage":11,"enemies":"Hexaghost","floor":16,"turns":8},{"damage":12,"enemies":"2 Thieves","floor":18,"turns":2},{"damage":12,"enemies":"3 Byrds","floor":19,"turns":7},{"damage":12,"enemies":"Centurion and Healer","floor":20,"turns":4},{"damage":21,"enemies":"Cultist and Chosen","floor":21,"turns":7},{"damage":12,"enemies":"Book of Stabbing","floor":24,"turns":4},{"damage":15,"enemies":"Slavers","floor":27,"turns":5},{"damage":12,"enemies":"Snake Plant","floor":30,"turns":4},{"damage":45,"enemies":"Collector","floor":33,"turns":8},{"damage":18,"enemies":"3 Shapes","floor":35,"turns":8},{"damage":16,"enemies":"Orb Walker","floor":36,"turns":4},{"damage":12,"enemies":"3 Darklings","floor":38,"turns":7},{"damage":12,"enemies":"2 Orb Walkers","floor":41,"turns":4},{"damage":25,"enemies":"Sphere and 2 Shapes","floor":42,"turns":8},{"damage":12,"enemies":"Writhing Mass","floor":44,"turns":3},{"damage":6,"enemies":"4 Shapes","floor":48,"turns":6},{"damage":79,"enemies":"Awakened One","floor":50,"turns":17},{"damage":18,"enemies":"Shield and Spear","floor":54,"turns":6},{"damage":88,"enemies":"The Heart","floor":55,"turns":5}],"seed_played":"8143370280267061182","potions_obtained":[{"floor":1,"key":"SpeedPotion"},{"floor":8,"key":"SteroidPotion"},{"floor":12,"key":"Energy Potion"},{"floor":13,"key":"Dexterity Potion"},{"floor":14,"key":"GamblersBrew"},{"floor":19,"key":"Weak Potion"},{"floor":21,"key":"EntropicBrew"},{"floor":24,"key":"Weak Potion"},{"floor":30,"key":"EssenceOfSteel"},{"floor":33,"key":"Dexterity Potion"},{"floor":36,"key":"Energy Potion"},{"floor":38,"key":"Strength Potion"}],"is_trial":false,"path_per_floor":["M","?","M","M","?","E","R","M","T","E","M","M","M","M","R","B",null,"M","M","M","M","$","R","E","$","T","E","?","?","M","$","R","B",null,"M","M","?","M","T","R","?","M","T","M","?","R","$","M","R","B",null,"R","$","E","B"],"character_chosen":"IRONCLAD","items_purchased":["Corruption","Omamori","Metallicize","Bag of Marbles","Shrug It Off","Carnage","Inflame","Heavy Blade","Shrug It Off","Rampage","Flex"],"campfire_rested":5,"item_purchase_floors":[22,22,22,22,31,47,47,47,53,53,53],"current_hp_per_floor":[80,73,79,79,79,73,73,66,66,34,40,46,46,44,44,39,80,74,68,62,47,47,71,65,65,65,56,56,41,35,35,60,21,85,73,63,63,57,57,57,51,32,32,26,47,72,72,72,85,20,85,85,85,73,0],"gold":29,"neow_bonus":"ONE_RANDOM_RARE_CARD","is_prod":false,"is_daily":false,"chose_seed":false,"campfire_upgraded":2,"win_rate":0,"timestamp":1549755004,"path_taken":["M","?","M","M","?","E","R","M","T","E","M","M","M","M","R","BOSS","M","?","M","M","$","R","E","?","T","E","?","?","M","$","R","BOSS","M","M","?","M","?","R","?","?","T","M","?","R","$","M","R","BOSS","R","$","E","BOSS"],"build_version":"2019-01-23","purchased_purges":2,"victory":false,"max_hp_per_floor":[80,80,80,80,80,80,80,80,80,80,80,80,80,80,80,80,80,80,80,80,80,80,80,80,80,80,80,80,85,85,85,85,85,85,85,85,85,85,85,85,85,85,85,85,85,85,85,85,85,85,85,85,85,85,85],"card_choices":[{"not_picked":["Cleave","Perfected Strike"],"picked":"Seeing Red","floor":1},{"not_picked":["Flex","Body Slam"],"picked":"Armaments","floor":3},{"not_picked":["Twin Strike","Power Through"],"picked":"Dropkick","floor":4},{"not_picked":["Iron Wave","Intimidate"],"picked":"Entrench","floor":6},{"not_picked":["Headbutt","Brutality"],"picked":"Rupture","floor":8},{"not_picked":["True Grit","Thunderclap"],"picked":"Armaments","floor":10},{"not_picked":["Shrug It Off","Pommel Strike"],"picked":"Seeing Red","floor":11},{"not_picked":["Headbutt","True Grit","Fiend Fire"],"picked":"SKIP","floor":12},{"not_picked":["Dropkick","Sentinel"],"picked":"Body Slam","floor":13},{"not_picked":["Inflame","Perfected Strike"],"picked":"Ghostly Armor","floor":14},{"not_picked":["Bludgeon","Dark Embrace"],"picked":"Offering","floor":16},{"not_picked":["Headbutt"],"picked":"SKIP","floor":18},{"not_picked":["Headbutt"],"picked":"SKIP","floor":19},{"not_picked":["True Grit"],"picked":"SKIP","floor":20},{"not_picked":[],"picked":"Iron Wave","floor":21},{"not_picked":[],"picked":"Anger","floor":24},{"not_picked":["Sword Boomerang"],"picked":"SKIP","floor":27},{"not_picked":["Berserk"],"picked":"SKIP","floor":30},{"not_picked":[],"picked":"Exhume","floor":33},{"not_picked":["Anger"],"picked":"SKIP","floor":35},{"not_picked":[],"picked":"Entrench+1","floor":36},{"not_picked":["Entrench"],"picked":"SKIP","floor":38},{"not_picked":[],"picked":"Sword Boomerang+1","floor":42},{"not_picked":["Searing Blow"],"picked":"SKIP","floor":44},{"not_picked":["Searing Blow"],"picked":"SKIP","floor":44},{"not_picked":[],"picked":"Iron Wave","floor":48},{"not_picked":[],"picked":"Iron Wave","floor":54}],"player_experience":119607,"relics_obtained":[{"floor":6,"key":"The Courier"},{"floor":10,"key":"Thread and Needle"},{"floor":24,"key":"Lantern"},{"floor":26,"key":"Pocketwatch"},{"floor":27,"key":"Oddly Smooth Stone"},{"floor":39,"key":"Anchor"},{"floor":41,"key":"Unceasing Top"},{"floor":43,"key":"Paper Frog"},{"floor":54,"key":"Shuriken"}],"event_choices":[{"cards_removed":["Strike_R"],"damage_healed":0,"gold_gain":0,"player_choice":"Card Removal","damage_taken":7,"max_hp_gain":0,"max_hp_loss":0,"event_name":"Golden Wing","floor":2,"gold_loss":0},{"damage_healed":0,"gold_gain":0,"cards_transformed":["Strike_R"],"player_choice":"Transformed","damage_taken":0,"max_hp_gain":0,"max_hp_loss":0,"event_name":"Transmorgrifier","floor":5,"gold_loss":0,"cards_obtained":["Battle Trance"]},{"damage_healed":0,"gold_gain":0,"player_choice":"Stole Relic","damage_taken":0,"relics_obtained":["Orichalcum"],"max_hp_gain":0,"max_hp_loss":0,"event_name":"Addict","floor":28,"gold_loss":0,"cards_obtained":["Shame"]},{"damage_healed":0,"gold_gain":0,"player_choice":"Shed Blood","damage_taken":20,"max_hp_gain":5,"max_hp_loss":0,"event_name":"Forgotten Altar","floor":29,"gold_loss":0},{"cards_removed":["Anger"],"damage_healed":0,"gold_gain":0,"player_choice":"Removed Attack","damage_taken":0,"max_hp_gain":0,"max_hp_loss":0,"event_name":"Falling","floor":37,"gold_loss":0},{"damage_healed":0,"gold_gain":0,"player_choice":"Fight","damage_taken":0,"max_hp_gain":0,"max_hp_loss":0,"event_name":"Mysterious Sphere","floor":41,"gold_loss":0},{"damage_healed":21,"gold_gain":0,"player_choice":"Writhe","damage_taken":0,"max_hp_gain":0,"max_hp_loss":0,"event_name":"Winding Halls","floor":45,"gold_loss":0,"cards_obtained":["Writhe"]}],"is_beta":false,"boss_relics":[{"not_picked":["Cursed Key","Black Blood"],"picked":"Busted Crown"},{"not_picked":["White Beast Statue","Black Star"],"picked":"Fusion Hammer"}],"items_purged_floors":[22,25],"is_endless":false,"potions_floor_spawned":[1,8,12,13,14,19,21,24,30,33,36,38,44],"killed_by":"The Heart","ascension_level":1}