{"gold_per_floor":[117,134,59,77,97,97,114,114,114,134,134,158,158,158,158,158],"floor_reached":16,"playtime":1331,"items_purged":["Strike_R"],"score":92,"play_id":"49ca6284-441e-4cf2-80be-d2d612a12e48","local_time":"20190211023040","is_ascension_mode":false,"campfire_choices":[{"data":"True Grit","floor":6,"key":"SMITH"},{"data":"Body Slam","floor":8,"key":"SMITH"},{"data":"Whirlwind","floor":11,"key":"SMITH"},{"data":"Body Slam","floor":13,"key":"SMITH"},{"data":"Iron Wave","floor":15,"key":"SMITH"}],"neow_cost":"NONE","seed_source_timestamp":320858510309500,"circlet_count":0,"master_deck":["Strike_R","Strike_R","Strike_R","Defend_R","Defend_R","Defend_R","Defend_R","Bash","Juggernaut","Body Slam+1","Body Slam+1","Pommel Strike","True Grit+1","Infernal Blade","Whirlwind+1","Iron Wave+1"],"relics":["Burning Blood","Toxic Egg 2","Odd Mushroom"],"potions_floor_usage":[16],"damage_taken":[{"damage":0,"enemies":"2 Louse","floor":1,"turns":3},{"damage":6,"enemies":"Small Slimes","floor":2,"turns":3},{"damage":13,"enemies":"Cultist","floor":4,"turns":6},{"damage":13,"enemies":"Large Slime","floor":5,"turns":6},{"damage":4,"enemies":"2 Fungi Beasts","floor":7,"turns":4},{"damage":6,"enemies":"Lots of Slimes","floor":10,"turns":6},{"damage":13,"enemies":"The Mushroom Lair","floor":12,"turns":3},{"damage":65,"enemies":"Slime Boss","floor":16,"turns":11}],"seed_played":"1565525236863178103","potions_obtained":[{"floor":5,"key":"Energy Potion"}],"is_trial":false,"path_per_floor":["M","M","$","M","M","R","M","R","T","M","R","?","R","?","R","B"],"character_chosen":"IRONCLAD","items_purchased":[],"campfire_rested":0,"item_purchase_floors":[],"current_hp_per_floor":[80,80,80,73,66,66,68,68,68,68,68,61,61,61,61,0],"gold":158,"neow_bonus":"ONE_RANDOM_RARE_CARD","is_prod":false,"is_daily":false,"chose_seed":false,"campfire_upgraded":5,"win_rate":0.0,"timestamp":1549870240,"path_taken":["M","M","$","M","M","R","M","R","T","M","R","?","R","?","R","BOSS"],"build_version":"2019-01-23","purchased_purges":1,"victory":false,"max_hp_per_floor":[80,80,80,80,80,80,80,80,80,80,80,80,80,80,80,80],"card_choices":[{"not_picked":["Thunderclap","Cleave"],"picked":"Body Slam","floor":1},{"not_picked":["Searing Blow","Rage"],"picked":"Body Slam","floor":2},{"not_picked":["Sword Boomerang","Clash"],"picked":"Pommel Strike","floor":4},{"not_picked":["Juggernaut","Armaments"],"picked":"True Grit","floor":5},{"not_picked":["Headbutt","Seeing Red"],"picked":"Infernal Blade","floor":7},{"not_picked":["Burning Pact+1","Rampage"],"picked":"Whirlwind","floor":10},{"not_picked":["Feel No Pain","Corruption"],"picked":"Iron Wave","floor":12}],"player_experience":8129,"relics_obtained":[{"floor":9,"key":"Toxic Egg 2"},{"floor":12,"key":"Odd Mushroom"}],"event_choices":[{"damage_healed":0,"gold_gain":0,"player_choice":"Fought Mushrooms","damage_taken":0,"max_hp_gain":0,"max_hp_loss":0,"event_name":"Mushrooms","floor":12,"gold_loss":0},{"cards_removed":["Strike_R"],"damage_healed":0,"gold_gain":0,"player_choice":"Offered Basic","damage_taken":0,"max_hp_gain":0,"max_hp_loss":0,"event_name":"Bonfire Elementals","floor":14,"gold_loss":0}],"is_beta":false,"boss_relics":[],"items_purged_floors":[3],"is_endless":false,"potions_floor_spawned":[5],"killed_by":"Slime Boss","ascension_level":0}