{"gold_per_floor":[115,115,115,131,145,145,174,174,223,261,34,64,64,76,76,180,180,198,198,214,214,33,67,67,92,118,133,133,148,160,26,26,126,126,146,165,240,515,527,527],"floor_reached":40,"playtime":2193,"items_purged":["Defend_R","Defend_R"],"score":491,"play_id":"5153a105-c89b-4642-9a6e-ea48b71a4753","local_time":"20190209184959","is_ascension_mode":true,"campfire_choices":[{"data":"Rage","floor":6,"key":"SMITH"},{"data":"Impervious","floor":8,"key":"SMITH"},{"data":"Body Slam","floor":13,"key":"SMITH"},{"data":"Anger","floor":15,"key":"SMITH"},{"data":"Armaments","floor":28,"key":"SMITH"},{"floor":32,"key":"RECALL"}],"neow_cost":"NONE","seed_source_timestamp":156487453178980,"circlet_count":0,"master_deck":["Defend_R+1","Defend_R+1","Bash+1","Anger+1","Rage+1","Impervious+1","Body Slam+1","Anger","Juggernaut","Entrench","Metallicize","Iron Wave","Armaments+1","Iron Wave+1","Dual Wield+1","Bite","Bite","Bite","Bite","Bite","Clash","Shrug It Off","Flex+1","Shrug It Off+1","Spot Weakness","Feed","Heavy Blade","Regret"],"relics":["Burning Blood","War Paint","Dodecahedron","MawBank","Matryoshka","Shuriken","PreservedInsect","Orrery","Sundial","Blood Vial","Lantern","Happy Flower","Boot","Sozu","Question Card"],"potions_floor_usage":[10,12,23,25,29,40],"damage_taken":[{"damage":6,"enemies":"Jaw Worm","floor":1,"turns":3},{"damage":10,"enemies":"Small Slimes","floor":4,"turns":3},{"damage":0,"enemies":"Cultist","floor":5,"turns":3},{"damage":24,"enemies":"3 Sentries","floor":7,"turns":10},{"damage":24,"enemies":"Gremlin Nob","floor":10,"turns":4},{"damage":18,"enemies":"Lagavulin","floor":12,"turns":8},{"damage":0,"enemies":"3 Louse","floor":14,"turns":3},{"damage":36,"enemies":"Hexaghost","floor":16,"turns":7},{"damage":6,"enemies":"Shell Parasite","floor":18,"turns":6},{"damage":20,"enemies":"Spheric Guardian","floor":20,"turns":5},{"damage":40,"enemies":"Slavers","floor":23,"turns":8},{"damage":56,"enemies":"Gremlin Leader","floor":25,"turns":8},{"damage":0,"enemies":"3 Cultists","floor":27,"turns":6},{"damage":12,"enemies":"Snake Plant","floor":29,"turns":4},{"damage":2,"enemies":"Cultist and Chosen","floor":30,"turns":4},{"damage":48,"enemies":"Automaton","floor":33,"turns":9},{"damage":27,"enemies":"3 Darklings","floor":35,"turns":5},{"damage":0,"enemies":"3 Shapes","floor":36,"turns":1},{"damage":42,"enemies":"Spire Growth","floor":39,"turns":6},{"damage":56,"enemies":"Giant Head","floor":40,"turns":6}],"seed_played":"3370615575013548980","potions_obtained":[{"floor":5,"key":"Regen Potion"},{"floor":7,"key":"AttackPotion"},{"floor":10,"key":"Block Potion"},{"floor":20,"key":"GamblersBrew"},{"floor":25,"key":"Fire Potion"},{"floor":33,"key":"SteroidPotion"}],"is_trial":false,"path_per_floor":["M","?","?","M","M","R","E","R","T","E","$","E","R","M","R","B",null,"M","?","M","?","$","E","T","E","T","M","R","M","M","$","R","B",null,"M","M","T","?","M","E"],"character_chosen":"IRONCLAD","items_purchased":["Shuriken","Clash","Shrug It Off","Spot Weakness"],"campfire_rested":0,"item_purchase_floors":[11,22,22,31],"current_hp_per_floor":[88,85,85,81,87,87,69,69,69,51,51,54,54,60,60,30,88,88,88,74,61,61,40,40,8,8,27,27,32,42,42,42,16,61,47,55,55,55,34,0],"gold":527,"neow_bonus":"TEN_PERCENT_HP_BONUS","is_prod":false,"is_daily":false,"chose_seed":false,"campfire_upgraded":5,"win_rate":0,"timestamp":1549734599,"path_taken":["M","?","?","?","M","R","E","R","T","E","$","E","R","M","R","BOSS","M","?","?","?","$","E","?","E","T","M","R","M","M","?","R","BOSS","M","M","?","?","?","E"],"build_version":"2019-01-23","purchased_purges":2,"victory":false,"max_hp_per_floor":[88,88,88,88,88,88,88,88,88,88,88,88,88,88,88,88,88,88,88,88,61,61,61,61,61,61,61,61,61,61,61,61,61,61,64,64,64,64,64,64],"card_choices":[{"not_picked":["Sever Soul","Havoc"],"picked":"Anger","floor":1},{"not_picked":["Intimidate","Heavy Blade"],"picked":"Rage","floor":4},{"not_picked":["Heavy Blade","Wild Strike","Sword Boomerang"],"picked":"SKIP","floor":5},{"not_picked":["Rampage","Sword Boomerang"],"picked":"Impervious","floor":7},{"not_picked":["Thunderclap","Headbutt"],"picked":"Body Slam","floor":10},{"not_picked":["Rupture","Disarm"],"picked":"Anger","floor":12},{"not_picked":["Perfected Strike","Clothesline","Cleave"],"picked":"SKIP","floor":14},{"not_picked":["Immolate","Impervious"],"picked":"Juggernaut","floor":16},{"not_picked":["Havoc","Intimidate"],"picked":"Entrench","floor":17},{"not_picked":["Reaper","Pummel"],"picked":"Metallicize","floor":17},{"not_picked":["Warcry","Headbutt"],"picked":"Iron Wave","floor":17},{"not_picked":["Shrug It Off","Pummel"],"picked":"Armaments","floor":17},{"not_picked":["Intimidate","Cleave"],"picked":"Iron Wave+1","floor":18},{"not_picked":["Sword Boomerang","Havoc"],"picked":"Dual Wield+1","floor":20},{"not_picked":["Pommel Strike","Sword Boomerang+1","Anger"],"picked":"SKIP","floor":23},{"not_picked":["Sword Boomerang","Bloodletting"],"picked":"Flex+1","floor":25},{"not_picked":["Clash","Armaments"],"picked":"Shrug It Off+1","floor":27},{"not_picked":["Havoc","Sentinel","Burning Pact+1"],"picked":"SKIP","floor":29},{"not_picked":["Intimidate","Clash","Dual Wield"],"picked":"SKIP","floor":30},{"not_picked":["Immolate","Bludgeon"],"picked":"Feed","floor":33},{"not_picked":["Havoc","Shrug It Off+1"],"picked":"Heavy Blade","floor":35},{"not_picked":["Twin Strike","Warcry+1","Perfected Strike"],"picked":"SKIP","floor":36},{"not_picked":["Anger","Metallicize","Clash+1","Evolve"],"picked":"SKIP","floor":39}],"player_experience":109497,"relics_obtained":[{"floor":7,"key":"Dodecahedron"},{"floor":9,"key":"MawBank"},{"floor":10,"key":"Matryoshka"},{"floor":12,"key":"PreservedInsect"},{"floor":23,"key":"Sundial"},{"floor":24,"key":"Blood Vial"},{"floor":24,"key":"Lantern"},{"floor":25,"key":"Happy Flower"},{"floor":26,"key":"Boot"},{"floor":37,"key":"Question Card"}],"event_choices":[{"damage_healed":0,"gold_gain":0,"player_choice":"Success","damage_taken":3,"relics_obtained":["War Paint"],"max_hp_gain":0,"max_hp_loss":0,"event_name":"Scrap Ooze","floor":2,"gold_loss":0},{"damage_healed":0,"gold_gain":0,"player_choice":"Upgraded","damage_taken":0,"max_hp_gain":0,"max_hp_loss":0,"event_name":"Upgrade Shrine","floor":3,"gold_loss":0,"cards_upgraded":["Bash"]},{"cards_removed":["Iron Wave"],"damage_healed":0,"gold_gain":0,"player_choice":"Took Card","damage_taken":0,"max_hp_gain":0,"max_hp_loss":0,"event_name":"NoteForYourself","floor":19,"gold_loss":0,"cards_obtained":["Iron Wave"]},{"damage_healed":0,"gold_gain":0,"player_choice":"Became a vampire","damage_taken":0,"max_hp_gain":0,"max_hp_loss":27,"event_name":"Vampires","floor":21,"gold_loss":0,"cards_obtained":["Bite","Bite","Bite","Bite","Bite"]},{"damage_healed":0,"gold_gain":275,"player_choice":"Desecrate","damage_taken":0,"max_hp_gain":0,"max_hp_loss":0,"event_name":"Golden Shrine","floor":38,"gold_loss":0,"cards_obtained":["Regret"]}],"is_beta":false,"boss_relics":[{"not_picked":["White Beast Statue","Lizard Tail"],"picked":"Orrery"},{"not_picked":["Black Star","Astrolabe"],"picked":"Sozu"}],"items_purged_floors":[22,31],"is_endless":false,"potions_floor_spawned":[5,7,10,20,25,33,36],"killed_by":"Giant Head","ascension_level":1}