{"path_per_floor":["M","M","M","$","?","R","M","E","T","R","M","?","M","E","R","B",null,"M","M","M","$","?","R","?","R","T","M","E","M","M","E","R"],"character_chosen":"IRONCLAD","items_purchased":["Armaments","Matryoshka"],"gold_per_floor":[115,131,146,23,23,23,41,67,67,67,80,103,113,141,141,237,237,255,266,276,28,28,28,28,28,28,46,75,88,107,135,135,135],"floor_reached":33,"campfire_rested":1,"playtime":1957,"item_purchase_floors":[4,21],"current_hp_per_floor":[80,80,80,80,80,80,80,85,85,85,85,80,80,70,70,66,90,90,83,79,79,79,79,79,79,79,78,65,71,65,40,67,0],"items_purged":["Normality"],"gold":135,"score":299,"play_id":"f02fb4ec-79da-4e31-bb9b-1622c7fdad8a","local_time":"20180520143020","is_prod":false,"is_daily":false,"chose_seed":false,"is_ascension_mode":false,"campfire_upgraded":5,"timestamp":1526819420,"campfire_choices":[{"data":"Armaments","floor":6,"key":"SMITH"},{"data":"Rampage","floor":10,"key":"SMITH"},{"data":"Uppercut","floor":15,"key":"SMITH"},{"data":"True Grit","floor":23,"key":"SMITH"},{"data":"True Grit","floor":25,"key":"SMITH"},{"floor":32,"key":"REST"}],"path_taken":["M","?","M","$","?","R","M","E","T","R","?","?","M","E","R","BOSS","M","M","M","$","?","R","?","R","T","M","E","?","M","E","R","BOSS"],"build_version":"2018-05-18","seed_source_timestamp":998610800815722,"purchased_purges":1,"victory":false,"master_deck":["Strike_R","Strike_R","Strike_R","Strike_R","Strike_R","Defend_R","Defend_R","Defend_R","Defend_R","Bash","Second Wind","Metallicize","True Grit+1","Armaments+1","Rampage+1","Thunderclap","Demon Form","True Grit+1","Uppercut+1","Limit Break","Metallicize","Headbutt","Shrug It Off","Heavy Blade","Feel No Pain","Warcry","Sentinel+1","Double Tap","Warcry+1","Pummel+1"],"max_hp_per_floor":[80,80,80,80,80,80,80,85,85,85,85,85,85,85,85,90,90,90,90,90,90,90,90,90,90,90,90,90,90,90,90,90,90],"relics":["Burning Blood","Thread and Needle","Charon\u0027s Ashes","Toolbox","Odd Mushroom","Ornamental Fan","Orrery","Matryoshka","Question Card","Kunai","Gremlin Horn","Peace Pipe"],"card_choices":[{"not_picked":["Dual Wield","Clash"],"picked":"Second Wind","floor":1},{"not_picked":["Armaments","Shockwave"],"picked":"Metallicize","floor":2},{"not_picked":["Rupture","Shrug It Off"],"picked":"True Grit","floor":3},{"not_picked":["Blood for Blood","Heavy Blade"],"picked":"Rampage","floor":7},{"not_picked":["Ghostly Armor","Twin Strike"],"picked":"Thunderclap","floor":8},{"not_picked":["Havoc","Sword Boomerang"],"picked":"Demon Form","floor":11},{"not_picked":["Battle Trance","Pommel Strike"],"picked":"True Grit","floor":13},{"not_picked":["Iron Wave","Ghostly Armor"],"picked":"Uppercut","floor":14},{"not_picked":["Double Tap","Reaper"],"picked":"Limit Break","floor":16},{"not_picked":["Flex","Twin Strike"],"picked":"Metallicize","floor":17},{"not_picked":["Hemokinesis","Warcry"],"picked":"Headbutt","floor":17},{"not_picked":["Sword Boomerang","Thunderclap"],"picked":"Shrug It Off","floor":17},{"not_picked":["Iron Wave","Armaments"],"picked":"Heavy Blade","floor":17},{"not_picked":["Battle Trance+1","Shockwave"],"picked":"Feel No Pain","floor":18},{"not_picked":["Thunderclap","Sever Soul","Perfected Strike+1"],"picked":"SKIP","floor":19},{"not_picked":["Pommel Strike","Brutality"],"picked":"Warcry","floor":20},{"not_picked":["Inflame+1","Cleave","True Grit+1"],"picked":"Sentinel+1","floor":27},{"not_picked":["Intimidate","Pommel Strike","Twin Strike"],"picked":"Double Tap","floor":28},{"not_picked":["Armaments","True Grit","Sword Boomerang"],"picked":"Warcry+1","floor":29},{"not_picked":["Cleave","Thunderclap","Pommel Strike","Flex"],"picked":"SKIP","floor":30},{"not_picked":["Exhume","Seeing Red","Flex"],"picked":"Pummel+1","floor":31}],"player_experience":747767,"potions_floor_usage":[7,8,12,16,16,20,20,28,31,33],"damage_taken":[{"damage":1,"enemies":"Cultist","floor":1,"turns":3},{"damage":6,"enemies":"Jaw Worm","floor":2,"turns":2},{"damage":0,"enemies":"Small Slimes","floor":3,"turns":3},{"damage":3,"enemies":"Gremlin Gang","floor":7,"turns":7},{"damage":6,"enemies":"3 Sentries","floor":8,"turns":10},{"damage":0,"enemies":"Large Slime","floor":11,"turns":6},{"damage":11,"enemies":"The Mushroom Lair","floor":12,"turns":6},{"damage":6,"enemies":"2 Fungi Beasts","floor":13,"turns":3},{"damage":16,"enemies":"Gremlin Nob","floor":14,"turns":4},{"damage":15,"enemies":"The Guardian","floor":16,"turns":9},{"damage":2,"enemies":"Shell Parasite","floor":18,"turns":9},{"damage":13,"enemies":"Spheric Guardian","floor":19,"turns":8},{"damage":10,"enemies":"Chosen and Byrds","floor":20,"turns":6},{"damage":7,"enemies":"Centurion and Healer","floor":27,"turns":9},{"damage":19,"enemies":"Slavers","floor":28,"turns":8},{"damage":0,"enemies":"Snake Plant","floor":29,"turns":6},{"damage":12,"enemies":"Slaver and Parasite","floor":30,"turns":9},{"damage":31,"enemies":"Book of Stabbing","floor":31,"turns":7},{"damage":76,"enemies":"Collector","floor":33,"turns":7}],"relics_obtained":[{"floor":8,"key":"Charon\u0027s Ashes"},{"floor":9,"key":"Toolbox"},{"floor":12,"key":"Odd Mushroom"},{"floor":14,"key":"Ornamental Fan"},{"floor":26,"key":"Question Card"},{"floor":26,"key":"Kunai"},{"floor":28,"key":"Gremlin Horn"},{"floor":31,"key":"Peace Pipe"}],"event_choices":[{"event_name":"Golden Wing","player_choice":"Ignored","floor":5,"damage_taken":0},{"event_name":"Mushrooms","player_choice":"Fought Mushrooms","floor":12,"damage_taken":0},{"event_name":"Addict","player_choice":"Ignored","floor":22,"damage_taken":0},{"event_name":"Drug Dealer","player_choice":"Ignored","floor":24,"damage_taken":0}],"boss_relics":[{"not_picked":["Calling Bell","Runic Cube"],"picked":"Orrery"}],"items_purged_floors":[4],"potions_floor_spawned":[2,3,11,12,13,16,18,19,27,31],"seed_played":"6006445430613769529","killed_by":"Collector","ascension_level":0,"potions_obtained":[{"floor":2,"key":"SkillPotion"},{"floor":3,"key":"Fruit Juice"},{"floor":11,"key":"Block Potion"},{"floor":12,"key":"Fruit Juice"},{"floor":13,"key":"Energy Potion"},{"floor":16,"key":"AttackPotion"},{"floor":18,"key":"AttackPotion"},{"floor":19,"key":"SteroidPotion"},{"floor":27,"key":"Fire Potion"},{"floor":31,"key":"AttackPotion"}],"is_trial":false}