{"gold_per_floor":[368,378,378,391,391,418,418,431,458,458,483,498,527,602,602,703,703,713,497,517,49,49,83,83,83,108,118,130,165,165,198,198,301,301,311,311,359,199,299,299,314,340,340,359,379,403,403,432,432,432,432,432,41,69,69],"floor_reached":56,"playtime":2775,"items_purged":["Strike_R","Strike_R","Shame"],"score":1408,"play_id":"04fc6838-dd5b-4973-9562-827085d25582","local_time":"20190213235549","is_ascension_mode":true,"campfire_choices":[{"data":"Uppercut","floor":7,"key":"SMITH"},{"data":"Body Slam","floor":10,"key":"SMITH"},{"data":"Armaments","floor":15,"key":"SMITH"},{"floor":30,"key":"RECALL"},{"data":"Brutality","floor":32,"key":"SMITH"},{"floor":40,"key":"REST"},{"floor":49,"key":"REST"},{"data":"Barricade","floor":52,"key":"SMITH"}],"neow_cost":"TEN_PERCENT_HP_LOSS","seed_source_timestamp":59545518771937,"circlet_count":0,"master_deck":["Strike_R+1","Strike_R+1","Defend_R","Defend_R","Defend_R+1","Defend_R","Bash","Cleave+1","Uppercut+1","Clash","Body Slam+1","Clash","Clash","Shrug It Off","Armaments+1","Impervious","Armaments+1","Uppercut","Spot Weakness","Flame Barrier","Inflame","Barricade+1","Brutality+1","Pommel Strike","Entrench","Offering","Flame Barrier+1","Power Through","Shrug It Off+1","Dropkick+1","Thunderclap","Ghostly Armor+1","Pommel Strike+1","Shame","Dropkick","Fire Breathing","Chrysalis","Reckless Charge+1"],"relics":["Burning Blood","Boot","Bronze Scales","Incense Burner","Cursed Key","Orichalcum","Juzu Bracelet","Nloth\u0027s Gift","Pen Nib","Omamori","Lantern","Red Skull","Whetstone","Darkstone Periapt","Busted Crown","Champion Belt","Nunchaku","Vajra","Art of War","Happy Flower","Bag of Marbles","Oddly Smooth Stone","Ornamental Fan"],"potions_floor_usage":[6,11,11,37,39,48,54,55,55],"damage_taken":[{"damage":6,"enemies":"Cultist","floor":1,"turns":3},{"damage":0,"enemies":"Small Slimes","floor":2,"turns":2},{"damage":1,"enemies":"Jaw Worm","floor":4,"turns":3},{"damage":13,"enemies":"Gremlin Nob","floor":6,"turns":4},{"damage":2,"enemies":"Looter","floor":8,"turns":3},{"damage":0,"enemies":"3 Sentries","floor":11,"turns":5},{"damage":8,"enemies":"Red Slaver","floor":12,"turns":2},{"damage":5,"enemies":"Gremlin Nob","floor":13,"turns":3},{"damage":18,"enemies":"Slime Boss","floor":16,"turns":11},{"damage":0,"enemies":"Spheric Guardian","floor":18,"turns":4},{"damage":12,"enemies":"2 Thieves","floor":20,"turns":3},{"damage":11,"enemies":"Book of Stabbing","floor":23,"turns":5},{"damage":0,"enemies":"Cultist and Chosen","floor":27,"turns":6},{"damage":7,"enemies":"3 Cultists","floor":28,"turns":5},{"damage":0,"enemies":"Slavers","floor":29,"turns":6},{"damage":3,"enemies":"Book of Stabbing","floor":31,"turns":3},{"damage":9,"enemies":"Automaton","floor":33,"turns":9},{"damage":16,"enemies":"3 Darklings","floor":35,"turns":8},{"damage":52,"enemies":"2 Orb Walkers","floor":37,"turns":7},{"damage":4,"enemies":"Mind Bloom Boss Battle","floor":39,"turns":5},{"damage":9,"enemies":"Orb Walker","floor":41,"turns":4},{"damage":13,"enemies":"Giant Head","floor":42,"turns":6},{"damage":11,"enemies":"Writhing Mass","floor":44,"turns":5},{"damage":5,"enemies":"Sphere and 2 Shapes","floor":45,"turns":4},{"damage":16,"enemies":"Nemesis","floor":48,"turns":5},{"damage":20,"enemies":"Donu and Deca","floor":50,"turns":7},{"damage":43,"enemies":"Shield and Spear","floor":54,"turns":9},{"damage":31,"enemies":"The Heart","floor":55,"turns":9}],"seed_played":"-1813114403823275237","potions_obtained":[{"floor":1,"key":"Poison Potion"},{"floor":4,"key":"Dexterity Potion"},{"floor":6,"key":"EssenceOfSteel"},{"floor":8,"key":"EssenceOfSteel"},{"floor":12,"key":"Regen Potion"},{"floor":23,"key":"Explosive Potion"},{"floor":29,"key":"Weak Potion"},{"floor":41,"key":"Dexterity Potion"},{"floor":44,"key":"Fire Potion"},{"floor":48,"key":"Block Potion"}],"is_trial":false,"path_per_floor":["M","M","?","M","?","E","R","M","T","R","E","M","E","?","R","B",null,"M","$","M","$","?","E","?","?","T","M","M","E","R","E","R","B",null,"M","?","?","$","?","R","M","E","T","M","M","T","?","E","R","B",null,"R","$","E","B",null],"character_chosen":"IRONCLAD","items_purchased":["Uppercut","Spot Weakness","Orichalcum","Juzu Bracelet","Inflame","Power Through","Oddly Smooth Stone","Fire Breathing","Chrysalis"],"campfire_rested":2,"item_purchase_floors":[19,19,21,21,21,38,53,53,53],"current_hp_per_floor":[72,72,60,65,51,44,44,48,48,48,54,52,53,42,42,30,72,72,72,66,66,66,61,61,61,61,67,66,72,72,72,72,69,72,62,62,16,16,32,53,50,43,43,38,39,45,45,35,58,44,78,78,78,41,16],"gold":69,"neow_bonus":"TWO_FIFTY_GOLD","is_prod":false,"is_daily":false,"chose_seed":false,"campfire_upgraded":5,"win_rate":0,"timestamp":1550098549,"path_taken":["M","?","?","M","?","E","R","M","T","R","E","M","E","?","R","BOSS","M","$","M","$","?","E","?","?","T","M","M","E","R","E","R","BOSS","M","?","?","$","?","R","M","E","T","M","M","?","?","E","R","BOSS","R","$","E","BOSS"],"build_version":"2019-01-23","purchased_purges":3,"victory":true,"max_hp_per_floor":[72,72,72,72,72,72,72,72,72,72,72,72,72,72,72,72,72,72,72,72,72,72,72,72,72,72,72,72,72,72,72,72,72,72,72,72,72,72,72,72,72,72,72,72,72,78,78,78,78,78,78,78,78,78,78],"card_choices":[{"not_picked":["Corruption","Havoc"],"picked":"Cleave","floor":1},{"not_picked":["Dropkick","Body Slam"],"picked":"Uppercut","floor":2},{"not_picked":["Wild Strike","Carnage"],"picked":"Clash","floor":4},{"not_picked":["Combust","Uppercut"],"picked":"Body Slam","floor":6},{"not_picked":["Infernal Blade","Twin Strike"],"picked":"Clash","floor":8},{"not_picked":["Cleave","Burning Pact"],"picked":"Clash","floor":11},{"not_picked":["Twin Strike","Immolate"],"picked":"Shrug It Off","floor":12},{"not_picked":["Sword Boomerang","Shrug It Off"],"picked":"Armaments","floor":13},{"not_picked":["Limit Break","Immolate","Juggernaut"],"picked":"Impervious","floor":16},{"not_picked":["Searing Blow","Perfected Strike","Headbutt"],"picked":"Armaments+1","floor":18},{"not_picked":["Sword Boomerang","Twin Strike+1","Havoc+1"],"picked":"Flame Barrier","floor":20},{"not_picked":["Cleave","Thunderclap"],"picked":"Barricade","floor":23},{"not_picked":["Cleave","Perfected Strike","Armaments"],"picked":"SKIP","floor":27},{"not_picked":["Impervious","Twin Strike+1"],"picked":"Brutality","floor":28},{"not_picked":["Rampage","Havoc"],"picked":"Pommel Strike","floor":29},{"not_picked":["Battle Trance","Shockwave+1"],"picked":"Entrench","floor":31},{"not_picked":["Fiend Fire","Reaper"],"picked":"Offering","floor":33},{"not_picked":[],"picked":"Flame Barrier+1","floor":35},{"not_picked":[],"picked":"Shrug It Off+1","floor":39},{"not_picked":[],"picked":"Dropkick+1","floor":41},{"not_picked":[],"picked":"Thunderclap","floor":42},{"not_picked":[],"picked":"Ghostly Armor+1","floor":44},{"not_picked":[],"picked":"Pommel Strike+1","floor":45},{"not_picked":["Twin Strike"],"picked":"SKIP","floor":48},{"not_picked":[],"picked":"Reckless Charge+1","floor":54}],"player_experience":160003,"relics_obtained":[{"floor":6,"key":"Bronze Scales"},{"floor":11,"key":"Incense Burner"},{"floor":13,"key":"Question Card"},{"floor":23,"key":"Pen Nib"},{"floor":26,"key":"Red Skull"},{"floor":29,"key":"Whetstone"},{"floor":31,"key":"Darkstone Periapt"},{"floor":37,"key":"Champion Belt"},{"floor":39,"key":"Nunchaku"},{"floor":42,"key":"Vajra"},{"floor":43,"key":"Art of War"},{"floor":46,"key":"Happy Flower"},{"floor":48,"key":"Bag of Marbles"},{"floor":54,"key":"Ornamental Fan"}],"event_choices":[{"damage_healed":0,"gold_gain":0,"player_choice":"Success","damage_taken":12,"relics_obtained":["Boot"],"max_hp_gain":0,"max_hp_loss":0,"event_name":"Scrap Ooze","floor":3,"gold_loss":0},{"damage_healed":0,"gold_gain":0,"player_choice":"Entered Light","damage_taken":14,"max_hp_gain":0,"max_hp_loss":0,"event_name":"Shining Light","floor":5,"gold_loss":0,"cards_upgraded":["Cleave","Defend_R"]},{"damage_healed":0,"gold_gain":75,"player_choice":"Gather Gold","damage_taken":11,"max_hp_gain":0,"max_hp_loss":0,"event_name":"World of Goop","floor":14,"gold_loss":0},{"damage_healed":0,"gold_gain":0,"player_choice":"Traded Relic","damage_taken":0,"relics_obtained":["Nloth\u0027s Gift"],"max_hp_gain":0,"max_hp_loss":0,"event_name":"N\u0027loth","floor":22,"relics_lost":["Question Card"],"gold_loss":0},{"damage_healed":0,"gold_gain":0,"player_choice":"Stole Relic","damage_taken":0,"relics_obtained":["Omamori"],"max_hp_gain":0,"max_hp_loss":0,"event_name":"Addict","floor":24,"gold_loss":0,"cards_obtained":["Shame"]},{"damage_healed":0,"gold_gain":0,"player_choice":"Opened","damage_taken":0,"relics_obtained":["Lantern"],"max_hp_gain":0,"max_hp_loss":0,"event_name":"The Mausoleum","floor":25,"gold_loss":0},{"damage_healed":0,"gold_gain":0,"player_choice":"Ignored","damage_taken":0,"max_hp_gain":0,"max_hp_loss":0,"event_name":"Tomb of Lord Red Mask","floor":36,"gold_loss":0},{"damage_healed":0,"gold_gain":0,"player_choice":"Fight","damage_taken":0,"max_hp_gain":0,"max_hp_loss":0,"event_name":"Mysterious Sphere","floor":37,"gold_loss":0},{"damage_healed":0,"gold_gain":0,"player_choice":"Fight","damage_taken":0,"max_hp_gain":0,"max_hp_loss":0,"event_name":"MindBloom","floor":39,"gold_loss":0},{"damage_healed":0,"gold_gain":0,"cards_transformed":["Strike_R"],"player_choice":"Transformed","damage_taken":0,"max_hp_gain":0,"max_hp_loss":0,"event_name":"Transmorgrifier","floor":47,"gold_loss":0,"cards_obtained":["Dropkick"]}],"is_beta":false,"boss_relics":[{"not_picked":["Runic Pyramid","Velvet Choker"],"picked":"Cursed Key"},{"not_picked":["Eternal Feather","White Beast Statue"],"picked":"Busted Crown"}],"items_purged_floors":[19,21,38],"is_endless":false,"potions_floor_spawned":[1,4,6,8,12,23,29,33,41,44,48],"ascension_level":1}