{"gold_per_floor":[213,233,233,54,129,129,143,168,168,201,201,227,402,432,432,533,533,544,544,544,544,561,561,587,606,606,616,616,242,167,186,186,186],"floor_reached":33,"playtime":1877,"items_purged":["Strike_G"],"score":450,"play_id":"e5edc381-408d-42c4-bf8f-2898665e5df2","local_time":"20190208113148","is_ascension_mode":true,"campfire_choices":[{"data":"Bandage Up","floor":6.0,"key":"SMITH"},{"floor":11.0,"key":"REST"},{"data":"Poisoned Stab","floor":15.0,"key":"SMITH"},{"data":"Bouncing Flask","floor":23.0,"key":"SMITH"},{"floor":28.0,"key":"REST"},{"data":"Bouncing Flask","floor":32.0,"key":"SMITH"}],"neow_cost":"NONE","seed_source_timestamp":134659913706300,"circlet_count":0,"master_deck":["AscendersBane","Defend_G","Defend_G","Defend_G","Defend_G","Strike_G","Survivor","Neutralize","Dash","All Out Attack","Backflip","Bandage Up+1","Well Laid Plans","Dash","Poisoned Stab+1","Catalyst","Backflip","Doubt","Corpse Explosion","Shame","Noxious Fumes","Bouncing Flask+1","Riddle With Holes","Bouncing Flask+1","Underhanded Strike+1"],"special_seed":0,"relics":["Ring of the Snake","Sundial","Turnip","Darkstone Periapt","Incense Burner","Snecko Eye","Lantern","Dream Catcher","Dead Branch","Pen Nib","Orichalcum"],"potions_floor_usage":[],"damage_taken":[{"damage":0.0,"enemies":"Cultist","floor":1.0,"turns":5.0},{"damage":0.0,"enemies":"Jaw Worm","floor":2.0,"turns":6.0},{"damage":0.0,"enemies":"Small Slimes","floor":7.0,"turns":2.0},{"damage":5.0,"enemies":"3 Sentries","floor":8.0,"turns":7.0},{"damage":25.0,"enemies":"Lagavulin","floor":10.0,"turns":8.0},{"damage":18.0,"enemies":"Gremlin Nob","floor":12.0,"turns":4.0},{"damage":52.0,"enemies":"Slime Boss","floor":16.0,"turns":17.0},{"damage":2.0,"enemies":"3 Byrds","floor":18.0,"turns":2.0},{"damage":9.0,"enemies":"2 Thieves","floor":22.0,"turns":3.0},{"damage":9.0,"enemies":"Slavers","floor":24.0,"turns":3.0},{"damage":14.0,"enemies":"Shelled Parasite and Fungi","floor":25.0,"turns":4.0},{"damage":9.0,"enemies":"Centurion and Healer","floor":27.0,"turns":5.0},{"damage":0.0,"enemies":"Snake Plant","floor":31.0,"turns":3.0},{"damage":58,"enemies":"Collector","floor":33,"turns":7}],"seed_played":"6511076187626293675","potions_obtained":[{"floor":2.0,"key":"Strength Potion"},{"floor":10.0,"key":"PowerPotion"},{"floor":18.0,"key":"Swift Potion"},{"floor":24.0,"key":"GhostInAJar"},{"floor":25.0,"key":"Dexterity Potion"}],"is_trial":false,"path_per_floor":["?","?","?","?","?","?","?","M","?"],"character_chosen":"THE_SILENT","items_purchased":["Bandage Up","Well Laid Plans","Pen Nib","Orichalcum"],"campfire_rested":2,"item_purchase_floors":[4,4,29,29],"current_hp_per_floor":[63,63,63,63,52,52,58,59,59,40,61,43,49,49,49,3,58,56,62,62,62,53,53,44,30,30,27,51,51,51,57,57,0],"gold":186,"neow_bonus":"HUNDRED_GOLD","is_prod":false,"is_daily":false,"chose_seed":false,"campfire_upgraded":4,"win_rate":0,"timestamp":1549593108,"path_taken":["M","M","?","$","?","R","M","E","T","E","R","E","?","?","R","BOSS","M","?","?","?","M","R","E","M","T","?","R","$","?","M","R","BOSS"],"build_version":"2019-01-23","purchased_purges":1,"victory":false,"max_hp_per_floor":[70,70,70,70,70,70,70,70,70,70,70,70,76,76,76,76,76,76,82,82,82,82,82,82,82,82,82,82,82,82,82,82,82],"card_choices":[{"not_picked":["Sucker Punch","Bane"],"picked":"Dash","floor":1.0},{"not_picked":["Backstab","Blade Dance"],"picked":"All Out Attack","floor":2.0},{"not_picked":["Accuracy","Distraction"],"picked":"Dash","floor":7.0},{"not_picked":["Underhanded Strike","Dodge and Roll"],"picked":"Poisoned Stab","floor":8.0},{"not_picked":["Backstab","Cloak And Dagger"],"picked":"Catalyst","floor":10.0},{"not_picked":["Predator","Underhanded Strike"],"picked":"Backflip","floor":12.0},{"not_picked":["Unload","Night Terror"],"picked":"Corpse Explosion","floor":16.0},{"not_picked":["Setup","Terror","Distraction"],"picked":"SKIP","floor":18.0},{"not_picked":["Slice","Dagger Spray+1","Deadly Poison"],"picked":"SKIP","floor":22.0},{"not_picked":["Underhanded Strike","Escape Plan"],"picked":"Bouncing Flask","floor":24.0},{"not_picked":["Dagger Spray+1","Deflect","Blade Dance+1"],"picked":"SKIP","floor":25.0},{"not_picked":["Dagger Spray","Infinite Blades","Poisoned Stab"],"picked":"SKIP","floor":27.0},{"not_picked":["Bane","All Out Attack"],"picked":"Underhanded Strike+1","floor":31.0}],"player_experience":272338,"relics_obtained":[{"floor":8.0,"key":"Sundial"},{"floor":10.0,"key":"Turnip"},{"floor":12.0,"key":"Darkstone Periapt"},{"floor":24.0,"key":"Dream Catcher"},{"floor":26.0,"key":"Dead Branch"}],"event_choices":[{"damage_healed":0.0,"max_hp_gain":0.0,"max_hp_loss":0.0,"gold_gain":0.0,"cards_transformed":["Strike_G"],"event_name":"Living Wall","player_choice":"Change","floor":3.0,"gold_loss":0.0,"damage_taken":0.0,"cards_obtained":["Backflip"]},{"damage_healed":0.0,"max_hp_gain":0.0,"max_hp_loss":0.0,"gold_gain":75.0,"event_name":"World of Goop","player_choice":"Gather Gold","floor":5.0,"gold_loss":0.0,"damage_taken":11.0},{"damage_healed":0.0,"max_hp_gain":0.0,"max_hp_loss":0.0,"gold_gain":175.0,"event_name":"Liars Game","player_choice":"AGREE","floor":13.0,"gold_loss":0.0,"damage_taken":0.0,"cards_obtained":["Doubt"]},{"damage_healed":0.0,"max_hp_gain":0.0,"max_hp_loss":0.0,"gold_gain":30.0,"event_name":"Dead Adventurer","player_choice":"Searched \u00272\u0027 times","floor":14.0,"gold_loss":0.0,"damage_taken":0.0,"relics_obtained":["Incense Burner"]},{"damage_healed":0.0,"max_hp_gain":0.0,"max_hp_loss":0.0,"gold_gain":0.0,"event_name":"Addict","player_choice":"Stole Relic","floor":19.0,"gold_loss":0.0,"damage_taken":0.0,"relics_obtained":["Lantern"],"cards_obtained":["Shame"]},{"damage_healed":0.0,"max_hp_gain":0.0,"max_hp_loss":0.0,"gold_gain":0.0,"cards_transformed":["Defend_G","Strike_G"],"event_name":"Drug Dealer","player_choice":"Became Test Subject","floor":20.0,"gold_loss":0.0,"damage_taken":0.0,"cards_obtained":["Noxious Fumes","Bouncing Flask"]},{"damage_healed":0.0,"max_hp_gain":0.0,"max_hp_loss":0.0,"gold_gain":0.0,"event_name":"Match and Keep!","player_choice":"1 cards matched","floor":21.0,"gold_loss":0.0,"damage_taken":0.0,"cards_obtained":["Riddle With Holes"]},{"cards_removed":["Strike_G"],"damage_healed":0.0,"max_hp_gain":0.0,"max_hp_loss":0.0,"gold_gain":0.0,"event_name":"Beggar","player_choice":"Gave Gold","floor":30.0,"gold_loss":75.0,"damage_taken":0.0}],"is_beta":false,"boss_relics":[{"not_picked":["Philosopher\u0027s Stone","Ectoplasm"],"picked":"Snecko Eye"}],"items_purged_floors":[29],"is_endless":false,"potions_floor_spawned":[2,10,18,24,25],"killed_by":"Collector","ascension_level":12}