{"gold_per_floor":[116,116,191,191,201,233,233,248,248,261,261,318,318,332,332,406,406,424,424,457,472,472,472,397,397,397,408,185,202,202,213,213,287,287,297,147,147,166,266,266,301,301],"floor_reached":42,"playtime":2554,"items_purged":[],"score":923,"play_id":"be22b84b-bba2-4956-b81d-842f9abff296","local_time":"20190110163056","is_ascension_mode":true,"campfire_choices":[{"floor":11,"key":"REST"},{"data":"Deadly Poison","floor":13,"key":"SMITH"},{"floor":15,"key":"REST"},{"floor":23,"key":"REST"},{"data":"Skewer","floor":25,"key":"SMITH"},{"data":"Infinite Blades","floor":32,"key":"SMITH"},{"floor":40,"key":"REST"}],"neow_cost":"NONE","seed_source_timestamp":264919978076487,"circlet_count":0,"master_deck":["AscendersBane","Survivor","Neutralize+1","Deadly Poison+1","Infinite Blades","Footwork+1","Well Laid Plans","Backstab","PiercingWail","Die Die Die","Leg Sweep","Reflex","Reflex","Prepared","Underhanded Strike","Infinite Blades+1","Adrenaline","Skewer+1","PiercingWail","Dagger Throw","Heel Hook","Backstab","Pain","Leg Sweep","Adrenaline","Footwork","Dagger Throw","Dash","Prepared","Backflip","Dodge and Roll","Wraith Form v2","Heel Hook+1","Deflect+1","Well Laid Plans"],"relics":["Ring of the Snake","NeowsBlessing","Ornamental Fan","Juzu Bracelet","Bottled Flame","Pandora\u0027s Box","Red Mask","Blue Candle","Lee\u0027s Waffle","WarpedTongs","Orrery","StoneCalendar","Pantograph"],"potions_floor_usage":[10,10,20,20,27,33],"damage_taken":[{"damage":0,"enemies":"2 Louse","floor":1,"turns":1},{"damage":0,"enemies":"Small Slimes","floor":5,"turns":1},{"damage":0,"enemies":"Lagavulin","floor":6,"turns":1},{"damage":1,"enemies":"Jaw Worm","floor":8,"turns":4},{"damage":19,"enemies":"Gremlin Gang","floor":10,"turns":8},{"damage":17,"enemies":"Large Slime","floor":14,"turns":8},{"damage":18,"enemies":"Hexaghost","floor":16,"turns":12},{"damage":10,"enemies":"Spheric Guardian","floor":18,"turns":4},{"damage":10,"enemies":"Masked Bandits","floor":20,"turns":4},{"damage":10,"enemies":"Shell Parasite","floor":21,"turns":4},{"damage":6,"enemies":"Centurion and Healer","floor":27,"turns":7},{"damage":4,"enemies":"3 Cultists","floor":29,"turns":4},{"damage":8,"enemies":"Snecko","floor":31,"turns":6},{"damage":58,"enemies":"Collector","floor":33,"turns":12},{"damage":16,"enemies":"3 Darklings","floor":35,"turns":4},{"damage":3,"enemies":"3 Shapes","floor":38,"turns":6},{"damage":1,"enemies":"Mind Bloom Boss Battle","floor":39,"turns":7},{"damage":26,"enemies":"Nemesis","floor":41,"turns":11},{"damage":35,"enemies":"Jaw Worm Horde","floor":42,"turns":3}],"seed_played":"-2423475380572049290","potions_obtained":[{"floor":1,"key":"Energy Potion"},{"floor":5,"key":"PowerPotion"},{"floor":14,"key":"SteroidPotion"},{"floor":16,"key":"Energy Potion"},{"floor":20,"key":"Swift Potion"},{"floor":21,"key":"FearPotion"},{"floor":35,"key":"Dexterity Potion"},{"floor":39,"key":"FearPotion"}],"is_trial":false,"path_per_floor":["M","?","?","T","M","E","?","M","T","M","R","?","R","M","R","B",null,"M","?","?","M","?","R","?","R","T","M","$","M","?","M","R","B",null,"M","$","?","M","?","R","E","M"],"character_chosen":"THE_SILENT","items_purchased":["Lee\u0027s Waffle","Wraith Form v2"],"campfire_rested":4,"item_purchase_floors":[28,36],"current_hp_per_floor":[59,59,48,48,48,48,28,27,27,8,27,27,27,10,29,11,52,42,42,32,22,22,41,41,41,41,35,73,69,69,61,61,3,56,40,40,40,37,36,57,31,0],"gold":301,"neow_bonus":"THREE_ENEMY_KILL","is_prod":false,"is_daily":false,"chose_seed":false,"campfire_upgraded":3,"win_rate":0,"timestamp":1547134256,"path_taken":["M","?","?","?","M","E","?","M","T","M","R","?","R","M","R","BOSS","M","?","?","M","?","R","?","R","T","M","$","M","?","M","R","BOSS","M","?","?","M","?","R","E","M"],"build_version":"2019-01-03v4","purchased_purges":0,"victory":false,"max_hp_per_floor":[66,66,66,66,66,66,66,66,66,66,66,66,66,66,66,66,66,66,66,66,66,66,66,66,66,66,66,73,73,73,73,73,73,73,73,73,73,73,73,73,73,73],"card_choices":[{"not_picked":["Setup","Choke"],"picked":"Deadly Poison","floor":1},{"not_picked":["Sucker Punch","Cloak And Dagger"],"picked":"Infinite Blades","floor":5},{"not_picked":["Riddle With Holes","Escape Plan"],"picked":"Footwork","floor":6},{"not_picked":["Catalyst","Tools of the Trade"],"picked":"Well Laid Plans","floor":8},{"not_picked":["PiercingWail","Concentrate"],"picked":"Backstab","floor":10},{"not_picked":["Prepared","Finisher"],"picked":"PiercingWail","floor":14},{"not_picked":["Glass Knife","After Image"],"picked":"Die Die Die","floor":16},{"not_picked":["Deadly Poison","Riddle With Holes"],"picked":"PiercingWail","floor":18},{"not_picked":["Outmaneuver","Skewer"],"picked":"Dagger Throw","floor":20},{"not_picked":["Outmaneuver","Poisoned Stab+1","Underhanded Strike"],"picked":"SKIP","floor":21},{"not_picked":["Endless Agony","Underhanded Strike"],"picked":"Heel Hook","floor":27},{"not_picked":["Acrobatics","Glass Knife"],"picked":"Backstab","floor":29},{"not_picked":["Bane+1","Dagger Spray"],"picked":"Leg Sweep","floor":31},{"not_picked":["A Thousand Cuts","Doppelganger"],"picked":"Adrenaline","floor":33},{"not_picked":["All Out Attack","Dodge and Roll"],"picked":"Footwork","floor":34},{"not_picked":["Flying Knee","Choke"],"picked":"Dagger Throw","floor":34},{"not_picked":["Blade Dance","Slice"],"picked":"Dash","floor":34},{"not_picked":["Acrobatics","Terror+1"],"picked":"Prepared","floor":34},{"not_picked":["Slice","Prepared"],"picked":"Backflip","floor":34},{"not_picked":["Underhanded Strike","Predator"],"picked":"Dodge and Roll","floor":35},{"not_picked":["Blur","Slice"],"picked":"Heel Hook+1","floor":38},{"not_picked":["Acrobatics","Deadly Poison"],"picked":"Deflect+1","floor":39},{"not_picked":["PiercingWail","All Out Attack"],"picked":"Well Laid Plans","floor":41}],"player_experience":1860799,"relics_obtained":[{"floor":4,"key":"Ornamental Fan"},{"floor":6,"key":"Juzu Bracelet"},{"floor":9,"key":"Bottled Flame"},{"floor":20,"key":"Red Mask"},{"floor":26,"key":"Blue Candle"},{"floor":39,"key":"StoneCalendar"},{"floor":41,"key":"Pantograph"}],"event_choices":[{"damage_healed":0,"gold_gain":0,"player_choice":"Grow","damage_taken":0,"max_hp_gain":0,"max_hp_loss":0,"event_name":"Living Wall","floor":2,"gold_loss":0,"cards_upgraded":["Neutralize"]},{"damage_healed":0,"gold_gain":75,"player_choice":"Gather Gold","damage_taken":11,"max_hp_gain":0,"max_hp_loss":0,"event_name":"World of Goop","floor":3,"gold_loss":0},{"damage_healed":0,"gold_gain":0,"player_choice":"Entered Light","damage_taken":20,"max_hp_gain":0,"max_hp_loss":0,"event_name":"Shining Light","floor":7,"gold_loss":0,"cards_upgraded":["Defend_G","Footwork"]},{"damage_healed":0,"gold_gain":57,"player_choice":"Gained Gold","damage_taken":0,"max_hp_gain":0,"max_hp_loss":0,"event_name":"Golden Wing","floor":12,"gold_loss":0},{"damage_healed":0,"gold_gain":0,"player_choice":"Ignored","damage_taken":0,"max_hp_gain":0,"max_hp_loss":0,"event_name":"Ghosts","floor":19,"gold_loss":0},{"damage_healed":0,"gold_gain":0,"player_choice":"Fought Bandits","damage_taken":0,"max_hp_gain":0,"max_hp_loss":0,"event_name":"Masked Bandits","floor":20,"gold_loss":0},{"damage_healed":0,"gold_gain":0,"player_choice":"Ignored","damage_taken":0,"max_hp_gain":0,"max_hp_loss":0,"event_name":"Cursed Tome","floor":22,"gold_loss":0},{"cards_removed":["Phantasmal Killer"],"damage_healed":0,"gold_gain":0,"player_choice":"Gave Gold","damage_taken":0,"max_hp_gain":0,"max_hp_loss":0,"event_name":"Beggar","floor":24,"gold_loss":75},{"damage_healed":0,"gold_gain":0,"player_choice":"Rummage","damage_taken":0,"relics_obtained":["WarpedTongs"],"max_hp_gain":0,"max_hp_loss":0,"event_name":"Accursed Blacksmith","floor":30,"gold_loss":0,"cards_obtained":["Pain"]},{"cards_removed":["Sucker Punch"],"damage_healed":0,"gold_gain":0,"player_choice":"Removed Attack","damage_taken":0,"max_hp_gain":0,"max_hp_loss":0,"event_name":"Falling","floor":37,"gold_loss":0},{"damage_healed":0,"gold_gain":0,"player_choice":"Fight","damage_taken":0,"max_hp_gain":0,"max_hp_loss":0,"event_name":"MindBloom","floor":39,"gold_loss":0}],"is_beta":false,"boss_relics":[{"not_picked":["Ring of the Serpent","Ectoplasm"],"picked":"Pandora\u0027s Box"},{"not_picked":["White Beast Statue","Philosopher\u0027s Stone"],"picked":"Orrery"}],"items_purged_floors":[],"is_endless":false,"potions_floor_spawned":[1,5,14,16,20,21,35,39],"killed_by":"Jaw Worm Horde","ascension_level":20}