{"path_per_floor":["M","M","$","?","M","R","E","R","T","E","?","?","?","M","R","B",null,"M","?","$","?","M","R","M","R","T","$","?","E","R","E","R"],"character_chosen":"IRONCLAD","items_purchased":["Flex","Vajra","Thread and Needle"],"gold_per_floor":[110,122,76,76,91,91,119,119,119,152,152,152,227,246,246,366,366,380,380,195,195,214,214,230,260,339,27,27,63,63,107,107],"floor_reached":33,"campfire_rested":1,"playtime":1201,"current_hp_per_floor":[80,80,80,64,70,70,71,71,71,45,68,68,57,59,59,25,87,81,81,81,81,85,85,77,77,77,77,77,78,78,57,82],"items_purged":["Writhe","Parasite"],"gold":107,"score":289,"play_id":"4e652cae-b29a-42b5-ba0b-389ea70096e3","is_prod":false,"is_daily":false,"is_ascension_mode":false,"campfire_upgraded":2,"path_taken":["M","M","$","?","M","R","E","R","T","E","?","?","?","?","R","BOSS","M","?","$","?","M","R","M","R","T","$","?","E","R","E","R","BOSS"],"build_version":"2018-02-22-PROD2","purchased_purges":2,"victory":false,"master_deck":["Strike_R","Strike_R","Strike_R","Strike_R+1","Strike_R","Defend_R","Defend_R","Defend_R+1","Defend_R","Bash","Cleave+1","Thunderclap","Flex+1","Offering","Iron Wave","Cleave","Reaper","Dropkick+1","Armaments+1"],"max_hp_per_floor":[80,80,80,80,80,80,94,94,94,94,94,87,87,87,87,87,87,87,87,87,87,87,87,87,87,87,84,84,84,84,84,84],"relics":["Black Blood","NeowsBlessing","Mango","Shovel","Gremlin Horn","Golden Idol","Magic Flower","The Courier","Vajra","Torii","Tiny Chest","Frozen Egg 2","Thread and Needle","Bottled Lightning","Molten Egg 2","Darkstone Periapt"],"card_choices":[{"not_picked":["Rage","Rupture"],"picked":"Cleave"},{"not_picked":["Heavy Blade","True Grit"],"picked":"Thunderclap"},{"not_picked":["Anger","Perfected Strike"],"picked":"Offering"},{"not_picked":["Warcry","True Grit"],"picked":"Iron Wave"},{"not_picked":["Ghostly Armor","Pommel Strike"],"picked":"Cleave"},{"not_picked":["Demon Form","Juggernaut"],"picked":"Reaper"},{"not_picked":["Wild Strike","Warcry"],"picked":"Dropkick"},{"not_picked":["Havoc","Body Slam"],"picked":"Armaments"}],"player_experience":163534,"potions_floor_usage":[16,18],"damage_taken":[{"damage":0,"enemies":"Jaw Worm","floor":1,"turns":1},{"damage":0,"enemies":"Small Slimes","floor":2,"turns":1},{"damage":0,"enemies":"Cultist","floor":5,"turns":1},{"damage":19,"enemies":"3 Sentries","floor":7,"turns":5},{"damage":32,"enemies":"Lagavulin","floor":10,"turns":4},{"damage":4,"enemies":"Large Slime","floor":14,"turns":2},{"damage":43,"enemies":"Slime Boss","floor":16,"turns":5},{"damage":30,"enemies":"Shell Parasite","floor":18,"turns":7},{"damage":19,"enemies":"2 Thieves","floor":22,"turns":3},{"damage":23,"enemies":"Centurion and Healer","floor":24,"turns":5},{"damage":32,"enemies":"Slavers","floor":29,"turns":5},{"damage":36,"enemies":"Book of Stabbing","floor":31,"turns":5},{"damage":97,"enemies":"Automaton","floor":33,"turns":10}],"event_choices":[{"event_name":"Shining Light","player_choice":"Entered Light","floor":4,"damage_taken":0},{"event_name":"Mushrooms","player_choice":"Healed and dodged fight","floor":11,"damage_taken":0},{"event_name":"Golden Idol","player_choice":"Lose Max HP","floor":12,"damage_taken":0},{"event_name":"World of Goop","player_choice":"Gather Gold","floor":13,"damage_taken":0},{"event_name":"The Mausoleum","player_choice":"Yes","floor":19,"damage_taken":0},{"event_name":"Beggar","player_choice":"Ignored","floor":21,"damage_taken":0},{"event_name":"Vampires","player_choice":"Ignored","floor":28,"damage_taken":0}],"boss_relics":[{"not_picked":["Snecko Eye","White Beast Statue"],"picked":"Black Blood"}],"potions_floor_spawned":[1,16,29],"seed_played":"5285201690382808503","killed_by":"Automaton","ascension_level":0,"is_trial":false}