{"gold_per_floor":[110,124,51,51,66,100,100,110,134,146,158,178,178,209,209,307,307,307,307,307,307,307,307,307,307,307,307,160,160,160,160,160,160,160,160,160,160,160,160,160,160,160,160,160,160,160,44,44,44,44],"floor_reached":51,"playtime":7623,"items_purged":["Defend_G"],"score":783,"play_id":"bf98717f-8c95-4302-9c54-cfea68cf5b28","local_time":"20190128013846","is_ascension_mode":false,"campfire_choices":[{"data":"Strike_G","floor":15,"key":"PURGE"},{"data":"Strike_G","floor":23,"key":"PURGE"},{"data":"Strike_G","floor":27,"key":"PURGE"},{"data":"Strike_G","floor":32,"key":"PURGE"},{"floor":41,"key":"DIG"},{"floor":44,"key":"DIG"},{"floor":49,"key":"REST"}],"neow_cost":"TEN_PERCENT_HP_LOSS","seed_source_timestamp":530578003344099,"circlet_count":0,"master_deck":["Defend_G","Defend_G","Defend_G","Defend_G","Strike_G+1","Survivor","Neutralize+1","Dash","Dagger Spray","Footwork","Flying Knee","Infinite Blades","Deadly Poison+1","Deadly Poison","Poisoned Stab","After Image","Backflip","Blur","Terror","Backflip","Poisoned Stab","Tools of the Trade","Acrobatics","Flying Knee+1","After Image","Calculated Gamble+1","Acrobatics+1","Footwork"],"relics":["Ring of the Snake","Peace Pipe","Bag of Marbles","Boot","Anchor","Bronze Scales","Omamori","Ectoplasm","Lantern","FossilizedHelix","Shuriken","Red Mask","Runic Pyramid","The Specimen","Shovel","Old Coin","Whetstone","Bottled Tornado"],"potions_floor_usage":[14,22,24,29,29,33,35,45,50,50,50],"damage_taken":[{"damage":1,"enemies":"Cultist","floor":1,"turns":4},{"damage":10,"enemies":"Jaw Worm","floor":2,"turns":4},{"damage":0,"enemies":"2 Louse","floor":5,"turns":1},{"damage":18,"enemies":"Lagavulin","floor":6,"turns":14},{"damage":0,"enemies":"Lots of Slimes","floor":8,"turns":1},{"damage":0,"enemies":"Blue Slaver","floor":10,"turns":3},{"damage":0,"enemies":"3 Louse","floor":11,"turns":1},{"damage":0,"enemies":"Gremlin Gang","floor":12,"turns":2},{"damage":2,"enemies":"Gremlin Nob","floor":14,"turns":4},{"damage":32,"enemies":"Hexaghost","floor":16,"turns":8},{"damage":1,"enemies":"3 Byrds","floor":18,"turns":2},{"damage":0,"enemies":"Chosen","floor":20,"turns":4},{"damage":0,"enemies":"Centurion and Healer","floor":21,"turns":6},{"damage":12,"enemies":"Snake Plant","floor":22,"turns":4},{"damage":3,"enemies":"Gremlin Leader","floor":24,"turns":6},{"damage":0,"enemies":"Sentry and Sphere","floor":25,"turns":7},{"damage":7,"enemies":"Slavers","floor":29,"turns":6},{"damage":0,"enemies":"Masked Bandits","floor":30,"turns":4},{"damage":0,"enemies":"Shelled Parasite and Fungi","floor":31,"turns":4},{"damage":0,"enemies":"Automaton","floor":33,"turns":10},{"damage":0,"enemies":"Orb Walker","floor":35,"turns":4},{"damage":16,"enemies":"3 Shapes","floor":36,"turns":4},{"damage":0,"enemies":"Mind Bloom Boss Battle","floor":37,"turns":7},{"damage":19,"enemies":"Nemesis","floor":40,"turns":7},{"damage":0,"enemies":"Maw","floor":42,"turns":7},{"damage":0,"enemies":"Sphere and 2 Shapes","floor":45,"turns":4},{"damage":0,"enemies":"Jaw Worm Horde","floor":46,"turns":6},{"damage":0,"enemies":"Spire Growth","floor":48,"turns":5},{"damage":0,"enemies":"Donu and Deca","floor":50,"turns":11}],"seed_played":"-4688958205874745944","potions_obtained":[{"floor":1,"key":"Strength Potion"},{"floor":8,"key":"Strength Potion"},{"floor":11,"key":"GhostInAJar"},{"floor":14,"key":"EssenceOfSteel"},{"floor":16,"key":"Fire Potion"},{"floor":20,"key":"PowerPotion"},{"floor":21,"key":"Swift Potion"},{"floor":22,"key":"Energy Potion"},{"floor":24,"key":"FairyPotion"},{"floor":30,"key":"Explosive Potion"},{"floor":33,"key":"EntropicBrew"},{"floor":37,"key":"Dexterity Potion"},{"floor":42,"key":"Block Potion"},{"floor":45,"key":"Block Potion"},{"floor":48,"key":"SkillPotion"}],"is_trial":false,"path_per_floor":["M","?","?","M","?","?","M","?","?","?","?"],"character_chosen":"THE_SILENT","items_purchased":["Footwork","Tools of the Trade","Footwork"],"campfire_rested":1,"item_purchase_floors":[3,28,47],"current_hp_per_floor":[62,52,52,49,49,31,31,31,31,31,31,31,52,50,50,18,63,62,62,62,62,50,50,47,47,47,47,47,40,40,40,40,40,63,63,47,47,47,63,44,44,44,44,44,44,44,44,44,62,62],"gold":44,"neow_bonus":"ONE_RARE_RELIC","is_prod":false,"is_daily":false,"chose_seed":false,"campfire_upgraded":0,"win_rate":0.0,"timestamp":1548607126,"path_taken":["M","?","$","?","M","E","?","M","T","M","?","M","?","E","R","BOSS","M","?","?","M","M","R","E","M","T","R","$","E","?","M","R","BOSS","M","M","?","?","?","E","R","M","T","R","M","M","$","M","R","BOSS"],"build_version":"2019-01-23","purchased_purges":1,"victory":true,"max_hp_per_floor":[63,63,63,63,63,63,63,63,63,63,63,63,63,63,63,63,63,63,63,63,63,63,63,63,63,63,63,63,63,63,63,63,63,63,63,63,63,63,63,63,63,63,63,63,63,63,63,63,63,63],"card_choices":[{"not_picked":["Infinite Blades","Outmaneuver"],"picked":"Dash","floor":1},{"not_picked":["Prepared","Quick Slash"],"picked":"Dagger Spray","floor":2},{"not_picked":["Flechettes","Poisoned Stab"],"picked":"Flying Knee","floor":5},{"not_picked":["Wraith Form v2","Choke"],"picked":"Infinite Blades","floor":6},{"not_picked":["Poisoned Stab","Backstab"],"picked":"Deadly Poison","floor":8},{"not_picked":["Terror","Backstab"],"picked":"Deadly Poison","floor":10},{"not_picked":["Quick Slash","Eviscerate"],"picked":"Poisoned Stab","floor":11},{"not_picked":["Bullet Time","Sucker Punch","Outmaneuver"],"picked":"SKIP","floor":12},{"not_picked":["Outmaneuver","Backstab"],"picked":"Calculated Gamble","floor":14},{"not_picked":["Wraith Form v2","Doppelganger"],"picked":"After Image","floor":16},{"not_picked":["Prepared","Dash"],"picked":"Backflip","floor":18},{"not_picked":["Underhanded Strike","Dagger Spray"],"picked":"Blur","floor":20},{"not_picked":["Outmaneuver","Deflect+1","Eviscerate"],"picked":"SKIP","floor":21},{"not_picked":["Choke","Reflex"],"picked":"Terror","floor":22},{"not_picked":["Dagger Throw","Skewer"],"picked":"Backflip","floor":24},{"not_picked":["Predator","Backflip"],"picked":"Poisoned Stab","floor":25},{"not_picked":["Sucker Punch","Terror+1"],"picked":"Acrobatics","floor":29},{"not_picked":["Masterful Stab","Dagger Throw+1"],"picked":"Flying Knee+1","floor":30},{"not_picked":["Deflect","Masterful Stab+1","Dodge and Roll"],"picked":"SKIP","floor":31},{"not_picked":["Night Terror","Tools of the Trade"],"picked":"After Image","floor":33},{"not_picked":["Predator+1","Prepared+1"],"picked":"Calculated Gamble+1","floor":35},{"not_picked":["Outmaneuver","Reflex","Terror"],"picked":"SKIP","floor":36},{"not_picked":["Expertise+1","Blade Dance"],"picked":"Acrobatics+1","floor":37},{"not_picked":["All Out Attack+1","Deflect","Flying Knee+1"],"picked":"SKIP","floor":40},{"not_picked":["Riddle With Holes+1","Quick Slash+1","Masterful Stab+1"],"picked":"SKIP","floor":42},{"not_picked":["Backflip","Masterful Stab+1","Dodge and Roll+1"],"picked":"SKIP","floor":45},{"not_picked":["Riddle With Holes+1","Underhanded Strike","Prepared"],"picked":"SKIP","floor":46},{"not_picked":["Flying Knee+1","PiercingWail","Acrobatics+1"],"picked":"SKIP","floor":48}],"player_experience":61690,"relics_obtained":[{"floor":6,"key":"Boot"},{"floor":9,"key":"Bronze Scales"},{"floor":14,"key":"Omamori"},{"floor":24,"key":"Lantern"},{"floor":26,"key":"FossilizedHelix"},{"floor":29,"key":"Shuriken"},{"floor":30,"key":"Red Mask"},{"floor":37,"key":"The Specimen"},{"floor":40,"key":"Shovel"},{"floor":41,"key":"Old Coin"},{"floor":43,"key":"Whetstone"},{"floor":44,"key":"Bottled Tornado"}],"event_choices":[{"damage_healed":0,"gold_gain":0,"player_choice":"Success","damage_taken":3,"relics_obtained":["Bag of Marbles"],"max_hp_gain":0,"max_hp_loss":0,"event_name":"Scrap Ooze","floor":4,"gold_loss":0},{"damage_healed":0,"gold_gain":0,"player_choice":"Gave Potion","damage_taken":0,"relics_obtained":["Anchor"],"max_hp_gain":0,"max_hp_loss":0,"event_name":"WeMeetAgain","floor":7,"gold_loss":0},{"damage_healed":21,"gold_gain":0,"player_choice":"Banana","damage_taken":0,"max_hp_gain":0,"max_hp_loss":0,"event_name":"Big Fish","floor":13,"gold_loss":0},{"damage_healed":0,"gold_gain":0,"player_choice":"Forge","damage_taken":0,"max_hp_gain":0,"max_hp_loss":0,"event_name":"Accursed Blacksmith","floor":19,"gold_loss":0,"cards_upgraded":["Deadly Poison"]},{"damage_healed":0,"gold_gain":0,"player_choice":"Fought Bandits","damage_taken":0,"max_hp_gain":0,"max_hp_loss":0,"event_name":"Masked Bandits","floor":30,"gold_loss":0},{"damage_healed":0,"gold_gain":0,"player_choice":"Fight","damage_taken":0,"max_hp_gain":0,"max_hp_loss":0,"event_name":"MindBloom","floor":37,"gold_loss":0},{"damage_healed":0,"gold_gain":222,"player_choice":"Wore Mask","damage_taken":0,"max_hp_gain":0,"max_hp_loss":0,"event_name":"Tomb of Lord Red Mask","floor":38,"gold_loss":0},{"cards_removed":["Calculated Gamble"],"damage_healed":16,"gold_gain":0,"player_choice":"Offered Uncommon","damage_taken":0,"max_hp_gain":0,"max_hp_loss":0,"event_name":"Bonfire Elementals","floor":39,"gold_loss":0}],"is_beta":false,"boss_relics":[{"not_picked":["WristBlade","Runic Dome"],"picked":"Ectoplasm"},{"not_picked":["Velvet Choker","Astrolabe"],"picked":"Runic Pyramid"}],"items_purged_floors":[47],"is_endless":false,"potions_floor_spawned":[1,8,11,14,16,20,21,22,24,30,33,37,40,42,45,48],"ascension_level":0}