{"gold_per_floor":[116,129,129,149,149,149,175,185,211,244,262,262,262,20,20,121,121,131,147,147,165,181,181,200,200,250,250,264,179,213,14,14,119,119,135,147,0,100,100,100,114,125,125,53,88,102,102,113,113,113],"floor_reached":51,"playtime":2858,"items_purged":["Pain"],"score":708,"play_id":"15d12234-c48f-4315-b8fc-339b88a7dc88","local_time":"20190209172218","is_ascension_mode":false,"campfire_choices":[{"data":"Blind","floor":6,"key":"SMITH"},{"data":"Tempest","floor":12,"key":"SMITH"},{"data":"Double Energy","floor":15,"key":"SMITH"},{"data":"Lockon","floor":23,"key":"SMITH"},{"floor":25,"key":"REST"},{"data":"Zap","floor":32,"key":"SMITH"},{"floor":40,"key":"REST"},{"floor":47,"key":"REST"},{"data":"Hello World","floor":49,"key":"SMITH"}],"neow_cost":"NONE","seed_source_timestamp":150543536997616,"circlet_count":0,"master_deck":["Strike_B","Strike_B","Strike_B","Strike_B","Defend_B","Defend_B","Defend_B","Defend_B","Zap+1","Dualcast","Blind+1","Conserve Battery","Tempest+1","Reinforced Body+1","Amplify","Conserve Battery","Double Energy+1","Loop+1","Defragment","Tempest+1","Biased Cognition","Consume","Lockon+1","Seek","Electrodynamics","Clumsy","Clumsy","White Noise+1","Steam Power+1","Self Repair","Auto Shields+1","Mayhem","Trip","Dramatic Entrance","Leap+1","Static Discharge","Conserve Battery+1","Hello World+1","Heatsinks","Heatsinks+1","Reboot"],"relics":["Cracked Core","PreservedInsect","Spirit Poop","Anchor","Regal Pillow","StoneCalendar","DollysMirror","Philosopher\u0027s Stone","Juzu Bracelet","MutagenicStrength","Strawberry","Meat on the Bone","Medical Kit","Calling Bell","Lantern","Mummified Hand","Prayer Wheel","Incense Burner","Singing Bowl","Ornamental Fan"],"potions_floor_usage":[16,21,22,24,38,46,48,50,50],"damage_taken":[{"damage":0,"enemies":"Small Slimes","floor":1,"turns":3},{"damage":0,"enemies":"2 Louse","floor":2,"turns":2},{"damage":0,"enemies":"Cultist","floor":4,"turns":3},{"damage":3,"enemies":"Lagavulin","floor":7,"turns":6},{"damage":5,"enemies":"2 Fungi Beasts","floor":8,"turns":3},{"damage":22,"enemies":"Gremlin Nob","floor":10,"turns":4},{"damage":0,"enemies":"3 Louse","floor":11,"turns":4},{"damage":2,"enemies":"The Guardian","floor":16,"turns":8},{"damage":0,"enemies":"3 Byrds","floor":18,"turns":2},{"damage":8,"enemies":"Spheric Guardian","floor":19,"turns":4},{"damage":4,"enemies":"Snecko","floor":21,"turns":3},{"damage":20,"enemies":"Shelled Parasite and Fungi","floor":22,"turns":3},{"damage":0,"enemies":"Snake Plant","floor":24,"turns":2},{"damage":0,"enemies":"Snecko","floor":28,"turns":1},{"damage":21,"enemies":"Book of Stabbing","floor":30,"turns":5},{"damage":40,"enemies":"Champ","floor":33,"turns":10},{"damage":3,"enemies":"3 Shapes","floor":35,"turns":3},{"damage":30,"enemies":"3 Darklings","floor":36,"turns":3},{"damage":5,"enemies":"Mind Bloom Boss Battle","floor":38,"turns":5},{"damage":5,"enemies":"Spire Growth","floor":41,"turns":3},{"damage":7,"enemies":"Writhing Mass","floor":42,"turns":6},{"damage":15,"enemies":"Giant Head","floor":45,"turns":6},{"damage":18,"enemies":"Jaw Worm Horde","floor":46,"turns":3},{"damage":16,"enemies":"4 Shapes","floor":48,"turns":3},{"damage":38,"enemies":"Donu and Deca","floor":50,"turns":8}],"seed_played":"-2329833450701299393","potions_obtained":[{"floor":4,"key":"GamblersBrew"},{"floor":8,"key":"Swift Potion"},{"floor":11,"key":"Weak Potion"},{"floor":16,"key":"Swift Potion"},{"floor":19,"key":"SkillPotion"},{"floor":21,"key":"Explosive Potion"},{"floor":22,"key":"FairyPotion"},{"floor":24,"key":"Fire Potion"},{"floor":30,"key":"Explosive Potion"},{"floor":36,"key":"FocusPotion"},{"floor":41,"key":"SkillPotion"},{"floor":46,"key":"SkillPotion"},{"floor":48,"key":"Dexterity Potion"}],"is_trial":false,"path_per_floor":["M","M","?","M","?","R","E","M","T","E","M","R","?","$","R","B",null,"M","M","?","M","M","R","M","R","T","?","M","?","E","$","R","B",null,"M","M","$","?","?","R","M","M","T","$","E","M","R","M","R","B",null],"character_chosen":"DEFECT","items_purchased":["Defragment","DollysMirror","Medical Kit","Self Repair","Hello World"],"campfire_rested":3,"item_purchase_floors":[14,14,31,37,44],"current_hp_per_floor":[75,75,75,75,75,75,72,67,67,45,45,45,45,45,45,43,75,75,67,67,63,43,43,43,75,75,75,75,82,61,61,61,33,82,79,49,49,51,41,80,75,75,75,75,67,51,84,70,70,51],"gold":113,"neow_bonus":"RANDOM_COLORLESS","is_prod":false,"is_daily":false,"chose_seed":false,"campfire_upgraded":6,"win_rate":0.0,"timestamp":1549729338,"path_taken":["M","M","?","M","?","R","E","?","T","E","M","R","?","$","R","BOSS","M","M","?","?","M","R","M","R","T","?","M","?","E","?","R","BOSS","M","M","$","?","?","R","M","M","T","?","E","M","R","M","R","BOSS"],"build_version":"2019-01-23","purchased_purges":1,"victory":true,"max_hp_per_floor":[75,75,75,75,75,75,75,75,75,75,75,75,75,75,75,75,75,75,75,75,75,75,75,75,75,75,75,75,82,82,82,82,82,82,82,82,82,82,82,82,82,82,82,82,82,84,84,86,86,86],"card_choices":[{"not_picked":["Steam","Barrage"],"picked":"Conserve Battery","floor":1},{"not_picked":["Ball Lightning","Steam"],"picked":"Tempest","floor":2},{"not_picked":["Rebound","Blizzard"],"picked":"Reinforced Body","floor":4},{"not_picked":["Cold Snap","Sweeping Beam"],"picked":"Amplify","floor":7},{"not_picked":["Chaos","Tempest"],"picked":"Conserve Battery","floor":8},{"not_picked":["Skim","Redo"],"picked":"Double Energy","floor":10},{"not_picked":["Force Field","Reinforced Body"],"picked":"Loop","floor":11},{"not_picked":["Multi-Cast","Amplify"],"picked":"Biased Cognition","floor":16},{"not_picked":["Steam","Leap","Cold Snap+1"],"picked":"SKIP","floor":18},{"not_picked":["Double Energy","Gash"],"picked":"Consume","floor":19},{"not_picked":["Compile Driver","Rebound","Skim+1"],"picked":"SKIP","floor":21},{"not_picked":["Leap","Force Field"],"picked":"Lockon","floor":22},{"not_picked":["Steam","Fusion","Tempest+1"],"picked":"SKIP","floor":24},{"not_picked":["Conserve Battery+1","Genetic Algorithm+1"],"picked":"Seek","floor":28},{"not_picked":["Stack","Coolheaded","Blizzard"],"picked":"SKIP","floor":30},{"not_picked":["Amplify","Creative AI"],"picked":"Electrodynamics","floor":33},{"not_picked":["Coolheaded+1","Redo","Go for the Eyes"],"picked":"SKIP","floor":35},{"not_picked":["Sweeping Beam","White Noise+1","Coolheaded+1"],"picked":"SKIP","floor":35},{"not_picked":["Sweeping Beam","Coolheaded+1"],"picked":"White Noise+1","floor":35},{"not_picked":["Coolheaded+1","Redo","Go for the Eyes"],"picked":"SKIP","floor":35},{"not_picked":["Redo","Hologram"],"picked":"Steam Power+1","floor":36},{"not_picked":["Blizzard","Streamline+1","Stack"],"picked":"SKIP","floor":36},{"not_picked":["Coolheaded","Go for the Eyes+1"],"picked":"Auto Shields+1","floor":38},{"not_picked":["Flash of Steel","Swift Strike"],"picked":"Mayhem","floor":39},{"not_picked":["PanicButton","Enlightenment"],"picked":"Trip","floor":39},{"not_picked":["Metamorphosis","Jack Of All Trades"],"picked":"Dramatic Entrance","floor":39},{"not_picked":["Stack","Sweeping Beam+1"],"picked":"Leap+1","floor":41},{"not_picked":["Doom and Gloom+1","Sweeping Beam+1"],"picked":"Static Discharge","floor":41},{"not_picked":["Coolheaded+1","Thunder Strike"],"picked":"Conserve Battery+1","floor":42},{"not_picked":["Rip and Tear","Darkness+1","Tempest"],"picked":"SKIP","floor":42},{"not_picked":["Sweeping Beam","Compile Driver+1"],"picked":"Heatsinks","floor":45},{"not_picked":["Ball Lightning","Steam"],"picked":"Heatsinks+1","floor":46},{"not_picked":["Steam+1","Sweeping Beam+1","Reprogram"],"picked":"Singing Bowl","floor":46},{"not_picked":["Gash","Redo","Streamline"],"picked":"Singing Bowl","floor":48},{"not_picked":["Steam","Aggregate+1"],"picked":"Reboot","floor":48}],"player_experience":103651,"relics_obtained":[{"floor":7,"key":"Anchor"},{"floor":9,"key":"Regal Pillow"},{"floor":10,"key":"StoneCalendar"},{"floor":26,"key":"Juzu Bracelet"},{"floor":30,"key":"Meat on the Bone"},{"floor":34,"key":"Lantern"},{"floor":34,"key":"Mummified Hand"},{"floor":34,"key":"Prayer Wheel"},{"floor":38,"key":"Incense Burner"},{"floor":43,"key":"Singing Bowl"},{"floor":45,"key":"Ornamental Fan"}],"event_choices":[{"damage_healed":0,"gold_gain":0,"player_choice":"Box","damage_taken":0,"relics_obtained":["PreservedInsect"],"max_hp_gain":0,"max_hp_loss":0,"event_name":"Big Fish","floor":3,"gold_loss":0,"cards_obtained":["Regret"]},{"cards_removed":["Regret"],"damage_healed":0,"gold_gain":0,"player_choice":"Offered Curse","damage_taken":0,"relics_obtained":["Spirit Poop"],"max_hp_gain":0,"max_hp_loss":0,"event_name":"Bonfire Elementals","floor":5,"gold_loss":0},{"damage_healed":0,"gold_gain":0,"player_choice":"Grow","damage_taken":0,"max_hp_gain":0,"max_hp_loss":0,"event_name":"Living Wall","floor":13,"gold_loss":0,"cards_upgraded":["Loop"]},{"damage_healed":0,"gold_gain":0,"player_choice":"Upgraded","damage_taken":0,"max_hp_gain":0,"max_hp_loss":0,"event_name":"Upgrade Shrine","floor":20,"gold_loss":0,"cards_upgraded":["Reinforced Body"]},{"damage_healed":0,"gold_gain":0,"player_choice":"Inject Mutagens","damage_taken":0,"relics_obtained":["MutagenicStrength"],"max_hp_gain":0,"max_hp_loss":0,"event_name":"Drug Dealer","floor":27,"gold_loss":0},{"damage_healed":0,"gold_gain":0,"player_choice":"Obtained Relic","damage_taken":0,"relics_obtained":["Strawberry"],"max_hp_gain":0,"max_hp_loss":0,"event_name":"Addict","floor":29,"gold_loss":85},{"damage_healed":0,"gold_gain":0,"player_choice":"Fight","damage_taken":0,"max_hp_gain":0,"max_hp_loss":0,"event_name":"MindBloom","floor":38,"gold_loss":0},{"damage_healed":0,"gold_gain":0,"player_choice":"Memory 3","damage_taken":10,"max_hp_gain":0,"max_hp_loss":0,"event_name":"SensoryStone","floor":39,"gold_loss":0}],"is_beta":false,"boss_relics":[{"not_picked":["FrozenCore","Eternal Feather"],"picked":"Philosopher\u0027s Stone"},{"not_picked":["White Beast Statue","Tiny House"],"picked":"Calling Bell"}],"items_purged_floors":[37],"is_endless":false,"potions_floor_spawned":[4,8,11,16,19,21,22,24,30,36,41,46,48],"ascension_level":0}