{"gold_per_floor":[119,138,138,154,104,139,155,155,207,220,236,39,55,230,230,230],"floor_reached":16,"playtime":808,"items_purged":["Strike_R","Strike_R"],"score":140,"play_id":"57f44c0e-a3fd-45d7-9b6a-075ba65183d3","local_time":"20190121221607","is_ascension_mode":true,"campfire_choices":[{"data":"Bash","floor":8,"key":"SMITH"},{"data":"True Grit","floor":15,"key":"SMITH"}],"neow_cost":"NONE","seed_source_timestamp":334391634808776,"circlet_count":0,"master_deck":["Strike_R","Strike_R","Defend_R","Defend_R","Defend_R","Defend_R","Bash+1","Cleave","Shrug It Off","Headbutt","True Grit+1","Rage","Pummel","Doubt"],"relics":["Burning Blood","Smiling Mask","Ornamental Fan","Bronze Scales"],"potions_floor_usage":[6],"damage_taken":[{"damage":8,"enemies":"Jaw Worm","floor":1,"turns":5},{"damage":1,"enemies":"Cultist","floor":2,"turns":3},{"damage":2,"enemies":"2 Louse","floor":4,"turns":3},{"damage":32,"enemies":"3 Sentries","floor":6,"turns":13},{"damage":0,"enemies":"Blue Slaver","floor":7,"turns":7},{"damage":7,"enemies":"Exordium Wildlife","floor":10,"turns":3},{"damage":24,"enemies":"Large Slime","floor":11,"turns":6},{"damage":0,"enemies":"Looter","floor":13,"turns":4},{"damage":50,"enemies":"Hexaghost","floor":16,"turns":11}],"seed_played":"-5646201627013784148","potions_obtained":[{"floor":4,"key":"PowerPotion"},{"floor":6,"key":"SneckoOil"},{"floor":7,"key":"EssenceOfSteel"},{"floor":11,"key":"SkillPotion"}],"is_trial":false,"path_per_floor":["M","M","?","M","$","E","M","R","T","M","M","$","M","?","R","B"],"character_chosen":"IRONCLAD","items_purchased":["Rage","Pummel"],"campfire_rested":0,"item_purchase_floors":[12,12],"current_hp_per_floor":[70,75,75,79,79,53,59,59,59,58,40,40,46,46,46,0],"gold":230,"neow_bonus":"RANDOM_COMMON_RELIC","is_prod":false,"is_daily":false,"chose_seed":false,"campfire_upgraded":2,"win_rate":0,"timestamp":1548126967,"path_taken":["M","M","?","M","$","E","M","R","T","?","M","$","M","?","R","BOSS"],"build_version":"2019-01-17v2","purchased_purges":2,"victory":false,"max_hp_per_floor":[80,80,80,80,80,80,80,80,80,80,80,80,80,80,80,80],"card_choices":[{"not_picked":["Burning Pact","Headbutt"],"picked":"Cleave","floor":1},{"not_picked":["Spot Weakness","Blood for Blood","Entrench"],"picked":"SKIP","floor":2},{"not_picked":["Armaments","Entrench"],"picked":"Shrug It Off","floor":4},{"not_picked":["Heavy Blade","Warcry","Searing Blow"],"picked":"SKIP","floor":6},{"not_picked":["Searing Blow","Wild Strike"],"picked":"Headbutt","floor":7},{"not_picked":["Heavy Blade","Clothesline"],"picked":"True Grit","floor":10},{"not_picked":["Anger","Juggernaut","Havoc"],"picked":"SKIP","floor":11},{"not_picked":["Carnage","Wild Strike","Heavy Blade"],"picked":"SKIP","floor":13}],"player_experience":383214,"relics_obtained":[{"floor":6,"key":"Ornamental Fan"},{"floor":9,"key":"Bronze Scales"}],"event_choices":[{"cards_removed":["Strike_R"],"damage_healed":0,"gold_gain":0,"player_choice":"Purged","damage_taken":0,"max_hp_gain":0,"max_hp_loss":0,"event_name":"Purifier","floor":3,"gold_loss":0},{"damage_healed":0,"gold_gain":175,"player_choice":"AGREE","damage_taken":0,"max_hp_gain":0,"max_hp_loss":0,"event_name":"Liars Game","floor":14,"gold_loss":0,"cards_obtained":["Doubt"]}],"is_beta":false,"boss_relics":[],"items_purged_floors":[5,12],"is_endless":false,"potions_floor_spawned":[4,6,7,11],"killed_by":"Hexaghost","ascension_level":7}