{"path_per_floor":["M","M","?","$","?","R","E","R","T","?","M","R","M","?","R","B",null,"M","M","?","?","M","R","E","R","T","R","M","M","M","M","R","B",null,"M","?","M","M","?","R","$","?","T"],"character_chosen":"IRONCLAD","items_purchased":["Whirlwind","Demon Form+1","Shuriken"],"gold_per_floor":[114,126,126,55,55,55,88,88,115,115,126,126,143,143,143,240,240,251,265,265,315,325,325,359,359,385,385,398,416,428,439,439,535,535,554,905,918,938,938,938,485,485,511,511],"floor_reached":44,"campfire_rested":1,"playtime":1217,"item_purchase_floors":[4,41,41],"current_hp_per_floor":[72,64,50,50,50,50,29,29,29,29,35,35,32,72,72,36,72,66,54,45,45,22,43,25,25,25,25,47,51,57,48,48,30,72,64,33,68,72,72,72,72,72,72,0],"items_purged":["Strike_R"],"gold":511,"score":453,"play_id":"347f36dd-b4dc-4fd0-811a-53ce77dfabf4","local_time":"20180604155800","is_prod":false,"is_daily":false,"chose_seed":false,"is_ascension_mode":false,"campfire_upgraded":8,"win_rate":0,"timestamp":1528120680,"campfire_choices":[{"data":"Hemokinesis","floor":6,"key":"SMITH"},{"data":"Bash","floor":8,"key":"SMITH"},{"data":"Evolve","floor":12,"key":"SMITH"},{"data":"Shockwave","floor":15,"key":"SMITH"},{"floor":23,"key":"REST"},{"data":"Reckless Charge","floor":25,"key":"SMITH"},{"data":"Shrug It Off","floor":27,"key":"SMITH"},{"data":"Heavy Blade","floor":32,"key":"SMITH"},{"data":"Battle Trance","floor":40,"key":"SMITH"}],"path_taken":["M","M","?","$","?","R","E","R","T","?","?","R","?","?","R","BOSS","M","M","?","?","?","R","E","R","T","R","M","?","M","M","R","BOSS","M","?","M","?","?","R","$","?","T","E"],"build_version":"2018-05-31","seed_source_timestamp":2300596917134748,"purchased_purges":1,"victory":false,"master_deck":["Strike_R+1","Strike_R+1","Strike_R","Strike_R+1","Defend_R+1","Defend_R+1","Bash+1","Evolve+1","Hemokinesis+1","Whirlwind+1","Dual Wield+1","Reckless Charge+1","Shockwave+1","Demon Form+1","Shrug It Off+1","Reaper+1","Heavy Blade+1","Battle Trance+1","Feel No Pain+1","Demon Form+1"],"max_hp_per_floor":[72,72,72,72,72,72,72,72,72,72,72,72,72,72,72,72,72,72,72,72,72,72,72,72,72,72,72,72,72,72,72,72,72,72,72,72,72,72,72,72,72,72,72,72],"relics":["Black Blood","Frozen Egg 2","War Paint","Runic Dome","Orichalcum","Whetstone","Old Coin","Shuriken","Potion Belt"],"card_choices":[{"not_picked":["Anger","Dropkick"],"picked":"Hemokinesis","floor":1},{"not_picked":["Thunderclap","Havoc","Bloodletting"],"picked":"SKIP","floor":2},{"not_picked":["Whirlwind","Iron Wave"],"picked":"Dual Wield","floor":7},{"not_picked":["Combust+1","Twin Strike"],"picked":"Reckless Charge","floor":11},{"not_picked":["Clothesline","Pommel Strike"],"picked":"Shockwave","floor":13},{"not_picked":["Barricade+1","Bludgeon"],"picked":"Demon Form+1","floor":16},{"not_picked":["Rampage","Bloodletting","Combust+1"],"picked":"SKIP","floor":18},{"not_picked":["Iron Wave+1","Cleave"],"picked":"Shrug It Off","floor":19},{"not_picked":["Body Slam","Armaments","Havoc"],"picked":"SKIP","floor":22},{"not_picked":["Whirlwind","Body Slam+1"],"picked":"Reaper","floor":24},{"not_picked":["Sword Boomerang","Warcry+1"],"picked":"Heavy Blade","floor":28},{"not_picked":["Sever Soul+1","Cleave","Dropkick"],"picked":"SKIP","floor":29},{"not_picked":["Body Slam","Thunderclap","Pommel Strike"],"picked":"SKIP","floor":30},{"not_picked":["Iron Wave","Combust+1","Thunderclap"],"picked":"SKIP","floor":31},{"not_picked":["Shrug It Off","Dual Wield+1"],"picked":"Battle Trance","floor":35},{"not_picked":["Headbutt","Whirlwind+1"],"picked":"Feel No Pain+1","floor":36},{"not_picked":["Anger+1","Sword Boomerang","Perfected Strike"],"picked":"SKIP","floor":37},{"not_picked":["Perfected Strike+1","Impervious","Body Slam+1"],"picked":"SKIP","floor":38}],"player_experience":826719,"potions_floor_usage":[24,33],"damage_taken":[{"damage":0,"enemies":"Small Slimes","floor":1,"turns":3},{"damage":14,"enemies":"Jaw Worm","floor":2,"turns":2},{"damage":27,"enemies":"Lagavulin","floor":7,"turns":7},{"damage":0,"enemies":"2 Louse","floor":11,"turns":1},{"damage":9,"enemies":"Large Slime","floor":13,"turns":4},{"damage":42,"enemies":"Hexaghost","floor":16,"turns":9},{"damage":12,"enemies":"Spheric Guardian","floor":18,"turns":3},{"damage":18,"enemies":"3 Byrds","floor":19,"turns":3},{"damage":29,"enemies":"Slaver and Parasite","floor":22,"turns":5},{"damage":24,"enemies":"Slavers","floor":24,"turns":3},{"damage":9,"enemies":"Centurion and Healer","floor":28,"turns":8},{"damage":2,"enemies":"Snecko","floor":29,"turns":2},{"damage":22,"enemies":"3 Cultists","floor":30,"turns":5},{"damage":15,"enemies":"Snake Plant","floor":31,"turns":2},{"damage":35,"enemies":"Champ","floor":33,"turns":11},{"damage":36,"enemies":"3 Darklings","floor":35,"turns":3},{"damage":41,"enemies":"Mysterious Sphere","floor":36,"turns":4},{"damage":38,"enemies":"3 Shapes","floor":37,"turns":5},{"damage":28,"enemies":"3 Darklings","floor":38,"turns":4},{"damage":72,"enemies":"2 Orb Walkers","floor":44,"turns":3}],"relics_obtained":[{"floor":7,"key":"Frozen Egg 2"},{"floor":9,"key":"War Paint"},{"floor":24,"key":"Orichalcum"},{"floor":26,"key":"Whetstone"},{"floor":36,"key":"Old Coin"},{"floor":43,"key":"Potion Belt"}],"event_choices":[{"event_name":"Shining Light","player_choice":"Entered Light","floor":3,"damage_taken":0},{"event_name":"Living Wall","player_choice":"Grow","floor":5,"damage_taken":0},{"event_name":"Liars Game","player_choice":"disagreed","floor":10,"damage_taken":0},{"event_name":"Bonfire Elementals","player_choice":"UNCOMMON","floor":14,"damage_taken":0},{"event_name":"Cursed Tome","player_choice":"Stopped","floor":20,"damage_taken":0},{"event_name":"The Joust","player_choice":"Bet on Murderer","floor":21,"damage_taken":0},{"event_name":"Mysterious Sphere","player_choice":"Fight","floor":36,"damage_taken":0},{"event_name":"Tomb of Lord Red Mask","player_choice":"Ignored","floor":39,"damage_taken":0},{"event_name":"Accursed Blacksmith","player_choice":"Forge","floor":42,"damage_taken":0}],"boss_relics":[{"not_picked":["Philosopher\u0027s Stone","Astrolabe"],"picked":"Runic Dome"},{"not_picked":["Black Star","White Beast Statue"],"picked":"Black Blood"}],"items_purged_floors":[41],"potions_floor_spawned":[11,13,19,28,29,33,35,37],"seed_played":"4834176274399878931","killed_by":"2 Orb Walkers","ascension_level":0,"potions_obtained":[{"floor":11,"key":"Ancient Potion"},{"floor":13,"key":"Poison Potion"},{"floor":19,"key":"Energy Potion"},{"floor":28,"key":"PowerPotion"},{"floor":33,"key":"Weak Potion"}],"is_trial":false}