{"gold_per_floor":[119,135,60,80,110,110,123,148,148,148,163,176,176,195,195,300,300,310,1,19,32,0,0,0],"floor_reached":24,"playtime":1556,"items_purged":["Strike_R","Strike_R"],"score":270,"play_id":"a8257dff-7b42-48ab-9cee-859e14c2d139","local_time":"20190210005933","is_ascension_mode":true,"campfire_choices":[{"data":"Bash","floor":6.0,"key":"SMITH"},{"data":"Barricade","floor":10.0,"key":"SMITH"},{"floor":13.0,"key":"REST"},{"data":"Dropkick","floor":15.0,"key":"SMITH"},{"floor":23.0,"key":"REST"}],"neow_cost":"NONE","seed_source_timestamp":276721990956744,"circlet_count":0,"master_deck":["Strike_R","Strike_R","Strike_R","Defend_R","Defend_R","Defend_R","Defend_R","Bash+1","Pommel Strike","Cleave","Dropkick+1","Barricade+1","Shrug It Off","Sword Boomerang","Impervious","Warcry+1"],"special_seed":0,"relics":["Burning Blood","Tiny Chest","Bronze Scales","Blue Candle","Velvet Choker","MealTicket"],"potions_floor_usage":[24],"damage_taken":[{"damage":1.0,"enemies":"Cultist","floor":1.0,"turns":4.0},{"damage":3.0,"enemies":"Jaw Worm","floor":2.0,"turns":5.0},{"damage":8.0,"enemies":"2 Louse","floor":4.0,"turns":3.0},{"damage":11.0,"enemies":"Looter","floor":7.0,"turns":2.0},{"damage":28.0,"enemies":"3 Sentries","floor":8.0,"turns":9.0},{"damage":10.0,"enemies":"3 Louse","floor":11.0,"turns":2.0},{"damage":16.0,"enemies":"2 Fungi Beasts","floor":12.0,"turns":3.0},{"damage":0.0,"enemies":"Red Slaver","floor":14.0,"turns":4.0},{"damage":47.0,"enemies":"The Guardian","floor":16.0,"turns":16.0},{"damage":18.0,"enemies":"Spheric Guardian","floor":18.0,"turns":6.0},{"damage":12.0,"enemies":"Chosen","floor":20.0,"turns":4.0},{"damage":36.0,"enemies":"Shelled Parasite and Fungi","floor":21.0,"turns":9.0},{"damage":51,"enemies":"Gremlin Leader","floor":24,"turns":6}],"seed_played":"4535796547997835634","potions_obtained":[{"floor":2.0,"key":"FearPotion"},{"floor":7.0,"key":"Block Potion"},{"floor":11.0,"key":"SkillPotion"},{"floor":12.0,"key":"LiquidBronze"},{"floor":18.0,"key":"FearPotion"}],"is_trial":false,"path_per_floor":["M","M","$","M","T","R","M","E","T","R","M","M","R","M","R","B",null,"M","$","M","M","?","R","E"],"character_chosen":"IRONCLAD","items_purchased":["MealTicket"],"campfire_rested":2,"item_purchase_floors":[19],"current_hp_per_floor":[77,80,80,78,78,78,73,51,51,51,47,37,61,67,67,26,67,55,55,49,19,19,43,0],"gold":0,"neow_bonus":"THREE_CARDS","is_prod":false,"is_daily":false,"chose_seed":false,"campfire_upgraded":3,"win_rate":0,"timestamp":1549778373,"path_taken":["M","M","?","M","?","R","M","E","T","R","M","M","R","?","R","BOSS","M","$","?","M","?","R","E"],"build_version":"2019-01-23","purchased_purges":2,"victory":false,"max_hp_per_floor":[80,80,80,80,80,80,80,80,80,80,80,80,80,80,80,80,80,80,80,80,80,80,80,80],"card_choices":[{"not_picked":["Havoc","Hemokinesis"],"picked":"Pommel Strike","floor":0.0},{"not_picked":["Anger","Warcry"],"picked":"Cleave","floor":1.0},{"not_picked":["Perfected Strike","Wild Strike"],"picked":"Dropkick","floor":2.0},{"not_picked":["Pummel","Burning Pact","Cleave"],"picked":"SKIP","floor":4.0},{"not_picked":["Heavy Blade","Burning Pact","Perfected Strike"],"picked":"SKIP","floor":7.0},{"not_picked":["Clash","Ghostly Armor"],"picked":"Barricade","floor":8.0},{"not_picked":["Clash","Evolve","Combust"],"picked":"SKIP","floor":11.0},{"not_picked":["Heavy Blade","Sever Soul"],"picked":"Shrug It Off","floor":12.0},{"not_picked":["Clash","Twin Strike"],"picked":"Sword Boomerang","floor":14.0},{"not_picked":["Bludgeon","Berserk"],"picked":"Impervious","floor":16.0},{"not_picked":["Clothesline","Sentinel","Twin Strike+1"],"picked":"SKIP","floor":18.0},{"not_picked":["Intimidate","Iron Wave","Uppercut"],"picked":"SKIP","floor":20.0},{"not_picked":["Sever Soul","Uppercut"],"picked":"Warcry+1","floor":21.0}],"player_experience":414477,"relics_obtained":[{"floor":5.0,"key":"Tiny Chest"},{"floor":8.0,"key":"Bronze Scales"},{"floor":9.0,"key":"Blue Candle"}],"event_choices":[{"damage_healed":0.0,"max_hp_gain":0.0,"max_hp_loss":0.0,"gold_gain":0.0,"event_name":"Masked Bandits","player_choice":"Paid Fearfully","floor":22.0,"gold_loss":32.0,"damage_taken":0.0}],"is_beta":false,"boss_relics":[{"not_picked":["Orrery","Eternal Feather"],"picked":"Velvet Choker"}],"items_purged_floors":[3,19],"is_endless":false,"potions_floor_spawned":[2,7,11,12,14,18],"killed_by":"Gremlin Leader","ascension_level":7}