{"gold_per_floor":[10,10,10,22,22,62,85,85],"floor_reached":8,"playtime":494,"items_purged":[],"score":59,"play_id":"2cd7aac3-de46-472a-a18a-63cfb8c4715c","local_time":"20190209221636","is_ascension_mode":true,"campfire_choices":[],"neow_cost":"NO_GOLD","seed_source_timestamp":170582478704585,"circlet_count":0,"master_deck":["Strike_R","Strike_R","Strike_R","Strike_R","Strike_R","Defend_R","Defend_R+1","Defend_R","Defend_R","Bash","Magnetism+1","Madness","Rage","Seeing Red","Entrench","Iron Wave"],"relics":["Burning Blood","Golden Idol","Gremlin Horn"],"potions_floor_usage":[8],"damage_taken":[{"damage":0,"enemies":"Cultist","floor":1,"turns":4},{"damage":4,"enemies":"Small Slimes","floor":4,"turns":4},{"damage":23,"enemies":"Lagavulin","floor":6,"turns":10},{"damage":2,"enemies":"2 Louse","floor":7,"turns":4},{"damage":37,"enemies":"Gremlin Nob","floor":8,"turns":5}],"seed_played":"1148706209850948384","potions_obtained":[{"floor":6,"key":"EssenceOfSteel"}],"is_trial":false,"path_per_floor":["M","?","?","M","?","E","M","E"],"character_chosen":"IRONCLAD","items_purchased":[],"campfire_rested":0,"item_purchase_floors":[],"current_hp_per_floor":[80,64,64,66,46,29,33,0],"gold":85,"neow_bonus":"RANDOM_COLORLESS_2","is_prod":false,"is_daily":false,"chose_seed":false,"campfire_upgraded":0,"win_rate":0,"timestamp":1549746996,"path_taken":["M","?","?","M","?","E","M","E"],"build_version":"2019-01-23","purchased_purges":0,"victory":false,"max_hp_per_floor":[80,80,80,80,80,80,80,80],"card_choices":[{"not_picked":["Sentinel","Uppercut"],"picked":"Rage","floor":1},{"not_picked":["Combust","Carnage"],"picked":"Seeing Red","floor":4},{"not_picked":["Blood for Blood","Combust"],"picked":"Entrench","floor":6},{"not_picked":["Blood for Blood","True Grit"],"picked":"Iron Wave","floor":7}],"player_experience":115631,"relics_obtained":[{"floor":6,"key":"Gremlin Horn"}],"event_choices":[{"damage_healed":0,"gold_gain":0,"player_choice":"Entered Light","damage_taken":16,"max_hp_gain":0,"max_hp_loss":0,"event_name":"Shining Light","floor":2,"gold_loss":0,"cards_upgraded":["Magnetism","Defend_R"]},{"damage_healed":0,"gold_gain":0,"player_choice":"Leave","damage_taken":0,"max_hp_gain":0,"max_hp_loss":0,"event_name":"The Cleric","floor":3,"gold_loss":0},{"damage_healed":0,"gold_gain":0,"player_choice":"Take Damage","damage_taken":20,"relics_obtained":["Golden Idol"],"max_hp_gain":0,"max_hp_loss":0,"event_name":"Golden Idol","floor":5,"gold_loss":0}],"is_beta":false,"boss_relics":[],"items_purged_floors":[],"is_endless":false,"potions_floor_spawned":[6],"killed_by":"Gremlin Nob","ascension_level":1}