{"gold_per_floor":[119,119,134,151,76,76,151,151,178,178,211,223,270,299,311,418,430,457,394,406,433,445,457,494,506,541,580,607,619,641,672,684,696],"floor_reached":33,"playtime":964,"items_purged":["Strike_R"],"score":308,"play_id":"b2825f54-ff58-47a6-ae07-38bf7aace20e","local_time":"20181224144422","is_ascension_mode":true,"campfire_choices":[{"data":"Bash","floor":6,"key":"SMITH"},{"data":"Sword Boomerang","floor":8,"key":"SMITH"},{"data":"Thunderclap","floor":10,"key":"SMITH"},{"data":"Shrug It Off","floor":12,"key":"SMITH"},{"data":"Defend_R","floor":15,"key":"SMITH"},{"data":"Feed","floor":23,"key":"SMITH"},{"floor":25,"key":"REST"},{"data":"Corruption","floor":32,"key":"SMITH"}],"neow_cost":"TEN_PERCENT_HP_LOSS","seed_source_timestamp":1186479817050074,"circlet_count":0,"master_deck":["Strike_R","Defend_R+1","Defend_R","Defend_R","Bash+1","Thunderclap+1","Sword Boomerang+1","Shrug It Off+1","Feed+1","Iron Wave+1","Spot Weakness+1","Carnage+1","Corruption+1"],"relics":["Burning Blood","Champion Belt","Gremlin Horn","Oddly Smooth Stone","MawBank","Bronze Scales","Astrolabe","Darkstone Periapt","PreservedInsect"],"potions_floor_usage":[27,27],"damage_taken":[{"damage":6,"enemies":"Cultist","floor":1,"turns":3},{"damage":8,"enemies":"Jaw Worm","floor":3,"turns":2},{"damage":0,"enemies":"2 Louse","floor":4,"turns":1},{"damage":4,"enemies":"Gremlin Nob","floor":11,"turns":3},{"damage":14,"enemies":"Lagavulin","floor":13,"turns":7},{"damage":4,"enemies":"2 Fungi Beasts","floor":14,"turns":2},{"damage":6,"enemies":"The Guardian","floor":16,"turns":13},{"damage":0,"enemies":"Chosen","floor":18,"turns":6},{"damage":15,"enemies":"Shell Parasite","floor":21,"turns":3},{"damage":48,"enemies":"Gremlin Leader","floor":24,"turns":9},{"damage":23,"enemies":"Slavers","floor":27,"turns":5},{"damage":6,"enemies":"3 Cultists","floor":28,"turns":4},{"damage":3,"enemies":"Snake Plant","floor":30,"turns":4},{"damage":6,"enemies":"Chosen and Byrds","floor":31,"turns":4},{"damage":69,"enemies":"Collector","floor":33,"turns":7}],"seed_played":"-2092036798506768363","potions_obtained":[{"floor":3,"key":"Regen Potion"},{"floor":13,"key":"Block Potion"},{"floor":21,"key":"LiquidBronze"},{"floor":27,"key":"EssenceOfSteel"}],"is_trial":false,"path_per_floor":["M","T","M","M","$","R","?","R","T","R","E","R","E","M","R","B",null,"M","?","?","M","?","R","E","R","T","E","M","?","M","M","R","B"],"character_chosen":"IRONCLAD","items_purchased":[],"campfire_rested":1,"item_purchase_floors":[],"current_hp_per_floor":[72,72,70,72,72,72,61,61,61,61,63,63,55,57,57,57,72,72,72,72,63,63,63,25,47,47,48,52,52,55,59,59,0],"gold":696,"neow_bonus":"ONE_RARE_RELIC","is_prod":false,"is_daily":false,"chose_seed":false,"campfire_upgraded":7,"win_rate":0,"timestamp":1545659062,"path_taken":["M","?","M","M","$","R","?","R","T","R","E","R","E","M","R","BOSS","M","?","?","M","?","R","E","R","T","E","M","?","?","M","R","BOSS"],"build_version":"2018-12-20","purchased_purges":1,"victory":false,"max_hp_per_floor":[72,72,72,72,72,72,72,72,72,72,72,72,72,72,72,72,72,72,72,72,72,72,72,76,76,76,80,84,84,84,88,88,88],"card_choices":[{"not_picked":["Iron Wave","Ghostly Armor"],"picked":"Thunderclap","floor":1},{"not_picked":["Body Slam","Spot Weakness"],"picked":"Sword Boomerang","floor":3},{"not_picked":["Heavy Blade","Second Wind","Clash"],"picked":"SKIP","floor":4},{"not_picked":["Iron Wave","Reaper"],"picked":"Shrug It Off","floor":11},{"not_picked":["Perfected Strike","Twin Strike","Wild Strike"],"picked":"SKIP","floor":13},{"not_picked":["Headbutt","Ghostly Armor","Demon Form"],"picked":"SKIP","floor":14},{"not_picked":["Fiend Fire","Offering"],"picked":"Feed","floor":16},{"not_picked":["Clash","Spot Weakness","Anger"],"picked":"SKIP","floor":18},{"not_picked":["Intimidate","Anger+1","Havoc"],"picked":"SKIP","floor":21},{"not_picked":["Cleave","Hemokinesis","Clothesline"],"picked":"SKIP","floor":24},{"not_picked":["Inflame+1","Shrug It Off","Warcry"],"picked":"SKIP","floor":27},{"not_picked":["Searing Blow+1","Armaments","Perfected Strike"],"picked":"SKIP","floor":28},{"not_picked":["Burning Pact+1","Warcry","Clothesline"],"picked":"SKIP","floor":30},{"not_picked":["Armaments","Cleave+1","Heavy Blade+1"],"picked":"SKIP","floor":31}],"player_experience":1820778,"relics_obtained":[{"floor":2,"key":"Gremlin Horn"},{"floor":9,"key":"Oddly Smooth Stone"},{"floor":11,"key":"MawBank"},{"floor":13,"key":"Bronze Scales"},{"floor":24,"key":"Darkstone Periapt"},{"floor":27,"key":"PreservedInsect"}],"event_choices":[{"damage_healed":0,"gold_gain":75,"player_choice":"Gather Gold","damage_taken":11,"max_hp_gain":0,"max_hp_loss":0,"event_name":"World of Goop","floor":7,"gold_loss":0},{"cards_removed":["Strike_R"],"damage_healed":0,"gold_gain":0,"player_choice":"Gave Gold","damage_taken":0,"max_hp_gain":0,"max_hp_loss":0,"event_name":"Beggar","floor":19,"gold_loss":75},{"damage_healed":0,"gold_gain":0,"player_choice":"Read","damage_taken":0,"max_hp_gain":0,"max_hp_loss":0,"event_name":"The Library","floor":20,"gold_loss":0,"cards_obtained":["Corruption"]},{"damage_healed":0,"gold_gain":0,"player_choice":"Ignored","damage_taken":0,"max_hp_gain":0,"max_hp_loss":0,"event_name":"Ghosts","floor":22,"gold_loss":0},{"damage_healed":0,"gold_gain":0,"player_choice":"Ignored","damage_taken":0,"max_hp_gain":0,"max_hp_loss":0,"event_name":"Vampires","floor":29,"gold_loss":0}],"is_beta":false,"boss_relics":[{"not_picked":["Busted Crown","Velvet Choker"],"picked":"Astrolabe"}],"items_purged_floors":[5],"is_endless":false,"potions_floor_spawned":[3,13,21,27],"killed_by":"Collector","ascension_level":1}