{"gold_per_floor":[112,122,197,211,211,243,243,273,273,342,342,18,68,118,118,237,237,261,311,27,46,26,47,47],"floor_reached":24,"playtime":1590,"items_purged":["Writhe"],"score":239,"play_id":"e1521db5-9e5f-44f6-82ce-b06fac9ee602","local_time":"20190210170256","is_ascension_mode":true,"campfire_choices":[{"floor":7,"key":"REST"},{"data":"Tools of the Trade","floor":11,"key":"SMITH"},{"floor":15,"key":"REST"}],"neow_cost":"NONE","seed_source_timestamp":237068844692529,"circlet_count":0,"master_deck":["Defend_G","Defend_G","Defend_G","Defend_G","Defend_G","Strike_G+1","Strike_G","Strike_G","Strike_G","Strike_G","Survivor","Neutralize","Blade Dance+1","Terror","Slice","Tools of the Trade+1","Backflip","Accuracy","Injury","Storm of Steel","Injury","Parasite","Finisher","Dash","Deflect","Swift Strike","Concentrate+1"],"relics":["Ring of the Snake","SsserpentHead","Pear","Question Card","The Courier","Gremlin Horn","Happy Flower","Golden Idol","Calling Bell","Snake Skull","Ornamental Fan","Dead Branch","Regal Pillow","Shuriken"],"potions_floor_usage":[16,16,23],"damage_taken":[{"damage":2,"enemies":"Small Slimes","floor":1,"turns":3},{"damage":0,"enemies":"Cultist","floor":2,"turns":3},{"damage":0,"enemies":"Jaw Worm","floor":4,"turns":3},{"damage":29,"enemies":"Gremlin Nob","floor":6,"turns":4},{"damage":36,"enemies":"3 Sentries","floor":8,"turns":13},{"damage":0,"enemies":"2 Fungi Beasts","floor":10,"turns":4},{"damage":6,"enemies":"Hexaghost","floor":16,"turns":8},{"damage":19,"enemies":"Spheric Guardian","floor":18,"turns":4},{"damage":12,"enemies":"3 Byrds","floor":21,"turns":5},{"damage":0,"enemies":"3 Cultists","floor":23,"turns":5},{"damage":58,"enemies":"Slavers","floor":24,"turns":5}],"seed_played":"-8426651228351613495","potions_obtained":[{"floor":8,"key":"EssenceOfSteel"},{"floor":10,"key":"Block Potion"},{"floor":16,"key":"Swift Potion"}],"is_trial":false,"path_per_floor":["M","M","?","M","?","E","R","E","T","M","R","$","?","?","R","B",null,"M","?","$","M","$","M","E"],"character_chosen":"THE_SILENT","items_purchased":["Gremlin Horn","Happy Flower","Dash","Shuriken","Swift Strike"],"campfire_rested":2,"item_purchase_floors":[12,12,20,20,22],"current_hp_per_floor":[75,75,64,64,64,45,71,35,35,35,35,35,18,18,44,38,87,68,68,68,56,56,56,0],"gold":47,"neow_bonus":"TEN_PERCENT_HP_BONUS","is_prod":false,"is_daily":false,"chose_seed":false,"campfire_upgraded":1,"win_rate":0,"timestamp":1549814576,"path_taken":["M","M","?","M","?","E","R","E","T","?","R","$","?","?","R","BOSS","M","?","$","M","?","M","E"],"build_version":"2019-01-23","purchased_purges":1,"victory":false,"max_hp_per_floor":[77,77,77,77,77,87,87,87,87,87,87,87,87,87,87,87,87,87,87,87,87,87,87,87],"card_choices":[{"not_picked":["Acrobatics","Flying Knee"],"picked":"Blade Dance","floor":1},{"not_picked":["Quick Slash","Adrenaline"],"picked":"Terror","floor":2},{"not_picked":["Poisoned Stab","Underhanded Strike"],"picked":"Slice","floor":4},{"not_picked":["Dodge and Roll","Blur"],"picked":"Tools of the Trade","floor":6},{"not_picked":["Acrobatics","Deflect"],"picked":"Backflip","floor":8},{"not_picked":["Escape Plan","Dagger Throw","Prepared"],"picked":"Accuracy","floor":10},{"not_picked":["Malaise","Unload","Adrenaline"],"picked":"Storm of Steel","floor":16},{"not_picked":["Expertise+1","Outmaneuver","Dash"],"picked":"Finisher","floor":18},{"not_picked":["Riddle With Holes+1","All Out Attack","Bane+1"],"picked":"Deflect","floor":21},{"not_picked":["Choke","Backflip","Slice"],"picked":"Concentrate+1","floor":23}],"player_experience":139731,"relics_obtained":[{"floor":6,"key":"Pear"},{"floor":8,"key":"Question Card"},{"floor":9,"key":"The Courier"},{"floor":17,"key":"Snake Skull"},{"floor":17,"key":"Ornamental Fan"},{"floor":17,"key":"Dead Branch"}],"event_choices":[{"damage_healed":0,"gold_gain":75,"player_choice":"Gather Gold","damage_taken":11,"max_hp_gain":0,"max_hp_loss":0,"event_name":"World of Goop","floor":3,"gold_loss":0},{"damage_healed":0,"gold_gain":0,"player_choice":"Trade","damage_taken":0,"relics_obtained":["SsserpentHead"],"max_hp_gain":0,"max_hp_loss":0,"event_name":"FaceTrader","floor":5,"gold_loss":0},{"damage_healed":0,"gold_gain":0,"player_choice":"Entered Light","damage_taken":17,"max_hp_gain":0,"max_hp_loss":0,"event_name":"Shining Light","floor":13,"gold_loss":0,"cards_upgraded":["Strike_G","Blade Dance"]},{"damage_healed":0,"gold_gain":0,"player_choice":"Take Wound","damage_taken":0,"relics_obtained":["Golden Idol"],"max_hp_gain":0,"max_hp_loss":0,"event_name":"Golden Idol","floor":14,"gold_loss":0,"cards_obtained":["Injury"]},{"damage_healed":0,"gold_gain":0,"player_choice":"Opened","damage_taken":0,"relics_obtained":["Regal Pillow"],"max_hp_gain":0,"max_hp_loss":0,"event_name":"The Mausoleum","floor":19,"gold_loss":0}],"is_beta":false,"boss_relics":[{"not_picked":["Runic Dome","Fusion Hammer"],"picked":"Calling Bell"}],"items_purged_floors":[20],"is_endless":false,"potions_floor_spawned":[8,10,16],"killed_by":"Slavers","ascension_level":1}