{"gold_per_floor":[117,129,129,141,159,159,188,95,95,111,111,136,136,150,150,251,251,191,191,116,116,116,116],"floor_reached":23,"playtime":2176,"items_purged":["Strike_R"],"score":265,"play_id":"0b5e29da-3bfb-41dd-b4fa-d5cf00165a4f","local_time":"20190214221223","is_ascension_mode":true,"campfire_choices":[{"data":"Metallicize","floor":6,"key":"SMITH"},{"floor":13,"key":"REST"},{"data":"Juggernaut","floor":15,"key":"SMITH"}],"neow_cost":"NONE","seed_source_timestamp":37565875758600,"circlet_count":0,"master_deck":["Strike_R","Strike_R","Strike_R","Strike_R","Defend_R","Defend_R","Defend_R","Defend_R","Bash","Shrug It Off+1","Pummel","Metallicize+1","Headbutt","Juggernaut+1","Warcry+1","Warcry+1","Iron Wave","Spot Weakness+1","Juggernaut+1","Shrug It Off+1","Headbutt","Pummel+1"],"relics":["Burning Blood","Toxic Egg 2","Frozen Egg 2","Kunai","Ectoplasm"],"potions_floor_usage":[5,5,10,10,18,18,23],"damage_taken":[{"damage":0,"enemies":"Small Slimes","floor":1,"turns":3},{"damage":1,"enemies":"Cultist","floor":2,"turns":3},{"damage":10,"enemies":"2 Louse","floor":4,"turns":4},{"damage":24,"enemies":"Gremlin Gang","floor":5,"turns":9},{"damage":56,"enemies":"Gremlin Nob","floor":7,"turns":5},{"damage":12,"enemies":"Lots of Slimes","floor":10,"turns":4},{"damage":0,"enemies":"Lagavulin","floor":12,"turns":8},{"damage":4,"enemies":"Red Slaver","floor":14,"turns":4},{"damage":25,"enemies":"Slime Boss","floor":16,"turns":10},{"damage":15,"enemies":"2 Thieves","floor":18,"turns":4},{"damage":18,"enemies":"3 Byrds","floor":19,"turns":5},{"damage":14,"enemies":"Snake Plant","floor":21,"turns":3},{"damage":40,"enemies":"Snecko","floor":22,"turns":5},{"damage":31,"enemies":"Book of Stabbing","floor":23,"turns":5}],"seed_played":"1743681632216250698","potions_obtained":[{"floor":1,"key":"Block Potion"},{"floor":3,"key":"Energy Potion"},{"floor":3,"key":"Strength Potion"},{"floor":7,"key":"FearPotion"},{"floor":12,"key":"Ancient Potion"},{"floor":16,"key":"Swift Potion"},{"floor":19,"key":"Energy Potion"}],"is_trial":false,"path_per_floor":["M","M","?","M","M","R","E","$","T","M","?","E","R","M","R","B",null,"M","M","$","M","M","E"],"character_chosen":"IRONCLAD","items_purchased":["Warcry+1","Block Potion"],"campfire_rested":1,"item_purchase_floors":[8,8],"current_hp_per_floor":[88,88,88,84,66,66,16,16,16,10,10,16,42,44,44,25,88,79,67,67,59,25,0],"gold":116,"neow_bonus":"TEN_PERCENT_HP_BONUS","is_prod":false,"is_daily":false,"chose_seed":false,"campfire_upgraded":2,"win_rate":0,"timestamp":1550178743,"path_taken":["M","M","?","M","M","R","E","?","T","M","?","E","R","M","R","BOSS","M","?","$","?","M","E"],"build_version":"2019-01-23","purchased_purges":1,"victory":false,"max_hp_per_floor":[88,88,88,88,88,88,88,88,88,88,88,88,88,88,88,88,88,88,88,88,88,88,88],"card_choices":[{"not_picked":["Clash","Cleave"],"picked":"Shrug It Off","floor":1},{"not_picked":["Heavy Blade","Warcry"],"picked":"Pummel","floor":2},{"not_picked":["Flex","Shrug It Off"],"picked":"Metallicize","floor":4},{"not_picked":["Intimidate","Clash"],"picked":"Headbutt","floor":5},{"not_picked":["Shockwave","Entrench"],"picked":"Juggernaut","floor":7},{"not_picked":["Perfected Strike","Heavy Blade"],"picked":"Warcry+1","floor":10},{"not_picked":["Pummel","Perfected Strike"],"picked":"Iron Wave","floor":12},{"not_picked":["Ghostly Armor+1","Shockwave+1"],"picked":"Spot Weakness+1","floor":14},{"not_picked":["Reaper","Immolate"],"picked":"Juggernaut+1","floor":16},{"not_picked":["Wild Strike+1","Sword Boomerang+1"],"picked":"Shrug It Off+1","floor":18},{"not_picked":["Carnage","Flex+1"],"picked":"Headbutt","floor":19},{"not_picked":["Cleave","Rupture+1","Heavy Blade"],"picked":"SKIP","floor":21},{"not_picked":["Perfected Strike","Warcry+1"],"picked":"Pummel+1","floor":22}],"player_experience":200386,"relics_obtained":[{"floor":7,"key":"Toxic Egg 2"},{"floor":9,"key":"Frozen Egg 2"},{"floor":12,"key":"Kunai"}],"event_choices":[{"damage_healed":0,"gold_gain":0,"player_choice":"Got Potions","damage_taken":0,"max_hp_gain":0,"max_hp_loss":0,"event_name":"Lab","floor":3,"gold_loss":0},{"damage_healed":0,"gold_gain":0,"player_choice":"Upgraded","damage_taken":0,"max_hp_gain":0,"max_hp_loss":0,"event_name":"Upgrade Shrine","floor":11,"gold_loss":0,"cards_upgraded":["Shrug It Off"]}],"is_beta":false,"boss_relics":[{"not_picked":["Runic Cube","Snecko Eye"],"picked":"Ectoplasm"}],"items_purged_floors":[20],"is_endless":false,"potions_floor_spawned":[1,7,12,16,19],"killed_by":"Book of Stabbing","ascension_level":3}