{"gold_per_floor":[119,69,23,23,39,71,88,123,123,154,5,5,23,23,23,123,123,133,143,23,36,36,36,64,64,64,98,98],"floor_reached":28,"playtime":1413,"items_purged":["Strike_B"],"score":288,"play_id":"ec203acf-d7e3-476f-9277-5a9f0600a299","local_time":"20190213234223","is_ascension_mode":true,"campfire_choices":[{"data":"Dualcast","floor":12,"key":"SMITH"},{"floor":15,"key":"REST"},{"floor":23,"key":"REST"},{"floor":25,"key":"REST"}],"neow_cost":"NONE","seed_source_timestamp":0,"circlet_count":0,"master_deck":["Defend_B","Defend_B","Defend_B","Zap+1","Dualcast+1","Rebound","Conserve Battery","Glacier+1","All For One","Compile Driver","Go for the Eyes","Capacitor","Redo","Electrodynamics","Ball Lightning+1","Fusion+1","Gash","BootSequence","Aggregate","Cold Snap+1"],"special_seed":0,"relics":["Cracked Core","Orichalcum","War Paint","Ginger","Bottled Flame","Cables","Anchor","Empty Cage","Turnip","Peace Pipe","Shovel","Centennial Puzzle"],"potions_floor_usage":[28],"damage_taken":[{"damage":4.0,"enemies":"2 Louse","floor":1.0,"turns":3.0},{"damage":0.0,"enemies":"Cultist","floor":5.0,"turns":3.0},{"damage":23.0,"enemies":"3 Sentries","floor":6.0,"turns":10.0},{"damage":0.0,"enemies":"Small Slimes","floor":7.0,"turns":2.0},{"damage":12,"enemies":"Lagavulin","floor":8,"turns":5},{"damage":3,"enemies":"Gremlin Nob","floor":10,"turns":4},{"damage":3,"enemies":"Red Slaver","floor":13,"turns":2},{"damage":26,"enemies":"Hexaghost","floor":16,"turns":11},{"damage":4,"enemies":"Spheric Guardian","floor":18,"turns":3},{"damage":15,"enemies":"2 Thieves","floor":19,"turns":3},{"damage":28,"enemies":"Shelled Parasite and Fungi","floor":21,"turns":4},{"damage":17,"enemies":"Gremlin Leader","floor":24,"turns":6},{"damage":49,"enemies":"Slavers","floor":27,"turns":6},{"damage":12,"enemies":"3 Cultists","floor":28,"turns":5}],"seed_played":"-7380606866411739602","potions_obtained":[{"floor":1.0,"key":"Dexterity Potion"},{"floor":5.0,"key":"Regen Potion"},{"floor":10,"key":"Swift Potion"},{"floor":16,"key":"Energy Potion"},{"floor":24,"key":"Energy Potion"},{"floor":27,"key":"SkillPotion"}],"is_trial":false,"path_per_floor":["M","?","$","?","M","E","M","E","T","E","$","R","M","$","R","B",null,"M","M","$","M","?","R","E","R","T","E","M"],"character_chosen":"DEFECT","items_purchased":["Conserve Battery","Anchor","Gash"],"campfire_rested":3,"item_purchase_floors":[3,11,20],"current_hp_per_floor":[71,71,71,71,71,63,63,51,51,48,48,48,45,45,67,41,75,71,56,56,28,28,50,33,55,55,6,0],"gold":98,"neow_bonus":"RANDOM_COMMON_RELIC","is_prod":false,"is_daily":false,"chose_seed":false,"campfire_upgraded":1,"win_rate":0,"timestamp":1550122943,"path_taken":["M","?","$","?","?","E","M","E","T","E","?","R","?","?","R","BOSS","M","?","$","M","?","R","E","R","T","E","?"],"build_version":"2019-01-23","purchased_purges":1,"victory":false,"max_hp_per_floor":[75,75,75,75,75,75,75,75,75,75,75,75,75,75,75,75,75,75,75,75,75,75,75,75,75,75,75,75],"card_choices":[{"not_picked":["Compile Driver","Beam Cell"],"picked":"Rebound","floor":1.0},{"not_picked":["Redo","Coolheaded"],"picked":"Glacier","floor":5.0},{"not_picked":["Genetic Algorithm","Rebound"],"picked":"All For One","floor":6.0},{"not_picked":["Doom and Gloom","Rebound"],"picked":"Compile Driver","floor":7.0},{"not_picked":["Sweeping Beam","Fusion"],"picked":"Go for the Eyes","floor":8},{"not_picked":["Thunder Strike","Glacier"],"picked":"Capacitor","floor":10},{"not_picked":["Beam Cell","Sweeping Beam"],"picked":"Redo","floor":13},{"not_picked":["Core Surge","All For One"],"picked":"Electrodynamics","floor":16},{"not_picked":["Hello World","Sunder"],"picked":"Ball Lightning+1","floor":18},{"not_picked":["Go for the Eyes","Stack"],"picked":"Fusion+1","floor":19},{"not_picked":["Scrape","Doom and Gloom"],"picked":"BootSequence","floor":21},{"not_picked":["Stack","Beam Cell+1"],"picked":"Aggregate","floor":24},{"not_picked":["Skim","Redo"],"picked":"Cold Snap+1","floor":27}],"player_experience":90965,"relics_obtained":[{"floor":6.0,"key":"War Paint"},{"floor":8,"key":"Ginger"},{"floor":9,"key":"Bottled Flame"},{"floor":10,"key":"Cables"},{"floor":24,"key":"Peace Pipe"},{"floor":26,"key":"Shovel"},{"floor":27,"key":"Centennial Puzzle"}],"event_choices":[{"cards_removed":["Strike_B"],"damage_healed":0.0,"max_hp_gain":0.0,"max_hp_loss":0.0,"gold_gain":0.0,"event_name":"The Cleric","player_choice":"Card Removal","floor":2.0,"gold_loss":50.0,"damage_taken":0.0},{"cards_removed":["Defend_B"],"damage_healed":0.0,"max_hp_gain":0.0,"max_hp_loss":0.0,"gold_gain":0.0,"event_name":"Bonfire Elementals","player_choice":"Offered Basic","floor":4.0,"gold_loss":0.0,"damage_taken":0.0},{"damage_healed":0,"gold_gain":0,"player_choice":"Gave Potion","damage_taken":0,"relics_obtained":["Turnip"],"max_hp_gain":0,"max_hp_loss":0,"event_name":"WeMeetAgain","floor":22,"gold_loss":0}],"is_beta":false,"boss_relics":[{"not_picked":["Velvet Choker","Runic Pyramid"],"picked":"Empty Cage"}],"items_purged_floors":[20],"is_endless":false,"potions_floor_spawned":[1,5,10,16,21,24,27],"killed_by":"3 Cultists","ascension_level":1}