{"gold_per_floor":[109,109,124,2,18,18,38,38,38,38,3,21,21,36,36,134,134,145,145,145,244,224,224,241,253,253,253],"floor_reached":27,"playtime":5312,"items_purged":["Strike_G"],"score":215,"play_id":"17927ce9-70a6-4408-9c89-2718918a8b85","local_time":"20190214185152","is_ascension_mode":true,"campfire_choices":[{"data":"Sucker Punch","floor":6.0,"key":"SMITH"},{"data":"Crippling Poison","floor":8.0,"key":"SMITH"},{"floor":15.0,"key":"REST"},{"floor":23,"key":"REST"}],"neow_cost":"NONE","seed_source_timestamp":0,"circlet_count":0,"master_deck":["Defend_G","Defend_G","Defend_G","Defend_G","Defend_G","Strike_G","Strike_G","Strike_G","Strike_G","Survivor","Neutralize+1","Crippling Poison+1","Sucker Punch+1","Deflect","Dagger Spray","Caltrops+1","Heel Hook","Backflip","Acrobatics","Envenom","Deadly Poison","Bouncing Flask","Dodge and Roll","Poisoned Stab+1","Backstab","Bouncing Flask","Tools of the Trade"],"special_seed":0,"relics":["Ring of the Snake","NeowsBlessing","Blood Vial","Bottled Flame","Orrery","Ninja Scroll"],"potions_floor_usage":[25],"damage_taken":[{"damage":0.0,"enemies":"Jaw Worm","floor":1.0,"turns":1.0},{"damage":0.0,"enemies":"Cultist","floor":3.0,"turns":1.0},{"damage":0.0,"enemies":"2 Louse","floor":5.0,"turns":1.0},{"damage":0.0,"enemies":"Large Slime","floor":7.0,"turns":4.0},{"damage":10.0,"enemies":"2 Fungi Beasts","floor":12.0,"turns":3.0},{"damage":4.0,"enemies":"Exordium Thugs","floor":14.0,"turns":5.0},{"damage":25.0,"enemies":"Hexaghost","floor":16.0,"turns":12.0},{"damage":16.0,"enemies":"Chosen","floor":18.0,"turns":8.0},{"damage":38,"enemies":"Colosseum Slavers","floor":20,"turns":7},{"damage":12,"enemies":"2 Thieves","floor":22,"turns":4},{"damage":14,"enemies":"Snecko","floor":24,"turns":5},{"damage":12,"enemies":"Shelled Parasite and Fungi","floor":25,"turns":4},{"damage":23,"enemies":"Centurion and Healer","floor":27,"turns":5}],"seed_played":"1022489703905547968","potions_obtained":[{"floor":1.0,"key":"Strength Potion"},{"floor":3.0,"key":"SkillPotion"},{"floor":24,"key":"Fire Potion"}],"is_trial":false,"path_per_floor":["M","?","M","$","M","R","M","R","T","T","$","M","?","M","R","B",null,"M","?","?","?","M","R","M","M","T","M"],"character_chosen":"THE_SILENT","items_purchased":["Deflect","Heel Hook"],"campfire_rested":2,"item_purchase_floors":[4,11],"current_hp_per_floor":[70,70,70,70,70,70,70,70,70,70,70,60,60,58,70,45,70,54,70,32,32,22,43,31,21,21,0],"gold":253,"neow_bonus":"THREE_ENEMY_KILL","is_prod":false,"is_daily":false,"chose_seed":false,"campfire_upgraded":2,"win_rate":0,"timestamp":1550188312,"path_taken":["M","?","?","$","M","R","M","R","T","?","$","M","?","M","R","BOSS","M","?","?","?","M","R","M","M","T","M"],"build_version":"2019-01-23","purchased_purges":1,"victory":false,"max_hp_per_floor":[70,70,70,70,70,70,70,70,70,70,70,70,70,70,70,70,70,70,70,70,70,70,70,70,70,70,70],"card_choices":[{"not_picked":["Reflex","Bane"],"picked":"Crippling Poison","floor":1.0},{"not_picked":["Prepared","Eviscerate"],"picked":"Sucker Punch","floor":3.0},{"not_picked":["Quick Slash","Flechettes"],"picked":"Dagger Spray","floor":5.0},{"not_picked":["Dodge and Roll","Poisoned Stab"],"picked":"Caltrops","floor":7.0},{"not_picked":["Catalyst","Skewer"],"picked":"Backflip","floor":12.0},{"not_picked":["Accuracy","Sucker Punch"],"picked":"Acrobatics","floor":14.0},{"not_picked":["Die Die Die","Unload"],"picked":"Envenom","floor":16.0},{"not_picked":["Quick Slash","Choke"],"picked":"Deadly Poison","floor":17.0},{"not_picked":["Quick Slash","Dagger Spray"],"picked":"Bouncing Flask","floor":17.0},{"not_picked":["Dagger Throw","Masterful Stab"],"picked":"Dodge and Roll","floor":17.0},{"not_picked":["Tactician","Dodge and Roll"],"picked":"Poisoned Stab+1","floor":18.0},{"not_picked":["Prepared","Underhanded Strike"],"picked":"Backstab","floor":22},{"not_picked":["Underhanded Strike","Slice"],"picked":"Bouncing Flask","floor":24},{"not_picked":["Predator","Finisher"],"picked":"Tools of the Trade","floor":25}],"player_experience":106282,"relics_obtained":[{"floor":9.0,"key":"Blood Vial"},{"floor":10.0,"key":"Bottled Flame"},{"floor":26,"key":"Ninja Scroll"}],"event_choices":[{"damage_healed":0.0,"max_hp_gain":0.0,"max_hp_loss":0.0,"gold_gain":0.0,"event_name":"Upgrade Shrine","player_choice":"Upgraded","floor":2.0,"gold_loss":0.0,"damage_taken":0.0,"cards_upgraded":["Neutralize"]},{"damage_healed":0.0,"max_hp_gain":0.0,"max_hp_loss":0.0,"gold_gain":0.0,"event_name":"Living Wall","player_choice":"Grow","floor":13.0,"gold_loss":0.0,"damage_taken":0.0,"cards_upgraded":["Caltrops"]},{"damage_healed":23.0,"max_hp_gain":0.0,"max_hp_loss":0.0,"gold_gain":0.0,"event_name":"The Library","player_choice":"Heal","floor":19.0,"gold_loss":0.0,"damage_taken":0.0},{"damage_healed":0,"gold_gain":0,"player_choice":"Fight","damage_taken":0,"max_hp_gain":0,"max_hp_loss":0,"event_name":"Colosseum","floor":20,"gold_loss":0},{"damage_healed":0,"gold_gain":0,"player_choice":"Fled From Nobs","damage_taken":0,"max_hp_gain":0,"max_hp_loss":0,"event_name":"Colosseum","floor":20,"gold_loss":0},{"damage_healed":0,"gold_gain":99,"player_choice":"Stole From Cult","damage_taken":0,"max_hp_gain":0,"max_hp_loss":0,"event_name":"Nest","floor":21,"gold_loss":0}],"is_beta":false,"boss_relics":[{"not_picked":["Philosopher\u0027s Stone","Coffee Dripper"],"picked":"Orrery"}],"items_purged_floors":[4],"is_endless":false,"potions_floor_spawned":[1,3,20,24],"killed_by":"Centurion and Healer","ascension_level":1}