{"gold_per_floor":[111,128,204,26,45,57,91,91,147,112,137,151,151,184,184,261,261,276,295,210,210,221,221,250,300,326,23,38,38,38,51,51,126,126,144,161,161,161,161,161,178,178,178,178,205,205,217,232,232,232],"floor_reached":51,"playtime":2625,"items_purged":["Strike_R"],"score":1283,"play_id":"b35eae5f-46ce-4075-8feb-97e379223eaa","local_time":"20180828184151","is_ascension_mode":true,"campfire_choices":[{"data":"Spot Weakness","floor":8.0,"key":"SMITH"},{"data":"Demon Form","floor":13.0,"key":"SMITH"},{"floor":15.0,"key":"REST"},{"floor":23,"key":"REST"},{"data":"Disarm","floor":30,"key":"SMITH"},{"data":"True Grit","floor":32,"key":"SMITH"},{"data":"Impervious","floor":40,"key":"SMITH"},{"data":"Feel No Pain","floor":42,"key":"SMITH"},{"data":"Twin Strike","floor":44,"key":"SMITH"},{"data":"Heavy Blade","floor":49,"key":"SMITH"}],"neow_cost":"NONE","seed_source_timestamp":0,"circlet_count":0,"master_deck":["Strike_R","Strike_R","Strike_R","Strike_R","Defend_R","Defend_R+1","Defend_R","Bash+1","AscendersBane","Headbutt","Spot Weakness+1","Shrug It Off","Twin Strike+1","Pommel Strike","Iron Wave","Infernal Blade+1","Demon Form+1","Feel No Pain+1","Feed","Shrug It Off","Disarm+1","Shrug It Off+1","True Grit+1","Reaper","Body Slam","Impervious+1","Sword Boomerang","Madness","Madness","Metamorphosis","Panacea","Heavy Blade+1"],"special_seed":0,"relics":["Black Blood","Omamori","Tiny Chest","Pen Nib","Pear","Oddly Smooth Stone","Nilry\u0027s Codex","Gremlin Horn","Centennial Puzzle","Meat on the Bone","Snecko Eye","War Paint","Smiling Mask","Dream Catcher"],"potions_floor_usage":[22,28,31,33,33,50,50],"damage_taken":[{"damage":4.0,"enemies":"Small Slimes","floor":1.0,"turns":4.0},{"damage":7.0,"enemies":"2 Louse","floor":2.0,"turns":2.0},{"damage":4.0,"enemies":"Jaw Worm","floor":5.0,"turns":3.0},{"damage":3.0,"enemies":"3 Louse","floor":6.0,"turns":4.0},{"damage":19.0,"enemies":"3 Sentries","floor":7.0,"turns":7.0},{"damage":33.0,"enemies":"Lagavulin","floor":11.0,"turns":6.0},{"damage":8.0,"enemies":"Blue Slaver","floor":12.0,"turns":3.0},{"damage":25.0,"enemies":"3 Sentries","floor":14.0,"turns":4.0},{"damage":33,"enemies":"Slime Boss","floor":16,"turns":4},{"damage":37,"enemies":"Chosen","floor":18,"turns":6},{"damage":15,"enemies":"Shell Parasite","floor":19,"turns":5},{"damage":8,"enemies":"Chosen and Byrds","floor":22,"turns":7},{"damage":68,"enemies":"Book of Stabbing","floor":24,"turns":6},{"damage":23,"enemies":"Centurion and Healer","floor":28,"turns":11},{"damage":7,"enemies":"Snake Plant","floor":31,"turns":8},{"damage":42,"enemies":"Collector","floor":33,"turns":9},{"damage":19,"enemies":"3 Darklings","floor":35,"turns":5},{"damage":0,"enemies":"3 Shapes","floor":36,"turns":4},{"damage":3,"enemies":"Sphere and 2 Shapes","floor":41,"turns":6},{"damage":7,"enemies":"Nemesis","floor":45,"turns":5},{"damage":50,"enemies":"Maw","floor":47,"turns":8},{"damage":10,"enemies":"Transient","floor":48,"turns":5},{"damage":56,"enemies":"Awakened One","floor":50,"turns":11}],"seed_played":"-8813720540224482587","potions_obtained":[{"floor":5.0,"key":"EssenceOfSteel"},{"floor":6.0,"key":"SkillPotion"},{"floor":12.0,"key":"LiquidBronze"},{"floor":18,"key":"Dexterity Potion"},{"floor":24,"key":"SkillPotion"},{"floor":28,"key":"BloodPotion"},{"floor":31,"key":"PowerPotion"},{"floor":35,"key":"Dexterity Potion"},{"floor":45,"key":"Strength Potion"}],"is_trial":false,"path_per_floor":["M","M","?","$","M","M","E","R","T","?","E","M","R","E","R","B",null,"M","M","?","?","M","R","E","?","T","$","M","?","R","M","R","B",null,"M","M","?","?","T","R","M","R","T","R","E","?","M","M","R","B"],"character_chosen":"IRONCLAD","items_purchased":["Shrug It Off","Twin Strike","Meat on the Bone","True Grit"],"campfire_rested":2,"item_purchase_floors":[4,4,27,27],"current_hp_per_floor":[70,69,69,69,71,74,61,61,61,75,48,46,46,37,62,35,73,49,44,44,23,28,55,21,21,21,21,36,36,36,88,88,87,92,83,97,80,80,80,80,100,100,100,100,103,93,92,92,92,103],"gold":232,"neow_bonus":"UPGRADE_CARD","is_prod":false,"is_daily":false,"chose_seed":false,"campfire_upgraded":8,"win_rate":0,"timestamp":1535474511,"path_taken":["M","M","?","$","M","M","E","R","T","?","E","M","R","E","R","BOSS","M","M","?","?","M","R","E","?","T","$","M","?","R","?","R","BOSS","M","M","?","?","?","R","?","R","T","R","E","?","M","M","R","BOSS"],"build_version":"2018-08-23v2","purchased_purges":1,"victory":true,"max_hp_per_floor":[75,75,75,75,75,75,75,75,75,75,75,75,75,85,85,85,85,88,88,88,88,91,91,91,91,91,91,91,91,91,91,91,94,94,94,97,97,97,97,97,100,100,100,100,103,103,103,103,103,103],"card_choices":[{"not_picked":["Sword Boomerang","Pommel Strike"],"picked":"Headbutt","floor":1.0},{"not_picked":["Flex","Second Wind"],"picked":"Spot Weakness","floor":2.0},{"not_picked":["Havoc","Clash"],"picked":"Pommel Strike","floor":5.0},{"not_picked":["Second Wind","Feel No Pain"],"picked":"Iron Wave","floor":6.0},{"not_picked":["Power Through","Body Slam"],"picked":"Infernal Blade","floor":7.0},{"not_picked":["Fire Breathing","Warcry","Havoc"],"picked":"SKIP","floor":11.0},{"not_picked":["Headbutt","Pommel Strike"],"picked":"Demon Form","floor":12.0},{"not_picked":["Iron Wave","Burning Pact"],"picked":"Feel No Pain","floor":14.0},{"not_picked":["Impervious","Juggernaut"],"picked":"Feed","floor":16},{"not_picked":["Twin Strike","Feel No Pain"],"picked":"Shrug It Off","floor":18},{"not_picked":["Heavy Blade","Headbutt"],"picked":"Disarm","floor":19},{"not_picked":["Thunderclap","Blood for Blood+1"],"picked":"Shrug It Off+1","floor":22},{"not_picked":["Headbutt","Wild Strike","Reckless Charge+1"],"picked":"SKIP","floor":24},{"not_picked":["Clothesline","Disarm"],"picked":"Reaper","floor":28},{"not_picked":["Wild Strike+1","Thunderclap"],"picked":"Body Slam","floor":31},{"not_picked":["Brutality","Double Tap"],"picked":"Impervious","floor":33},{"not_picked":["Wild Strike","Body Slam","Pommel Strike+1"],"picked":"SKIP","floor":35},{"not_picked":["Thunderclap+1","Body Slam"],"picked":"Sword Boomerang","floor":36},{"not_picked":["Flex","Warcry+1","Sentinel"],"picked":"SKIP","floor":41},{"not_picked":["Evolve","Iron Wave+1","Hemokinesis+1"],"picked":"SKIP","floor":45},{"not_picked":["Panacea","Jack Of All Trades"],"picked":"Metamorphosis","floor":46},{"not_picked":["Dark Shackles","Panache"],"picked":"Panacea","floor":46},{"not_picked":["Rampage+1","Twin Strike"],"picked":"Heavy Blade","floor":47},{"not_picked":["Wild Strike","Rage","Perfected Strike"],"picked":"SKIP","floor":48}],"player_experience":1352042,"relics_obtained":[{"floor":7.0,"key":"Omamori"},{"floor":9.0,"key":"Tiny Chest"},{"floor":11.0,"key":"Pen Nib"},{"floor":14.0,"key":"Pear"},{"floor":21,"key":"Nilry\u0027s Codex"},{"floor":24,"key":"Gremlin Horn"},{"floor":26,"key":"Centennial Puzzle"},{"floor":39,"key":"War Paint"},{"floor":43,"key":"Smiling Mask"},{"floor":45,"key":"Dream Catcher"}],"event_choices":[{"event_name":"Golden Wing","player_choice":"Gained Gold","floor":3.0,"damage_taken":0.0},{"event_name":"The Cleric","player_choice":"Healed","floor":10.0,"damage_taken":0.0},{"event_name":"Addict","player_choice":"Obtained Relic","floor":20,"damage_taken":0},{"event_name":"Cursed Tome","player_choice":"Obtained Book","floor":21,"damage_taken":0},{"event_name":"Golden Shrine","player_choice":"Pray","floor":25,"damage_taken":0},{"event_name":"Ghosts","player_choice":"Ignored","floor":29,"damage_taken":0},{"event_name":"Winding Halls","player_choice":"Embrace Madness","floor":37,"damage_taken":0},{"event_name":"Falling","player_choice":"Removed Skill","floor":38,"damage_taken":0},{"event_name":"SensoryStone","player_choice":"Memory 3","floor":46,"damage_taken":0}],"is_beta":false,"boss_relics":[{"not_picked":["Runic Cube","Black Star"],"picked":"Black Blood"},{"not_picked":["Busted Crown","Orrery"],"picked":"Snecko Eye"}],"items_purged_floors":[4],"is_endless":false,"potions_floor_spawned":[5,6,12,18,24,28,31,35,45,48],"ascension_level":15}