{"gold_per_floor":[113,130,143,70,70,98,98,123,123,123,137,137,172,182,182,279,279,296,307,232,245,245,245,280,280,328,353,443,456,456,487,487,582,582,600,122,142,42,42,42,93,93,117,117,129,129,46,60,60,60],"floor_reached":51,"playtime":3522,"items_purged":["Slimebound:Strike_Slimebound","Slimebound:Defend_Slimebound"],"score":850,"play_id":"ba912957-471c-4aa6-82cb-3999ec85c49e","local_time":"20190107160827","is_ascension_mode":true,"campfire_choices":[{"floor":7.0,"key":"REST"},{"data":"Slimebound:Overexert","floor":10.0,"key":"SMITH"},{"data":"Slimebound:SplitMire","floor":12.0,"key":"SMITH"},{"data":"Slimebound:FirmFortitude","floor":15.0,"key":"SMITH"},{"data":"Slimebound:MegaLick","floor":23.0,"key":"SMITH"},{"data":"Slimebound:Recycling","floor":25.0,"key":"SMITH"},{"data":"Slimebound:WasteNot","floor":30.0,"key":"SMITH"},{"data":"Slimebound:SlimeSpikes","floor":32.0,"key":"SMITH"},{"data":"Slimebound:SuperSplit","floor":40,"key":"SMITH"},{"data":"Madness","floor":42,"key":"SMITH"},{"data":"Slimebound:SpikyOuterGoop","floor":44,"key":"SMITH"},{"data":"Slimebound:SplitLeeching","floor":46,"key":"SMITH"},{"data":"Slimebound:SplitBruiser","floor":49,"key":"SMITH"}],"neow_cost":"NONE","seed_source_timestamp":414266729912315,"circlet_count":0,"master_deck":["Slimebound:Strike_Slimebound","Slimebound:Defend_Slimebound","Slimebound:Defend_Slimebound","Slimebound:Defend_Slimebound","Slimebound:Split","Slimebound:CorrosiveSpit","Slimebound:Overexert+1","Slimebound:SplitLeeching+1","Slimebound:SplitMire+1","Slimebound:FirmFortitude+1","Slimebound:MegaLick+1","Slimebound:LivingWall","Slimebound:SpikyOuterGoop+1","Slimebound:LeadByExample","Slimebound:PressTheAttack+1","Slimebound:RejuvenatingLick","Slimebound:Recycling+1","Slimebound:DivideAndConquer+1","Slimebound:Replication+1","Slimebound:GrowthPunch+1","Slimebound:SlimeSpikes+1","Slimebound:WasteNot+1","Slimebound:LeechEnergy+1","Slimebound:SelfFormingGoo","Slimebound:SuperSplit+1","Slimebound:QuickStudy+1","Slimebound:DisruptingSlam+1","Slimebound:SplitAcid+1","Madness+1","Madness","Slimebound:MegaLick+1","Slimebound:FormABlockade+1","Slimebound:SlimeBarrage+1","Slimebound:SplitBruiser+1","Slimebound:FormABlockade+1"],"special_seed":0,"relics":["Slimebound:AbsorbEndCombat","Slimebound:SlimedTailRelic","Pear","Molten Egg 2","Dream Catcher","Slimebound:StudyCardRelic","Unceasing Top","Anchor","Question Card","Pen Nib","White Beast Statue","ClockworkSouvenir","Blood Vial","Ginger","Centennial Puzzle"],"potions_floor_usage":[41,48,50,50,50],"damage_taken":[{"damage":6.0,"enemies":"Cultist","floor":1.0,"turns":4.0},{"damage":10.0,"enemies":"Jaw Worm","floor":2.0,"turns":4.0},{"damage":16.0,"enemies":"2 Louse","floor":3.0,"turns":4.0},{"damage":47.0,"enemies":"3 Sentries","floor":6.0,"turns":8.0},{"damage":19.0,"enemies":"Lagavulin","floor":8.0,"turns":6.0},{"damage":10.0,"enemies":"Blue Slaver","floor":11.0,"turns":4.0},{"damage":40.0,"enemies":"3 Sentries","floor":13.0,"turns":10.0},{"damage":9.0,"enemies":"Large Slime","floor":14.0,"turns":5.0},{"damage":15.0,"enemies":"Hexaghost","floor":16.0,"turns":8.0},{"damage":0.0,"enemies":"Spheric Guardian","floor":18.0,"turns":4.0},{"damage":29.0,"enemies":"2 Thieves","floor":19.0,"turns":4.0},{"damage":23.0,"enemies":"Cultist and Chosen","floor":21.0,"turns":5.0},{"damage":36.0,"enemies":"Gremlin Leader","floor":24.0,"turns":6.0},{"damage":47.0,"enemies":"Slavers","floor":27.0,"turns":6.0},{"damage":26.0,"enemies":"Snake Plant","floor":29.0,"turns":4.0},{"damage":32.0,"enemies":"Gremlin Leader","floor":31.0,"turns":5.0},{"damage":42.0,"enemies":"Automaton","floor":33.0,"turns":10.0},{"damage":22,"enemies":"Orb Walker","floor":35,"turns":4},{"damage":30,"enemies":"3 Darklings","floor":37,"turns":4},{"damage":27,"enemies":"2 Orb Walkers","floor":41,"turns":4},{"damage":23,"enemies":"Jaw Worm Horde","floor":45,"turns":4},{"damage":29,"enemies":"Transient","floor":48,"turns":5},{"damage":62,"enemies":"Awakened One","floor":50,"turns":9}],"seed_played":"-6773059221589841647","potions_obtained":[{"floor":2.0,"key":"Slimebound:SlimyTonguePotion"},{"floor":3.0,"key":"SneckoOil"},{"floor":8.0,"key":"PowerPotion"},{"floor":11.0,"key":"EssenceOfSteel"},{"floor":14.0,"key":"Poison Potion"},{"floor":18.0,"key":"SkillPotion"},{"floor":24.0,"key":"Fire Potion"},{"floor":27.0,"key":"Slimebound:SlimedPotion"},{"floor":31.0,"key":"Slimebound:SlimedPotion"},{"floor":35,"key":"Slimebound:SlimyTonguePotion"},{"floor":41,"key":"EssenceOfSteel"},{"floor":45,"key":"Block Potion"},{"floor":48,"key":"Dexterity Potion"}],"is_trial":false,"path_per_floor":["M","M","M","$","?","E","R","E","T","R","M","R","E","M","R","B",null,"M","M","?","M","?","R","E","R","T","E","?","M","R","E","R","B",null,"M","$","M","$","?","R","?","R","T","R","M","R","$","M","R","B",null],"character_chosen":"SLIMEBOUND","items_purchased":["Slimebound:MegaLick","Slimebound:DisruptingSlam+1","ClockworkSouvenir","Blood Vial","Slimebound:SlimeBarrage+1","Slimebound:SplitBruiser"],"campfire_rested":1,"item_purchase_floors":[4,36,36,36,47,47],"current_hp_per_floor":[57,58,53,53,46,19,37,56,56,56,63,63,43,52,52,70,70,70,62,62,59,59,59,70,70,70,58,44,41,41,51,51,67,70,70,70,70,70,61,61,70,70,70,70,70,70,70,70,70,70],"gold":60,"neow_bonus":"ONE_RANDOM_RARE_CARD","is_prod":false,"is_daily":false,"chose_seed":false,"campfire_upgraded":12,"win_rate":0,"timestamp":1546873707,"path_taken":["M","M","M","?","?","E","R","E","T","R","M","R","E","M","R","BOSS","M","M","?","M","?","R","E","R","T","E","?","M","R","E","R","BOSS","M","?","M","$","?","R","?","R","T","R","M","R","$","M","R","BOSS"],"build_version":"2019-01-03v4","purchased_purges":2,"victory":true,"max_hp_per_floor":[60,60,60,60,60,60,60,70,70,70,70,70,70,70,70,70,70,70,70,70,70,70,70,70,70,70,70,70,70,70,70,70,70,70,70,70,70,70,70,70,70,70,70,70,70,70,70,70,70,70],"card_choices":[{"not_picked":["Slimebound:GoopTackle","Slimebound:FormABlockade"],"picked":"Slimebound:SplitLeeching","floor":1.0},{"not_picked":["Slimebound:VenomTackle","Slimebound:FirmFortitude"],"picked":"Slimebound:SplitMire","floor":2.0},{"not_picked":["Slimebound:RainOfGoop","Slimebound:FinishingTackle"],"picked":"Slimebound:FirmFortitude","floor":3.0},{"not_picked":["Slimebound:TendrilStrike","Slimebound:FormOfPuddle"],"picked":"Slimebound:LivingWall","floor":6.0},{"not_picked":["Slimebound:GoopSpray","Slimebound:Chomp"],"picked":"Slimebound:SpikyOuterGoop","floor":8.0},{"not_picked":["Slimebound:SelfFormingGoo","Slimebound:ViciousTackle+1"],"picked":"Slimebound:LeadByExample","floor":11.0},{"not_picked":["Slimebound:VenomTackle+1","Slimebound:ViciousTackle+1"],"picked":"Slimebound:PressTheAttack+1","floor":13.0},{"not_picked":["Slimebound:TendrilStrike+1","Slimebound:FormABlockade"],"picked":"Slimebound:RejuvenatingLick","floor":14.0},{"not_picked":["Slimebound:Overexert","Slimebound:MassRepurpose"],"picked":"Slimebound:Recycling","floor":16.0},{"not_picked":["Slimebound:PoisonLick","Slimebound:ProtectTheBoss+1"],"picked":"Slimebound:DivideAndConquer+1","floor":18.0},{"not_picked":["Slimebound:AcidGelatin","Slimebound:FinishingTackle+1"],"picked":"Slimebound:Replication+1","floor":19.0},{"not_picked":["Slimebound:RainOfGoop+1","Slimebound:SplitMire"],"picked":"Slimebound:GrowthPunch+1","floor":21.0},{"not_picked":["Slimebound:SlimeTap","Slimebound:PressTheAttack+1"],"picked":"Slimebound:SlimeSpikes","floor":24.0},{"not_picked":["Slimebound:VenomTackle+1","Slimebound:ProtectTheBoss"],"picked":"Slimebound:WasteNot","floor":27.0},{"not_picked":["Slimebound:Prepare","Slimebound:Gluttony","Slimebound:LeechingTouch+1"],"picked":"Slimebound:LeechEnergy+1","floor":29.0},{"not_picked":["Slimebound:LeadByExample","Slimebound:FormOfPuddle","Slimebound:PressTheAttack+1"],"picked":"Slimebound:SelfFormingGoo","floor":31.0},{"not_picked":["Slimebound:MassFeed+1","Slimebound:DouseInSlime","Slimebound:AcidTongue"],"picked":"Slimebound:SuperSplit","floor":33.0},{"not_picked":["Slimebound:LeechingTouch+1","Slimebound:SplitMire","Slimebound:GoopSpray+1"],"picked":"Slimebound:QuickStudy+1","floor":35},{"not_picked":["Slimebound:RollThrough+1","Slimebound:PressTheAttack+1","Slimebound:GoopTackle+1"],"picked":"Slimebound:SplitAcid+1","floor":37},{"not_picked":["Slimebound:SlimeSpikes","Slimebound:VenomTackle+1","Slimebound:RollThrough+1"],"picked":"Slimebound:MegaLick+1","floor":41},{"not_picked":["Slimebound:ItLooksTasty+1","Slimebound:MassFeed+1","Slimebound:SlimeBarrage+1"],"picked":"Slimebound:FormABlockade+1","floor":45},{"not_picked":["Slimebound:LivingWall","Slimebound:VenomTackle+1","Slimebound:SoulSicken+1"],"picked":"Slimebound:FormABlockade+1","floor":48}],"player_experience":28691,"relics_obtained":[{"floor":6.0,"key":"Slimebound:SlimedTailRelic"},{"floor":8.0,"key":"Pear"},{"floor":9.0,"key":"Molten Egg 2"},{"floor":13.0,"key":"Dream Catcher"},{"floor":24.0,"key":"Unceasing Top"},{"floor":26.0,"key":"Anchor"},{"floor":27.0,"key":"Question Card"},{"floor":31.0,"key":"Pen Nib"},{"floor":41,"key":"Ginger"},{"floor":43,"key":"Centennial Puzzle"}],"event_choices":[{"cards_removed":["Slimebound:Strike_Slimebound"],"damage_healed":0.0,"max_hp_gain":0.0,"max_hp_loss":0.0,"gold_gain":0.0,"event_name":"Golden Wing","player_choice":"Card Removal","floor":5.0,"gold_loss":0.0,"damage_taken":7.0},{"cards_removed":["Slimebound:Strike_Slimebound"],"damage_healed":0.0,"max_hp_gain":0.0,"max_hp_loss":0.0,"gold_gain":0.0,"event_name":"Beggar","player_choice":"Gave Gold","floor":20.0,"gold_loss":75.0,"damage_taken":0.0},{"damage_healed":0.0,"max_hp_gain":0.0,"max_hp_loss":0.0,"gold_gain":0.0,"event_name":"The Mausoleum","player_choice":"Ignored","floor":22.0,"gold_loss":0.0,"damage_taken":0.0},{"damage_healed":0.0,"max_hp_gain":0.0,"max_hp_loss":0.0,"gold_gain":90.0,"event_name":"Knowing Skull","player_choice":"GOLD ","floor":28.0,"potions_obtained":[],"gold_loss":0.0,"damage_taken":14.0,"cards_obtained":[]},{"damage_healed":0,"gold_gain":0,"player_choice":"Embrace Madness","damage_taken":9,"max_hp_gain":0,"max_hp_loss":0,"event_name":"Winding Halls","floor":39,"gold_loss":0,"cards_obtained":["Madness","Madness"]},{"damage_healed":0,"gold_gain":0,"player_choice":"Fight","damage_taken":0,"max_hp_gain":0,"max_hp_loss":0,"event_name":"Mysterious Sphere","floor":41,"gold_loss":0}],"is_beta":false,"boss_relics":[{"not_picked":["Astrolabe","Slimebound:AbsorbEndCombatUpgraded"],"picked":"Slimebound:StudyCardRelic"},{"not_picked":["Black Star","Lizard Tail"],"picked":"White Beast Statue"}],"items_purged_floors":[36,38],"is_endless":false,"potions_floor_spawned":[2,3,8,11,14,18,24,27,29,31,35,37,41,45,48],"ascension_level":3}