{"gold_per_floor":[110,110,129,149,35,35,67,78,105,70,138,153,173,173,173,173],"floor_reached":16,"playtime":561,"items_purged":[],"score":204,"play_id":"683c233c-830f-4a5a-8b75-89cd80255fd4","local_time":"20190107120014","is_ascension_mode":true,"campfire_choices":[{"data":"Bash","floor":6,"key":"SMITH"},{"floor":15,"key":"REST"}],"neow_cost":"NONE","seed_source_timestamp":9056862862454,"circlet_count":0,"master_deck":["AscendersBane","Strike_R","Strike_R","Strike_R","Strike_R","Strike_R","Defend_R","Defend_R","Defend_R","Defend_R","Bash+1","Clothesline","True Grit","Evolve","Wild Strike","Dark Embrace","Infernal Blade","Shrug It Off","Shrug It Off"],"relics":["Burning Blood","Bag of Marbles","PreservedInsect","Juzu Bracelet"],"potions_floor_usage":[7,16,16,16,16],"damage_taken":[{"damage":13,"enemies":"Jaw Worm","floor":1,"turns":7},{"damage":3,"enemies":"Cultist","floor":3,"turns":4},{"damage":14,"enemies":"2 Louse","floor":4,"turns":4},{"damage":26,"enemies":"Gremlin Nob","floor":7,"turns":4},{"damage":8,"enemies":"2 Fungi Beasts","floor":8,"turns":4},{"damage":15,"enemies":"Large Slime","floor":12,"turns":6},{"damage":31,"enemies":"Exordium Thugs","floor":13,"turns":8},{"damage":37,"enemies":"Slime Boss","floor":16,"turns":7}],"seed_played":"4658330278879690602","potions_obtained":[{"floor":0,"key":"Block Potion"},{"floor":0,"key":"Fire Potion"},{"floor":2,"key":"EntropicBrew"},{"floor":7,"key":"EssenceOfSteel"}],"is_trial":false,"path_per_floor":["M","?","M","M","$","R","E","M","T","?","?","M","M","?","R","B"],"character_chosen":"IRONCLAD","items_purchased":["Evolve","Wild Strike"],"campfire_rested":1,"item_purchase_floors":[5,5],"current_hp_per_floor":[61,61,64,56,56,56,36,34,34,52,52,43,18,13,35,0],"gold":173,"neow_bonus":"THREE_SMALL_POTIONS","is_prod":false,"is_daily":false,"chose_seed":false,"campfire_upgraded":1,"win_rate":0,"timestamp":1546858814,"path_taken":["M","?","?","M","$","R","E","M","T","?","?","M","M","?","R","BOSS"],"build_version":"2019-01-03v4","purchased_purges":0,"victory":false,"max_hp_per_floor":[75,75,75,75,75,75,75,75,75,75,75,75,75,75,75,75],"card_choices":[{"not_picked":["Twin Strike","Clash"],"picked":"Clothesline","floor":1},{"not_picked":["Metallicize","Clothesline"],"picked":"True Grit","floor":3},{"not_picked":["Body Slam","Bloodletting","Clothesline"],"picked":"SKIP","floor":4},{"not_picked":["Thunderclap","Heavy Blade"],"picked":"Dark Embrace","floor":7},{"not_picked":["Bloodletting","Clothesline"],"picked":"Infernal Blade","floor":8},{"not_picked":["Metallicize","Clothesline"],"picked":"Shrug It Off","floor":12},{"not_picked":["Heavy Blade","Entrench"],"picked":"Shrug It Off","floor":13}],"player_experience":1837459,"relics_obtained":[{"floor":7,"key":"Bag of Marbles"},{"floor":9,"key":"PreservedInsect"}],"event_choices":[{"damage_healed":0,"gold_gain":0,"player_choice":"Got Potions","damage_taken":0,"max_hp_gain":0,"max_hp_loss":0,"event_name":"Lab","floor":2,"gold_loss":0},{"damage_healed":18,"gold_gain":0,"player_choice":"Healed","damage_taken":0,"max_hp_gain":0,"max_hp_loss":0,"event_name":"The Cleric","floor":10,"gold_loss":35},{"damage_healed":0,"gold_gain":68,"player_choice":"Gained Gold","damage_taken":0,"max_hp_gain":0,"max_hp_loss":0,"event_name":"Golden Wing","floor":11,"gold_loss":0},{"damage_healed":0,"gold_gain":0,"player_choice":"Success","damage_taken":5,"relics_obtained":["Juzu Bracelet"],"max_hp_gain":0,"max_hp_loss":0,"event_name":"Scrap Ooze","floor":14,"gold_loss":0}],"is_beta":false,"boss_relics":[],"items_purged_floors":[],"is_endless":false,"potions_floor_spawned":[3,7,13],"killed_by":"Slime Boss","ascension_level":20}