{"gold_per_floor":[114,114,114,124,134,134,160,160,160,171,183,283,294,329,329,431,431,443,443,443,543,185,185,284,303,376,395,395,395,395,420,420,420],"floor_reached":33,"playtime":1694,"items_purged":[],"score":300,"play_id":"4a290412-0588-47df-a498-89afdc9c62d3","local_time":"20190204010130","is_ascension_mode":true,"campfire_choices":[{"data":"Seeing Red","floor":6,"key":"SMITH"},{"data":"Armaments","floor":8,"key":"SMITH"},{"data":"Anger","floor":15,"key":"SMITH"},{"data":"Fire Breathing","floor":23,"key":"SMITH"},{"data":"Seeing Red","floor":28,"key":"SMITH"},{"data":"Shockwave","floor":30,"key":"SMITH"},{"data":"Chrysalis","floor":32,"key":"SMITH"}],"neow_cost":"PERCENT_DAMAGE","seed_source_timestamp":37852004266627,"circlet_count":0,"master_deck":["Strike_R+1","Strike_R+1","Strike_R+1","Strike_R+1","Defend_R+1","Defend_R+1","Defend_R+1","Defend_R+1","Bash","Panacea","Chrysalis+1","Carnage","Armaments+1","Seeing Red+1","Twin Strike","Anger+1","Sword Boomerang","Dual Wield","Clothesline","Double Tap","Fire Breathing+1","Finesse","Evolve","Feel No Pain","Seeing Red+1","Shockwave+1","Sentinel+1"],"relics":["Burning Blood","Gremlin Horn","Mercury Hourglass","PreservedInsect","Coffee Dripper","WingedGreaves","Bottled Flame","Toy Ornithopter","Bottled Tornado","Letter Opener"],"potions_floor_usage":[14,25,27,33],"damage_taken":[{"damage":3,"enemies":"2 Louse","floor":1,"turns":3},{"damage":0,"enemies":"Cultist","floor":4,"turns":3},{"damage":7,"enemies":"Small Slimes","floor":5,"turns":5},{"damage":12,"enemies":"Gremlin Nob","floor":7,"turns":5},{"damage":0,"enemies":"3 Louse","floor":10,"turns":3},{"damage":0,"enemies":"2 Fungi Beasts","floor":11,"turns":2},{"damage":0,"enemies":"Exordium Wildlife","floor":13,"turns":3},{"damage":21,"enemies":"Lagavulin","floor":14,"turns":6},{"damage":42,"enemies":"Hexaghost","floor":16,"turns":10},{"damage":23,"enemies":"Chosen","floor":18,"turns":5},{"damage":19,"enemies":"Colosseum Slavers","floor":21,"turns":4},{"damage":0,"enemies":"Colosseum Nobs","floor":21,"turns":4},{"damage":0,"enemies":"Spheric Guardian","floor":25,"turns":3},{"damage":19,"enemies":"Snake Plant","floor":27,"turns":4},{"damage":40,"enemies":"Gremlin Leader","floor":31,"turns":6},{"damage":20,"enemies":"Champ","floor":33,"turns":5}],"seed_played":"-6266037272423972000","potions_obtained":[{"floor":1,"key":"Swift Potion"},{"floor":10,"key":"Strength Potion"},{"floor":14,"key":"GamblersBrew"},{"floor":21,"key":"Block Potion"}],"is_trial":false,"path_per_floor":["M","?","?","M","M","R","E","R","T","M","M","?","M","E","R","B",null,"M","?","?","?","$","R","?","M","T","M","R","?","R","E","R","B"],"character_chosen":"IRONCLAD","items_purchased":["Toy Ornithopter","Finesse","Evolve"],"campfire_rested":0,"item_purchase_floors":[22,22,22],"current_hp_per_floor":[59,59,59,65,64,64,58,58,58,64,70,70,76,61,61,25,80,63,48,48,41,41,41,41,52,52,44,44,44,44,10,10,0],"gold":420,"neow_bonus":"RANDOM_COLORLESS_2","is_prod":false,"is_daily":false,"chose_seed":false,"campfire_upgraded":7,"win_rate":0,"timestamp":1549238490,"path_taken":["M","?","?","M","M","R","E","R","T","?","?","?","?","E","R","BOSS","M","?","?","?","$","R","?","?","T","?","R","?","R","E","R","BOSS"],"build_version":"2019-01-23","purchased_purges":0,"victory":false,"max_hp_per_floor":[80,80,80,80,80,80,80,80,80,80,80,80,80,80,80,80,80,80,85,85,85,85,85,85,85,85,85,85,85,85,85,85,85],"card_choices":[{"not_picked":["Iron Wave","Cleave"],"picked":"Carnage","floor":1},{"not_picked":["Ghostly Armor","Second Wind"],"picked":"Armaments","floor":4},{"not_picked":["Cleave","Body Slam"],"picked":"Seeing Red","floor":5},{"not_picked":["Flex","Warcry"],"picked":"Twin Strike","floor":7},{"not_picked":["Armaments","Havoc"],"picked":"Anger","floor":10},{"not_picked":["Combust","Second Wind"],"picked":"Sword Boomerang","floor":11},{"not_picked":["Spot Weakness","Havoc"],"picked":"Dual Wield","floor":13},{"not_picked":["Twin Strike","Sword Boomerang"],"picked":"Clothesline","floor":14},{"not_picked":["Limit Break","Reaper"],"picked":"Double Tap","floor":16},{"not_picked":["Perfected Strike","Clothesline","Body Slam+1"],"picked":"SKIP","floor":18},{"not_picked":["Perfected Strike","Twin Strike"],"picked":"Fire Breathing","floor":21},{"not_picked":["Twin Strike+1","Dual Wield"],"picked":"Feel No Pain","floor":25},{"not_picked":["Feel No Pain+1","Intimidate"],"picked":"Seeing Red","floor":27},{"not_picked":["Havoc+1","Whirlwind"],"picked":"Sentinel+1","floor":31}],"player_experience":57314,"relics_obtained":[{"floor":7,"key":"Gremlin Horn"},{"floor":9,"key":"Mercury Hourglass"},{"floor":14,"key":"PreservedInsect"},{"floor":21,"key":"WingedGreaves"},{"floor":21,"key":"Bottled Flame"},{"floor":26,"key":"Bottled Tornado"},{"floor":31,"key":"Letter Opener"}],"event_choices":[{"damage_healed":0,"gold_gain":0,"player_choice":"Ignored","damage_taken":0,"max_hp_gain":0,"max_hp_loss":0,"event_name":"Liars Game","floor":2,"gold_loss":0},{"cards_removed":["Strike_R"],"damage_healed":0,"gold_gain":0,"player_choice":"Offered Basic","damage_taken":0,"max_hp_gain":0,"max_hp_loss":0,"event_name":"Bonfire Elementals","floor":3,"gold_loss":0},{"damage_healed":0,"gold_gain":100,"player_choice":"Pray","damage_taken":0,"max_hp_gain":0,"max_hp_loss":0,"event_name":"Golden Shrine","floor":12,"gold_loss":0},{"damage_healed":0,"gold_gain":0,"player_choice":"Shed Blood","damage_taken":20,"max_hp_gain":5,"max_hp_loss":0,"event_name":"Forgotten Altar","floor":19,"gold_loss":0},{"damage_healed":0,"gold_gain":0,"player_choice":"Simplicity","damage_taken":0,"max_hp_gain":0,"max_hp_loss":0,"event_name":"Back to Basics","floor":20,"gold_loss":0,"cards_upgraded":["Strike_R","Strike_R","Strike_R","Strike_R","Defend_R","Defend_R","Defend_R","Defend_R"]},{"damage_healed":0,"gold_gain":0,"player_choice":"Fight","damage_taken":0,"max_hp_gain":0,"max_hp_loss":0,"event_name":"Colosseum","floor":21,"gold_loss":0},{"damage_healed":0,"gold_gain":0,"player_choice":"Fought Nobs","damage_taken":0,"max_hp_gain":0,"max_hp_loss":0,"event_name":"Colosseum","floor":21,"gold_loss":0},{"damage_healed":0,"gold_gain":99,"player_choice":"Stole From Cult","damage_taken":0,"max_hp_gain":0,"max_hp_loss":0,"event_name":"Nest","floor":24,"gold_loss":0},{"damage_healed":0,"gold_gain":0,"player_choice":"Read","damage_taken":0,"max_hp_gain":0,"max_hp_loss":0,"event_name":"The Library","floor":29,"gold_loss":0,"cards_obtained":["Shockwave"]}],"is_beta":false,"boss_relics":[{"not_picked":["Black Blood","Snecko Eye"],"picked":"Coffee Dripper"}],"items_purged_floors":[],"is_endless":false,"potions_floor_spawned":[1,10,14,21],"killed_by":"Champ","ascension_level":2}