{"gold_per_floor":[19,36,56,74,74,109,109,109,109,120,140,37,37,55,55,153,153,166,166,166,150,166,166,166,166,192,192,202,54,4,14,14,14],"floor_reached":33,"playtime":2290,"items_purged":["Bite"],"score":361,"play_id":"67a0ca6a-6eea-4b22-aa18-e753c8ec5721","local_time":"20190209023139","is_ascension_mode":true,"campfire_choices":[{"floor":7.0,"key":"REST"},{"floor":13.0,"key":"REST"},{"data":"Limit Break","floor":15.0,"key":"SMITH"},{"floor":23.0,"key":"REST"},{"data":"Heavy Blade","floor":25.0,"key":"SMITH"},{"data":"True Grit","floor":27.0,"key":"SMITH"},{"floor":32,"key":"REST"}],"neow_cost":"NO_GOLD","seed_source_timestamp":195243856481880,"circlet_count":0,"master_deck":["Defend_R","Defend_R","Defend_R","Defend_R","Bash","Limit Break+1","True Grit+1","Shrug It Off","Armaments","Heavy Blade+1","Sword Boomerang","Inflame","Thunderclap","Seeing Red","Offering","Flame Barrier","Bite","Bite","Bite","Bite","Ghostly Armor","Clothesline","Writhe","Shockwave"],"special_seed":0,"relics":["Burning Blood","Singing Bowl","Mummified Hand","Shuriken","Cursed Key","Lantern"],"potions_floor_usage":[31,33],"damage_taken":[{"damage":1.0,"enemies":"Cultist","floor":1.0,"turns":3.0},{"damage":5.0,"enemies":"Jaw Worm","floor":2.0,"turns":7.0},{"damage":9.0,"enemies":"Small Slimes","floor":3.0,"turns":7.0},{"damage":4.0,"enemies":"3 Louse","floor":4.0,"turns":7.0},{"damage":70.0,"enemies":"3 Sentries","floor":6.0,"turns":19.0},{"damage":24.0,"enemies":"Lots of Slimes","floor":10.0,"turns":6.0},{"damage":15.0,"enemies":"Exordium Wildlife","floor":11.0,"turns":5.0},{"damage":11.0,"enemies":"Red Slaver","floor":14.0,"turns":4.0},{"damage":40.0,"enemies":"Slime Boss","floor":16.0,"turns":8.0},{"damage":29.0,"enemies":"3 Byrds","floor":18.0,"turns":5.0},{"damage":23.0,"enemies":"2 Thieves","floor":21.0,"turns":4.0},{"damage":30.0,"enemies":"Shelled Parasite and Fungi","floor":22.0,"turns":7.0},{"damage":19.0,"enemies":"Snake Plant","floor":28.0,"turns":3.0},{"damage":33,"enemies":"Cultist and Chosen","floor":31,"turns":8},{"damage":62,"enemies":"Automaton","floor":33,"turns":6}],"seed_played":"6056253521717713049","potions_obtained":[{"floor":2.0,"key":"FearPotion"},{"floor":6.0,"key":"SteroidPotion"},{"floor":11.0,"key":"FearPotion"},{"floor":14.0,"key":"Explosive Potion"},{"floor":22.0,"key":"GamblersBrew"},{"floor":31,"key":"EssenceOfSteel"}],"is_trial":false,"path_per_floor":["M","M","M","M","T","E","R","?","T","M","M","$","R","M","R","B",null,"M","?","?","M","M","R","?","R","T","R","M","$","?","M","R","B"],"character_chosen":"IRONCLAD","items_purchased":["Inflame","Thunderclap","Shockwave"],"campfire_rested":4,"item_purchase_floors":[12,12,29],"current_hp_per_floor":[77,78,75,77,77,15,39,59,59,41,34,34,59,54,54,20,68,45,45,45,40,28,46,46,46,46,46,39,39,39,25,43,0],"gold":14,"neow_bonus":"THREE_RARE_CARDS","is_prod":false,"is_daily":false,"chose_seed":false,"campfire_upgraded":3,"win_rate":0,"timestamp":1549697499,"path_taken":["M","M","M","M","?","E","R","?","T","M","M","$","R","M","R","BOSS","M","?","?","M","M","R","?","R","T","R","?","$","?","M","R","BOSS"],"build_version":"2019-01-23","purchased_purges":1,"victory":false,"max_hp_per_floor":[80,80,80,80,80,82,82,82,82,82,84,84,84,84,84,84,84,84,58,58,60,60,60,57,57,57,57,59,59,59,61,61,61],"card_choices":[{"not_picked":["Brutality","Feed"],"picked":"Limit Break","floor":0.0},{"not_picked":["Blood for Blood","Perfected Strike"],"picked":"True Grit","floor":1.0},{"not_picked":["Perfected Strike","Pummel"],"picked":"Shrug It Off","floor":2.0},{"not_picked":["Flame Barrier","Shrug It Off"],"picked":"Armaments","floor":3.0},{"not_picked":["Perfected Strike","Sword Boomerang"],"picked":"Heavy Blade","floor":4.0},{"not_picked":["Whirlwind","Feel No Pain","Juggernaut"],"picked":"Singing Bowl","floor":6.0},{"not_picked":["Warcry","Body Slam"],"picked":"Sword Boomerang","floor":10.0},{"not_picked":["Sword Boomerang","Intimidate","Headbutt"],"picked":"Singing Bowl","floor":11.0},{"not_picked":["Cleave","Feel No Pain"],"picked":"Seeing Red","floor":14.0},{"not_picked":["Brutality","Exhume"],"picked":"Offering","floor":16.0},{"not_picked":["Feel No Pain","Blood for Blood"],"picked":"Flame Barrier","floor":18.0},{"not_picked":["Headbutt+1","Infernal Blade","Searing Blow"],"picked":"Singing Bowl","floor":21.0},{"not_picked":["Wild Strike","Sword Boomerang"],"picked":"Clothesline","floor":22.0},{"not_picked":["Body Slam","True Grit+1","Perfected Strike"],"picked":"Singing Bowl","floor":28.0},{"not_picked":["Rupture","Heavy Blade","Headbutt+1"],"picked":"Singing Bowl","floor":31}],"player_experience":405185,"relics_obtained":[{"floor":5.0,"key":"Singing Bowl"},{"floor":6.0,"key":"Mummified Hand"},{"floor":9.0,"key":"Shuriken"},{"floor":26.0,"key":"Lantern"}],"event_choices":[{"damage_healed":20.0,"max_hp_gain":0.0,"max_hp_loss":0.0,"gold_gain":0.0,"event_name":"Mushrooms","player_choice":"Healed and dodged fight","floor":8.0,"gold_loss":0.0,"damage_taken":0.0,"cards_obtained":["Parasite"]},{"damage_healed":0.0,"max_hp_gain":0.0,"max_hp_loss":26.0,"gold_gain":0.0,"event_name":"Vampires","player_choice":"Became a vampire","floor":19.0,"gold_loss":0.0,"damage_taken":0.0,"cards_obtained":["Bite","Bite","Bite","Bite","Bite"]},{"damage_healed":0.0,"max_hp_gain":0.0,"max_hp_loss":0.0,"gold_gain":0.0,"event_name":"The Library","player_choice":"Read","floor":20.0,"gold_loss":0.0,"damage_taken":0.0,"cards_obtained":["Ghostly Armor"]},{"cards_removed":["Parasite"],"damage_healed":0.0,"max_hp_gain":0.0,"max_hp_loss":0.0,"gold_gain":0.0,"event_name":"Purifier","player_choice":"Purged","floor":24.0,"gold_loss":0.0,"damage_taken":0.0},{"damage_healed":0.0,"max_hp_gain":0.0,"max_hp_loss":0.0,"gold_gain":0.0,"event_name":"The Joust","player_choice":"Bet on Murderer","floor":30.0,"gold_loss":50.0,"damage_taken":0.0}],"is_beta":false,"boss_relics":[{"not_picked":["Astrolabe","Tiny House"],"picked":"Cursed Key"}],"items_purged_floors":[29],"is_endless":false,"potions_floor_spawned":[2,6,11,14,22,31],"killed_by":"Automaton","ascension_level":7}