{"gold_per_floor":[117,87,101,121,138,138,155,172,172,21,0,0,11,27,27,104,104,124,140,140,140],"floor_reached":21,"playtime":934,"items_purged":["Strike_G"],"score":341,"play_id":"11e2a06e-6f1b-46c1-bb72-d42fcd560528","local_time":"20190613142424","is_ascension_mode":true,"campfire_choices":[{"data":"Footwork","floor":6.0,"key":"SMITH"},{"floor":15.0,"key":"REST"}],"neow_cost":"NONE","seed_source_timestamp":0,"circlet_count":0,"master_deck":["AscendersBane","Strike_G","Strike_G","Strike_G","Strike_G","Defend_G","Defend_G","Defend_G","Defend_G","Defend_G","Survivor","Neutralize","Footwork+1","Caltrops","Leg Sweep","Dodge and Roll","Wraith Form v2","Footwork","Dagger Spray","Slice","Envenom","Burst","Predator","Backflip","Dodge and Roll","Slice","Writhe"],"special_seed":0,"relics":["Ring of the Snake","Shuriken","Orrery","Molten Egg 2"],"potions_floor_usage":[19],"damage_taken":[{"damage":8.0,"enemies":"Small Slimes","floor":1.0,"turns":5.0},{"damage":9.0,"enemies":"Cultist","floor":3.0,"turns":5.0},{"damage":1.0,"enemies":"2 Louse","floor":4.0,"turns":4.0},{"damage":5.0,"enemies":"2 Fungi Beasts","floor":5.0,"turns":6.0},{"damage":6.0,"enemies":"3 Louse","floor":7.0,"turns":6.0},{"damage":25.0,"enemies":"Exordium Wildlife","floor":8.0,"turns":11.0},{"damage":0.0,"enemies":"Looter","floor":11.0,"turns":4.0},{"damage":1.0,"enemies":"Red Slaver","floor":13.0,"turns":7.0},{"damage":12.0,"enemies":"2 Fungi Beasts","floor":14.0,"turns":6.0},{"damage":23.0,"enemies":"The Guardian","floor":16.0,"turns":22.0},{"damage":9,"enemies":"Chosen","floor":18,"turns":7},{"damage":27,"enemies":"Spheric Guardian","floor":19,"turns":12},{"damage":24,"enemies":"Snake Plant","floor":21,"turns":1}],"seed_played":"-529336452947729241","potions_obtained":[{"floor":2.0,"key":"Regen Potion"},{"floor":2.0,"key":"Ancient Potion"},{"floor":13.0,"key":"Energy Potion"},{"floor":14.0,"key":"Regen Potion"},{"floor":16.0,"key":"LiquidBronze"}],"is_trial":false,"path_per_floor":["M","?","M","M","M","R","M","M","T","$","M","?","M","M","R","B",null,"M","M","?","M"],"character_chosen":"THE_SILENT","items_purchased":["Wraith Form v2"],"campfire_rested":1,"item_purchase_floors":[10],"current_hp_per_floor":[57,57,48,47,42,42,36,11,11,11,11,11,10,12,33,25,60,51,24,24,0],"gold":140,"neow_bonus":"TEN_PERCENT_HP_BONUS","is_prod":false,"is_daily":false,"chose_seed":false,"campfire_upgraded":1,"win_rate":0,"timestamp":1560428664,"path_taken":["M","?","?","M","?","R","M","?","T","?","M","?","M","M","R","BOSS","M","M","?","M"],"build_version":"2019-06-12","purchased_purges":1,"victory":false,"max_hp_per_floor":[72,72,72,72,72,72,72,72,72,72,72,72,72,72,72,72,72,72,72,72,72],"card_choices":[{"not_picked":["Sucker Punch","Cloak And Dagger"],"picked":"Footwork","floor":1.0},{"not_picked":["Outmaneuver","Acrobatics","Underhanded Strike"],"picked":"SKIP","floor":3.0},{"not_picked":["Bane","PiercingWail"],"picked":"Caltrops","floor":4.0},{"not_picked":["Bane","Outmaneuver","Blur"],"picked":"SKIP","floor":5.0},{"not_picked":["Dagger Spray","Deadly Poison"],"picked":"Leg Sweep","floor":7.0},{"not_picked":["Blade Dance","Grand Finale"],"picked":"Dodge and Roll","floor":8.0},{"not_picked":["Deadly Poison","Cloak And Dagger"],"picked":"Footwork","floor":11.0},{"not_picked":["Underhanded Strike","PiercingWail"],"picked":"Dagger Spray","floor":13.0},{"not_picked":["Setup","Tactician"],"picked":"Slice","floor":14.0},{"not_picked":["Doppelganger","Grand Finale"],"picked":"Envenom","floor":16.0},{"not_picked":["Deadly Poison","Backflip"],"picked":"Burst","floor":17.0},{"not_picked":["Bane","Acrobatics"],"picked":"Predator","floor":17.0},{"not_picked":["Dagger Throw","Riddle With Holes"],"picked":"Backflip","floor":17.0},{"not_picked":["Outmaneuver","Predator"],"picked":"Dodge and Roll","floor":18},{"not_picked":["Calculated Gamble","Flying Knee"],"picked":"Slice","floor":19}],"player_experience":820184,"relics_obtained":[{"floor":9.0,"key":"Shuriken"}],"event_choices":[{"damage_healed":0.0,"max_hp_gain":0.0,"max_hp_loss":0.0,"gold_gain":0.0,"event_name":"The Woman in Blue","player_choice":"Bought 2 Potions","floor":2.0,"gold_loss":0.0,"damage_taken":0.0},{"damage_healed":0.0,"max_hp_gain":0.0,"max_hp_loss":0.0,"gold_gain":0.0,"event_name":"Shining Light","player_choice":"Ignored","floor":12.0,"gold_loss":0.0,"damage_taken":0.0},{"damage_healed":0,"gold_gain":0,"player_choice":"Opened","damage_taken":0,"relics_obtained":["Molten Egg 2"],"max_hp_gain":0,"max_hp_loss":0,"event_name":"The Mausoleum","floor":20,"gold_loss":0,"cards_obtained":["Writhe"]}],"is_beta":true,"boss_relics":[{"not_picked":["Busted Crown","Lizard Tail"],"picked":"Orrery"}],"items_purged_floors":[10],"is_endless":false,"potions_floor_spawned":[5,13,14,16,18],"killed_by":"Snake Plant","ascension_level":19}