{"gold_per_floor":[114,131,143,28,43,77,77,93,93,107,134,134,163,174,174,279,279,292,292,292,292,307,332,349,382,456,481,481,60,60,71,71,174,174,191,204,223,223,243,276,376,376,376,28,44,61,74,74,74,74],"floor_reached":50,"playtime":3357,"items_purged":["Parasite"],"score":802,"play_id":"6c555c76-8a73-4c70-8ca2-f8c2057e8b43","local_time":"20190505192853","is_ascension_mode":true,"campfire_choices":[{"floor":7,"key":"REST"},{"floor":12,"key":"REST"},{"floor":15,"key":"REST"},{"floor":28,"key":"REST"},{"floor":32,"key":"REST"},{"floor":49,"key":"REST"}],"neow_cost":"PERCENT_DAMAGE","seed_source_timestamp":1999500393879536,"circlet_count":0,"master_deck":["Defend_G","Defend_G","Defend_G","Strike_G","Strike_G+1","Strike_G","Strike_G","Strike_G","Survivor","Neutralize","Corpse Explosion","Blur","Underhanded Strike","Backstab","Bane","Flying Knee","Deep Breath","Corpse Explosion","Dagger Spray","Acrobatics","Cloak And Dagger","Underhanded Strike","Prepared","Underhanded Strike","Adrenaline","Masterful Stab","Quick Slash","PiercingWail+1","Backflip+1","Backstab","Dagger Spray","Accuracy","Panache","Finesse","Prepared","Corpse Explosion","Prepared","Backstab","Well Laid Plans+1","Die Die Die","Underhanded Strike+1","Expertise+1","Flying Knee+1","Crippling Poison+1","Finisher+1","PiercingWail+1","Cloak And Dagger+1","Accuracy","Dodge and Roll+1","Dagger Spray+1","Wraith Form v2","Quick Slash+1","Flying Knee"],"relics":["Ring of the Snake","Ginger","Pantograph","Dodecahedron","Ninja Scroll","Fusion Hammer","Kunai","Happy Flower","Lantern","Regal Pillow","Shuriken","Juzu Bracelet","Sozu","Whetstone","Dead Branch","Nunchaku","Toxic Egg 2","Dream Catcher"],"potions_floor_usage":[6,10,11,25,33,40],"damage_taken":[{"damage":0,"enemies":"Cultist","floor":1,"turns":5},{"damage":9,"enemies":"2 Louse","floor":2,"turns":2},{"damage":0,"enemies":"Small Slimes","floor":3,"turns":3},{"damage":0,"enemies":"Blue Slaver","floor":5,"turns":4},{"damage":5,"enemies":"3 Sentries","floor":6,"turns":2},{"damage":13,"enemies":"Large Slime","floor":8,"turns":6},{"damage":0,"enemies":"Exordium Thugs","floor":10,"turns":3},{"damage":43,"enemies":"Lagavulin","floor":11,"turns":8},{"damage":2,"enemies":"3 Sentries","floor":13,"turns":2},{"damage":3,"enemies":"Blue Slaver","floor":14,"turns":2},{"damage":57,"enemies":"The Guardian","floor":16,"turns":10},{"damage":0,"enemies":"2 Thieves","floor":18,"turns":1},{"damage":0,"enemies":"Shell Parasite","floor":22,"turns":3},{"damage":6,"enemies":"Slavers","floor":23,"turns":2},{"damage":6,"enemies":"Chosen and Byrds","floor":24,"turns":3},{"damage":5,"enemies":"Gremlin Leader","floor":25,"turns":5},{"damage":11,"enemies":"Slavers","floor":27,"turns":2},{"damage":0,"enemies":"Snake Plant","floor":31,"turns":2},{"damage":63,"enemies":"Champ","floor":33,"turns":8},{"damage":0,"enemies":"Orb Walker","floor":35,"turns":1},{"damage":0,"enemies":"3 Shapes","floor":36,"turns":6},{"damage":49,"enemies":"Writhing Mass","floor":37,"turns":5},{"damage":22,"enemies":"Maw","floor":39,"turns":5},{"damage":42,"enemies":"Nemesis","floor":40,"turns":5},{"damage":5,"enemies":"Mind Bloom Boss Battle","floor":41,"turns":4},{"damage":0,"enemies":"Transient","floor":45,"turns":5},{"damage":0,"enemies":"Jaw Worm Horde","floor":46,"turns":1},{"damage":0,"enemies":"3 Darklings","floor":47,"turns":1},{"damage":69,"enemies":"Time Eater","floor":50,"turns":3}],"seed_played":"-6444033814474324480","potions_obtained":[{"floor":5,"key":"Fruit Juice"},{"floor":6,"key":"GhostInAJar"},{"floor":8,"key":"Block Potion"},{"floor":13,"key":"Ancient Potion"},{"floor":16,"key":"SpeedPotion"},{"floor":18,"key":"Strength Potion"},{"floor":25,"key":"Ancient Potion"},{"floor":31,"key":"GhostInAJar"}],"is_trial":false,"path_per_floor":["M","M","M","$","M","E","R","M","T","M","E","R","E","M","R","B",null,"M","T","?","?","M","E","M","E","T","E","R","$","?","M","R","B",null,"M","M","M","?","M","E","?","?","T","$","M","M","M","?","R","B"],"character_chosen":"THE_SILENT","items_purchased":["Flying Knee","Deep Breath","Accuracy","Panache","Finesse","Prepared","Dream Catcher","Cloak And Dagger+1","Accuracy","Dodge and Roll+1"],"campfire_rested":6,"item_purchase_floors":[4,4,29,29,29,29,44,44,44,44],"current_hp_per_floor":[49,40,40,40,40,40,62,49,49,49,6,28,26,23,45,13,75,75,75,75,75,75,69,63,58,58,47,75,75,75,75,75,12,75,75,75,26,66,44,2,22,22,22,22,22,22,22,22,55,0],"gold":74,"neow_bonus":"TRANSFORM_TWO_CARDS","is_prod":false,"is_daily":false,"chose_seed":false,"campfire_upgraded":0,"win_rate":0,"timestamp":1557106133,"path_taken":["M","M","M","$","M","E","R","M","T","M","E","R","E","?","R","BOSS","M","?","?","?","M","E","M","E","T","E","R","?","?","M","R","BOSS","M","M","M","?","M","E","?","?","T","$","M","M","M","?","R","BOSS"],"build_version":"2019-01-23","purchased_purges":1,"victory":false,"max_hp_per_floor":[70,70,70,70,70,75,75,75,75,75,75,75,75,75,75,75,75,75,75,75,75,75,75,75,75,75,75,75,75,75,75,75,75,75,75,75,75,66,66,66,66,66,66,63,63,63,63,63,63,63],"card_choices":[{"not_picked":["Sucker Punch","Flying Knee"],"picked":"Underhanded Strike","floor":1},{"not_picked":["Distraction","Acrobatics"],"picked":"Backstab","floor":2},{"not_picked":["Deflect","Backflip"],"picked":"Bane","floor":3},{"not_picked":["Dodge and Roll","Masterful Stab"],"picked":"Corpse Explosion","floor":5},{"not_picked":["Distraction","Flying Knee"],"picked":"Dagger Spray","floor":6},{"not_picked":["Finisher","Dagger Throw"],"picked":"Acrobatics","floor":8},{"not_picked":["Dagger Spray","Blur"],"picked":"Cloak And Dagger","floor":10},{"not_picked":["Dodge and Roll","Sucker Punch"],"picked":"Underhanded Strike","floor":11},{"not_picked":["Dagger Spray","Grand Finale"],"picked":"Prepared","floor":13},{"not_picked":["Blade Dance","Quick Slash"],"picked":"Underhanded Strike","floor":14},{"not_picked":["Unload","Malaise"],"picked":"Adrenaline","floor":16},{"not_picked":["Skewer","Reflex"],"picked":"Masterful Stab","floor":18},{"not_picked":["Poisoned Stab","Reflex"],"picked":"Quick Slash","floor":22},{"not_picked":["Noxious Fumes","Dagger Spray"],"picked":"PiercingWail+1","floor":23},{"not_picked":["Prepared","Blade Dance"],"picked":"Backflip+1","floor":24},{"not_picked":["Footwork","PiercingWail"],"picked":"Backstab","floor":25},{"not_picked":["Slice","Bullet Time"],"picked":"Dagger Spray","floor":27},{"not_picked":["Acrobatics","Dodge and Roll"],"picked":"Well Laid Plans+1","floor":31},{"not_picked":["Venomology","Burst"],"picked":"Die Die Die","floor":33},{"not_picked":["Terror+1","Escape Plan"],"picked":"Underhanded Strike","floor":35},{"not_picked":["Cloak And Dagger+1","Underhanded Strike"],"picked":"Expertise+1","floor":36},{"not_picked":["Deflect+1","Escape Plan+1"],"picked":"Flying Knee+1","floor":37},{"not_picked":["Dodge and Roll","Prepared"],"picked":"Crippling Poison+1","floor":39},{"not_picked":["Infinite Blades","Calculated Gamble+1"],"picked":"Finisher+1","floor":40},{"not_picked":["Endless Agony","Sucker Punch+1"],"picked":"PiercingWail+1","floor":41},{"not_picked":["Riddle With Holes","Caltrops"],"picked":"Dagger Spray+1","floor":45},{"not_picked":["Dodge and Roll+1","Sucker Punch"],"picked":"Wraith Form v2","floor":46},{"not_picked":["Predator","PiercingWail+1"],"picked":"Quick Slash+1","floor":47},{"not_picked":["Flechettes","Sucker Punch"],"picked":"Flying Knee","floor":49}],"player_experience":162924,"relics_obtained":[{"floor":6,"key":"Ginger"},{"floor":9,"key":"Pantograph"},{"floor":11,"key":"Dodecahedron"},{"floor":13,"key":"Ninja Scroll"},{"floor":19,"key":"Kunai"},{"floor":23,"key":"Lantern"},{"floor":25,"key":"Regal Pillow"},{"floor":26,"key":"Shuriken"},{"floor":27,"key":"Juzu Bracelet"},{"floor":40,"key":"Whetstone"},{"floor":41,"key":"Dead Branch"},{"floor":43,"key":"Toxic Egg 2"}],"event_choices":[{"damage_healed":0,"gold_gain":0,"player_choice":"Opened","damage_taken":0,"relics_obtained":["Happy Flower"],"max_hp_gain":0,"max_hp_loss":0,"event_name":"The Mausoleum","floor":20,"gold_loss":0},{"damage_healed":0,"gold_gain":0,"player_choice":"Ignored","damage_taken":0,"max_hp_gain":0,"max_hp_loss":0,"event_name":"Beggar","floor":21,"gold_loss":0},{"damage_healed":0,"gold_gain":0,"player_choice":"3 cards matched","damage_taken":0,"max_hp_gain":0,"max_hp_loss":0,"event_name":"Match and Keep!","floor":30,"gold_loss":0,"cards_obtained":["Corpse Explosion","Prepared","Backstab"]},{"damage_healed":66,"gold_gain":0,"player_choice":"Heal","damage_taken":0,"max_hp_gain":0,"max_hp_loss":9,"event_name":"The Moai Head","floor":38,"gold_loss":0},{"damage_healed":0,"gold_gain":0,"player_choice":"Fight","damage_taken":0,"max_hp_gain":0,"max_hp_loss":0,"event_name":"MindBloom","floor":41,"gold_loss":0},{"damage_healed":0,"gold_gain":0,"player_choice":"Gave Potion","damage_taken":0,"relics_obtained":["Nunchaku"],"max_hp_gain":0,"max_hp_loss":0,"event_name":"WeMeetAgain","floor":42,"gold_loss":0},{"damage_healed":0,"gold_gain":0,"player_choice":"Ignored","damage_taken":0,"max_hp_gain":0,"max_hp_loss":0,"event_name":"Golden Shrine","floor":48,"gold_loss":0}],"is_beta":false,"boss_relics":[{"not_picked":["Astrolabe","Snecko Eye"],"picked":"Fusion Hammer"},{"not_picked":["Empty Cage","Tiny House"],"picked":"Sozu"}],"items_purged_floors":[44],"is_endless":false,"potions_floor_spawned":[5,6,8,13,16,18,24,25,31,35,36,41],"killed_by":"Time Eater","ascension_level":4}