{"gold_per_floor":[119,69,69,69,69,69,89,89,116,134,59,89,89,144,156,266,278,300,328,340,368,280,313,330,330,378,378,280,297,315,315,315,415,415,431,431,447,447,195,220,220,0,0,17,17],"floor_reached":45,"playtime":3470,"items_purged":["Defend_B","Strike_B","Shame"],"score":459,"play_id":"d2bda65e-a920-4baf-8946-ebe4b8700b5c","local_time":"20190618224143","is_ascension_mode":false,"campfire_choices":[{"floor":6.0,"key":"REST"},{"floor":8.0,"key":"RECALL"},{"floor":13.0,"key":"REST"},{"data":"Capacitor","floor":15.0,"key":"SMITH"},{"floor":25.0,"key":"REST"},{"floor":32.0,"key":"REST"},{"floor":41,"key":"REST"}],"neow_cost":"PERCENT_DAMAGE","seed_source_timestamp":0,"circlet_count":0,"master_deck":["Strike_B","Defend_B","Zap","Dualcast","Buffer","Gash","Streamline","Streamline","Conserve Battery","Go for the Eyes","Capacitor+1","Rainbow","Ball Lightning","Cold Snap","Defragment+1","Gash","Glacier+1","Steam+1","Echo Form","Ball Lightning+1","Barrage","Madness","Madness","Pain","Steam+1"],"special_seed":0,"relics":["Cracked Core","Oddly Smooth Stone","Shuriken","MawBank","Cursed Key","Enchiridion","Pen Nib","Strawberry","Philosopher\u0027s Stone","Juzu Bracelet","Red Mask","Toxic Egg 2"],"potions_floor_usage":[40,40,45],"damage_taken":[{"damage":10.0,"enemies":"Small Slimes","floor":1.0,"turns":3.0},{"damage":0.0,"enemies":"2 Louse","floor":7.0,"turns":3.0},{"damage":0.0,"enemies":"Cultist","floor":10.0,"turns":3.0},{"damage":10.0,"enemies":"Lagavulin","floor":12.0,"turns":6.0},{"damage":4.0,"enemies":"Gremlin Nob","floor":14.0,"turns":3.0},{"damage":42.0,"enemies":"The Guardian","floor":16.0,"turns":8.0},{"damage":0.0,"enemies":"Spheric Guardian","floor":18.0,"turns":3.0},{"damage":5.0,"enemies":"Chosen","floor":19.0,"turns":4.0},{"damage":6.0,"enemies":"Centurion and Healer","floor":21.0,"turns":5.0},{"damage":39.0,"enemies":"Book of Stabbing","floor":23.0,"turns":4.0},{"damage":24.0,"enemies":"Chosen and Byrds","floor":24.0,"turns":5.0},{"damage":16.0,"enemies":"Colosseum Slavers","floor":27.0,"turns":4.0},{"damage":0.0,"enemies":"Snecko","floor":29.0,"turns":3.0},{"damage":0.0,"enemies":"Centurion and Healer","floor":30.0,"turns":5.0},{"damage":28.0,"enemies":"Collector","floor":33.0,"turns":9.0},{"damage":1,"enemies":"3 Darklings","floor":35,"turns":6},{"damage":0,"enemies":"Orb Walker","floor":37,"turns":4},{"damage":73,"enemies":"Reptomancer","floor":40,"turns":6},{"damage":21,"enemies":"Spire Growth","floor":44,"turns":4},{"damage":23,"enemies":"Sphere and 2 Shapes","floor":45,"turns":3}],"seed_played":"2635792677353948082","potions_obtained":[{"floor":7.0,"key":"Fire Potion"},{"floor":10.0,"key":"Strength Potion"},{"floor":14.0,"key":"Ancient Potion"},{"floor":19.0,"key":"FairyPotion"},{"floor":21.0,"key":"LiquidBronze"},{"floor":29.0,"key":"Strength Potion"},{"floor":30.0,"key":"SneckoOil"},{"floor":40,"key":"SteroidPotion"}],"is_trial":false,"path_per_floor":["M","?","?","?","$","R","M","R","T","M","$","E","R","?","R","B",null,"M","M","?","M","$","E","M","R","T","?","?","M","M","?","R","B",null,"M","?","M","?","$","E","R","?","T","M","M"],"character_chosen":"DEFECT","items_purchased":["Regen Potion","Energy Potion"],"campfire_rested":5,"item_purchase_floors":[39,39],"current_hp_per_floor":[44,44,49,49,49,73,73,73,73,73,73,63,80,76,76,34,80,80,75,59,53,53,14,4,28,28,12,19,19,19,48,74,46,87,86,86,86,75,75,16,42,42,42,21,0],"gold":17,"neow_bonus":"TRANSFORM_TWO_CARDS","is_prod":false,"is_daily":false,"chose_seed":false,"campfire_upgraded":1,"win_rate":0,"timestamp":1560912103,"path_taken":["M","?","?","?","$","R","M","R","T","M","$","E","R","?","R","BOSS","M","M","?","M","$","E","M","R","T","?","?","M","?","?","R","BOSS","M","?","M","?","$","E","R","?","T","M","M"],"build_version":"2019-01-23","purchased_purges":3,"victory":false,"max_hp_per_floor":[75,75,80,80,80,80,80,80,80,80,80,80,80,80,80,80,80,80,80,80,80,80,80,80,80,80,80,87,87,87,87,87,87,87,87,87,87,87,87,87,87,87,87,87,87],"card_choices":[{"not_picked":["Storm","Go for the Eyes"],"picked":"Streamline","floor":1.0},{"not_picked":["Chill","Aggregate"],"picked":"Streamline","floor":7.0},{"not_picked":["Stack","Seek"],"picked":"Conserve Battery","floor":10.0},{"not_picked":["Darkness","Sunder"],"picked":"Go for the Eyes","floor":12.0},{"not_picked":["White Noise","Turbo"],"picked":"Capacitor","floor":14.0},{"not_picked":["Buffer","Creative AI"],"picked":"Rainbow","floor":16.0},{"not_picked":["Compile Driver","Glacier+1"],"picked":"Ball Lightning","floor":18.0},{"not_picked":["Reprogram","Streamline+1"],"picked":"Cold Snap","floor":19.0},{"not_picked":["Go for the Eyes+1","Cold Snap"],"picked":"Defragment+1","floor":21.0},{"not_picked":["Stack","Compile Driver","All For One"],"picked":"SKIP","floor":23.0},{"not_picked":["Coolheaded","Stack"],"picked":"Gash","floor":24.0},{"not_picked":["Sunder","Redo"],"picked":"Glacier+1","floor":29.0},{"not_picked":["Rebound","Auto Shields"],"picked":"Steam+1","floor":30.0},{"not_picked":["Core Surge","Biased Cognition"],"picked":"Echo Form","floor":33.0},{"not_picked":["Hologram","Go for the Eyes"],"picked":"Ball Lightning+1","floor":35},{"not_picked":["Steam","Hologram"],"picked":"Barrage","floor":37},{"not_picked":["Auto Shields","Cold Snap+1","Coolheaded"],"picked":"SKIP","floor":40},{"not_picked":["Sweeping Beam","Cold Snap"],"picked":"Steam+1","floor":44}],"player_experience":89065,"relics_obtained":[{"floor":9.0,"key":"Oddly Smooth Stone"},{"floor":12.0,"key":"Shuriken"},{"floor":14.0,"key":"MawBank"},{"floor":20.0,"key":"Enchiridion"},{"floor":23.0,"key":"Pen Nib"},{"floor":40,"key":"Juzu Bracelet"},{"floor":43,"key":"Toxic Egg 2"}],"event_choices":[{"cards_removed":["Strike_B"],"damage_healed":0.0,"max_hp_gain":0.0,"max_hp_loss":0.0,"gold_gain":0.0,"event_name":"The Cleric","player_choice":"Card Removal","floor":2.0,"gold_loss":50.0,"damage_taken":0.0},{"damage_healed":0.0,"max_hp_gain":5.0,"max_hp_loss":0.0,"gold_gain":0.0,"event_name":"Big Fish","player_choice":"Donut","floor":3.0,"gold_loss":0.0,"damage_taken":0.0},{"cards_removed":["Defend_B"],"damage_healed":0.0,"max_hp_gain":0.0,"max_hp_loss":0.0,"gold_gain":0.0,"event_name":"Living Wall","player_choice":"Forget","floor":4.0,"gold_loss":0.0,"damage_taken":0.0},{"damage_healed":0.0,"max_hp_gain":0.0,"max_hp_loss":0.0,"gold_gain":0.0,"event_name":"Dead Adventurer","player_choice":"Searched \u00271\u0027 times","floor":14.0,"gold_loss":0.0,"damage_taken":0.0},{"damage_healed":0.0,"max_hp_gain":0.0,"max_hp_loss":0.0,"gold_gain":0.0,"event_name":"Cursed Tome","player_choice":"Obtained Book","floor":20.0,"gold_loss":0.0,"damage_taken":16.0},{"damage_healed":0.0,"max_hp_gain":0.0,"max_hp_loss":0.0,"gold_gain":0.0,"event_name":"Colosseum","player_choice":"Fight","floor":27.0,"gold_loss":0.0,"damage_taken":0.0},{"damage_healed":0.0,"max_hp_gain":0.0,"max_hp_loss":0.0,"gold_gain":0.0,"event_name":"Colosseum","player_choice":"Fled From Nobs","floor":27.0,"gold_loss":0.0,"damage_taken":0.0},{"damage_healed":0.0,"max_hp_gain":0.0,"max_hp_loss":0.0,"gold_gain":0.0,"event_name":"WeMeetAgain","player_choice":"Paid Gold","floor":28.0,"gold_loss":98.0,"damage_taken":0.0,"relics_obtained":["Strawberry"]},{"damage_healed":29.0,"max_hp_gain":0.0,"max_hp_loss":0.0,"gold_gain":0.0,"event_name":"The Library","player_choice":"Heal","floor":31.0,"gold_loss":0.0,"damage_taken":0.0},{"damage_healed":0,"gold_gain":0,"player_choice":"Ignored","damage_taken":0,"max_hp_gain":0,"max_hp_loss":0,"event_name":"Mysterious Sphere","floor":36,"gold_loss":0},{"damage_healed":0,"gold_gain":0,"player_choice":"Embrace Madness","damage_taken":11,"max_hp_gain":0,"max_hp_loss":0,"event_name":"Winding Halls","floor":38,"gold_loss":0,"cards_obtained":["Madness","Madness"]},{"damage_healed":0,"gold_gain":0,"player_choice":"Paid","damage_taken":0,"relics_obtained":["Red Mask"],"max_hp_gain":0,"max_hp_loss":0,"event_name":"Tomb of Lord Red Mask","floor":42,"gold_loss":220}],"is_beta":false,"boss_relics":[{"not_picked":["Coffee Dripper","Empty Cage"],"picked":"Cursed Key"},{"not_picked":["Eternal Feather","White Beast Statue"],"picked":"Philosopher\u0027s Stone"}],"items_purged_floors":[11,22,39],"is_endless":false,"potions_floor_spawned":[7,10,14,19,21,27,29,30,40],"killed_by":"Sphere and 2 Shapes","ascension_level":0}