{"gold_per_floor":[114,129,129,50,95,125,140,155,205,205,220,235,235,250,250,350,350,365,380,395,30,30,60,6,36,86,86,101,131,146,146,146,246,246,261,276,291,306,321,351,366,396,396,55,70,85,100,107,107,107],"floor_reached":51,"playtime":2829,"items_purged":["Parasite"],"score":954,"play_id":"8d4b5055-014b-44fc-8d95-995dab4e8ff1","local_time":"20190412185234","daily_mods":["Allstar","Vintage","Lethality"],"is_ascension_mode":false,"campfire_choices":[{"data":"Dagger Spray","floor":10,"key":"SMITH"},{"data":"Finisher","floor":13,"key":"SMITH"},{"data":"Dark Shackles","floor":15,"key":"SMITH"},{"floor":27,"key":"REST"},{"floor":32,"key":"REST"},{"floor":49,"key":"REST"}],"neow_cost":"","seed_source_timestamp":0,"circlet_count":0,"master_deck":["Defend_G+1","Defend_G+1","Defend_G+1","Defend_G+1","Defend_G+1","Strike_G+1","Strike_G+1","Strike_G+1","Strike_G+1","Strike_G+1","Survivor","Neutralize","Thinking Ahead","Blind","Purity","Bandage Up+1","Dark Shackles+1","Finisher+1","Dagger Spray+1","Storm of Steel","Cloak And Dagger","Infinite Blades","Flying Knee+1","All Out Attack+1","Backflip+1","Quick Slash+1","Acrobatics","Flying Knee+1","Backstab+1","Adrenaline+1","Expertise","Accuracy+1","Choke+1","Blade Dance","Accuracy","Swift Strike+1","Dagger Throw+1","Noxious Fumes"],"special_seed":17999,"relics":["Ring of the Snake","Pen Nib","Happy Flower","Tiny Chest","Singing Bowl","Paper Crane","Orichalcum","Strawberry","Molten Egg 2","Meat on the Bone","Pear","Fusion Hammer","Snake Skull","Anchor","Centennial Puzzle","Blood Vial","FossilizedHelix","Letter Opener","Potion Belt","Dream Catcher","Bottled Flame","Bronze Scales","WristBlade","Gremlin Horn","Oddly Smooth Stone","War Paint","Bottled Lightning","Mercury Hourglass","Smiling Mask","Darkstone Periapt","Omamori","Ninja Scroll","Toxic Egg 2","Kunai","Bag of Marbles","Tough Bandages"],"potions_floor_usage":[7,12,20,23,25,33,36,41,50,50,50,50,50],"damage_taken":[{"damage":0,"enemies":"Small Slimes","floor":1,"turns":3},{"damage":0,"enemies":"Cultist","floor":2,"turns":3},{"damage":0,"enemies":"2 Louse","floor":5,"turns":3},{"damage":9,"enemies":"Gremlin Nob","floor":6,"turns":5},{"damage":0,"enemies":"Large Slime","floor":7,"turns":3},{"damage":0,"enemies":"Looter","floor":8,"turns":1},{"damage":0,"enemies":"3 Louse","floor":11,"turns":1},{"damage":0,"enemies":"Exordium Wildlife","floor":12,"turns":3},{"damage":0,"enemies":"Blue Slaver","floor":14,"turns":1},{"damage":25,"enemies":"Slime Boss","floor":16,"turns":9},{"damage":0,"enemies":"3 Byrds","floor":18,"turns":4},{"damage":1,"enemies":"2 Thieves","floor":19,"turns":3},{"damage":0,"enemies":"Snake Plant","floor":20,"turns":5},{"damage":0,"enemies":"Slavers","floor":23,"turns":2},{"damage":0,"enemies":"Gremlin Leader","floor":25,"turns":4},{"damage":0,"enemies":"Shelled Parasite and Fungi","floor":28,"turns":3},{"damage":0,"enemies":"Book of Stabbing","floor":29,"turns":3},{"damage":0,"enemies":"Centurion and Healer","floor":30,"turns":2},{"damage":24,"enemies":"Automaton","floor":33,"turns":5},{"damage":0,"enemies":"Orb Walker","floor":35,"turns":1},{"damage":0,"enemies":"3 Darklings","floor":36,"turns":2},{"damage":0,"enemies":"Maw","floor":37,"turns":6},{"damage":0,"enemies":"Jaw Worm Horde","floor":38,"turns":1},{"damage":0,"enemies":"4 Shapes","floor":39,"turns":1},{"damage":0,"enemies":"Giant Head","floor":40,"turns":6},{"damage":6,"enemies":"Writhing Mass","floor":41,"turns":3},{"damage":0,"enemies":"Reptomancer","floor":42,"turns":2},{"damage":0,"enemies":"Sphere and 2 Shapes","floor":45,"turns":1},{"damage":0,"enemies":"4 Shapes","floor":46,"turns":1},{"damage":0,"enemies":"Transient","floor":47,"turns":5},{"damage":0,"enemies":"2 Orb Walkers","floor":48,"turns":1},{"damage":23,"enemies":"Donu and Deca","floor":50,"turns":5}],"seed_played":"-5670151409989047964","potions_obtained":[{"floor":2,"key":"Explosive Potion"},{"floor":3,"key":"Dexterity Potion"},{"floor":3,"key":"Fire Potion"},{"floor":8,"key":"GhostInAJar"},{"floor":12,"key":"SteroidPotion"},{"floor":20,"key":"Ancient Potion"},{"floor":23,"key":"PowerPotion"},{"floor":25,"key":"Explosive Potion"},{"floor":33,"key":"Dexterity Potion"},{"floor":36,"key":"Weak Potion"},{"floor":41,"key":"Dexterity Potion"},{"floor":42,"key":"Explosive Potion"},{"floor":47,"key":"Fire Potion"},{"floor":48,"key":"LiquidBronze"}],"is_trial":false,"path_per_floor":["M","M","?","$","M","E","M","M","T","R","M","M","R","M","R","B",null,"M","M","M","$","?","E","$","E","T","R","M","E","M","?","R","B",null,"M","M","M","M","M","E","M","E","T","$","M","M","M","?","R","B",null],"character_chosen":"THE_SILENT","items_purchased":["Finisher","Blood Vial","Cloak And Dagger","Infinite Blades","Flying Knee+1","All Out Attack+1","Quick Slash+1","Choke+1","Blade Dance","Accuracy","Swift Strike+1"],"campfire_rested":3,"item_purchase_floors":[4,21,21,21,21,21,24,44,44,44,44],"current_hp_per_floor":[70,70,70,70,70,61,65,69,76,76,76,76,76,86,86,62,87,87,86,87,87,87,87,87,87,87,87,87,87,87,87,87,63,87,87,87,87,87,87,87,87,87,87,84,84,84,84,84,84,61],"gold":107,"neow_bonus":"","is_prod":false,"is_daily":true,"chose_seed":false,"campfire_upgraded":3,"win_rate":0,"timestamp":1555116754,"path_taken":["M","M","?","?","M","E","M","M","T","R","M","M","R","M","R","BOSS","M","M","M","$","?","E","$","E","T","R","M","E","M","?","R","BOSS","M","M","M","M","M","E","M","E","T","$","M","M","M","?","R","BOSS"],"build_version":"2019-01-23","purchased_purges":1,"victory":true,"max_hp_per_floor":[70,70,70,70,70,70,70,70,77,77,77,77,77,87,87,87,87,87,87,87,87,87,87,87,87,87,87,87,87,87,87,87,87,87,87,87,87,87,87,87,87,87,87,84,84,84,84,84,84,84],"card_choices":[{"not_picked":["Reflex","Prepared"],"picked":"Dagger Spray","floor":6},{"not_picked":["Tools of the Trade","Night Terror"],"picked":"Storm of Steel","floor":16},{"not_picked":["Dodge and Roll","Tactician"],"picked":"Backflip+1","floor":23},{"not_picked":["Well Laid Plans","Bouncing Flask"],"picked":"Acrobatics","floor":25},{"not_picked":["Terror","Distraction"],"picked":"Flying Knee+1","floor":29},{"not_picked":["Flying Knee+1","PiercingWail+1"],"picked":"Backstab+1","floor":32},{"not_picked":["A Thousand Cuts","Glass Knife+1"],"picked":"Adrenaline","floor":33},{"not_picked":["Sucker Punch+1","Reflex"],"picked":"Expertise","floor":40},{"not_picked":["Infinite Blades+1","Deflect+1"],"picked":"Accuracy+1","floor":42},{"not_picked":["Terror+1","Prepared+1"],"picked":"Dagger Throw+1","floor":48},{"not_picked":["Deadly Poison+1","Dagger Throw+1"],"picked":"Noxious Fumes","floor":49}],"player_experience":159225,"relics_obtained":[{"floor":1,"key":"Pen Nib"},{"floor":2,"key":"Happy Flower"},{"floor":5,"key":"Tiny Chest"},{"floor":6,"key":"Singing Bowl"},{"floor":7,"key":"Paper Crane"},{"floor":8,"key":"Orichalcum"},{"floor":9,"key":"Strawberry"},{"floor":11,"key":"Molten Egg 2"},{"floor":12,"key":"Meat on the Bone"},{"floor":14,"key":"Pear"},{"floor":18,"key":"Snake Skull"},{"floor":19,"key":"Anchor"},{"floor":20,"key":"Centennial Puzzle"},{"floor":23,"key":"FossilizedHelix"},{"floor":25,"key":"Letter Opener"},{"floor":26,"key":"Potion Belt"},{"floor":28,"key":"Dream Catcher"},{"floor":29,"key":"Bottled Flame"},{"floor":30,"key":"Bronze Scales"},{"floor":35,"key":"Gremlin Horn"},{"floor":36,"key":"Oddly Smooth Stone"},{"floor":37,"key":"War Paint"},{"floor":38,"key":"Bottled Lightning"},{"floor":39,"key":"Mercury Hourglass"},{"floor":40,"key":"Smiling Mask"},{"floor":41,"key":"Darkstone Periapt"},{"floor":42,"key":"Omamori"},{"floor":43,"key":"Ninja Scroll"},{"floor":45,"key":"Toxic Egg 2"},{"floor":46,"key":"Kunai"},{"floor":47,"key":"Bag of Marbles"},{"floor":48,"key":"Tough Bandages"}],"event_choices":[{"damage_healed":0,"gold_gain":0,"player_choice":"Got Potions","damage_taken":0,"max_hp_gain":0,"max_hp_loss":0,"event_name":"Lab","floor":3,"gold_loss":0},{"damage_healed":0,"gold_gain":0,"player_choice":"Ignored","damage_taken":0,"max_hp_gain":0,"max_hp_loss":0,"event_name":"Beggar","floor":22,"gold_loss":0},{"damage_healed":0,"gold_gain":0,"player_choice":"Simplicity","damage_taken":0,"max_hp_gain":0,"max_hp_loss":0,"event_name":"Back to Basics","floor":31,"gold_loss":0,"cards_upgraded":["Defend_G","Defend_G","Defend_G","Defend_G","Defend_G","Strike_G","Strike_G","Strike_G","Strike_G","Strike_G"]},{"damage_healed":0,"gold_gain":0,"player_choice":"Fight","damage_taken":0,"max_hp_gain":0,"max_hp_loss":0,"event_name":"Mysterious Sphere","floor":48,"gold_loss":0}],"is_beta":false,"boss_relics":[{"not_picked":["White Beast Statue","Busted Crown"],"picked":"Fusion Hammer"},{"not_picked":["Lizard Tail","Pandora\u0027s Box"],"picked":"WristBlade"}],"items_purged_floors":[44],"is_endless":false,"potions_floor_spawned":[2,5,8,12,16,19,20,23,25,33,36,41,42,47,48],"ascension_level":0}