{"gold_per_floor":[112,129,204,214,229,261,261,277,277,310,320,333,333,307,307,407,407,425,445,465,477,489,489],"floor_reached":23,"playtime":1702,"items_purged":[],"score":243,"play_id":"51ac37bc-a68b-4a5c-b34f-56b50b2f859f","local_time":"20190506032539","is_ascension_mode":true,"campfire_choices":[{"floor":7,"key":"REST"},{"floor":13,"key":"REST"},{"data":"Storm","floor":15,"key":"SMITH"}],"neow_cost":"NONE","seed_source_timestamp":2029760942279415,"circlet_count":0,"master_deck":["Strike_B","Strike_B","Strike_B","Strike_B","Defend_B","Defend_B","Defend_B","Defend_B","Zap","Dualcast","Storm","Skim","White Noise","Beam Cell","Stack","Rebound","Storm+1","Self Repair","Auto Shields","Compile Driver","Buffer","Consume","Sweeping Beam","Machine Learning","Turbo+1","Double Energy"],"relics":["Inserter","Pen Nib","Boot","DataDisk","Fusion Hammer"],"potions_floor_usage":[6,10,12,14,16,17,20,23],"damage_taken":[{"damage":2,"enemies":"Jaw Worm","floor":1,"turns":3},{"damage":5,"enemies":"2 Louse","floor":2,"turns":4},{"damage":14,"enemies":"Cultist","floor":4,"turns":5},{"damage":22,"enemies":"Red Slaver","floor":5,"turns":5},{"damage":9,"enemies":"Lagavulin","floor":6,"turns":9},{"damage":0,"enemies":"Large Slime","floor":8,"turns":4},{"damage":18,"enemies":"Gremlin Nob","floor":10,"turns":4},{"damage":3,"enemies":"Blue Slaver","floor":11,"turns":4},{"damage":2,"enemies":"3 Louse","floor":12,"turns":2},{"damage":5,"enemies":"Exordium Thugs","floor":14,"turns":5},{"damage":25,"enemies":"Hexaghost","floor":16,"turns":9},{"damage":17,"enemies":"2 Thieves","floor":18,"turns":4},{"damage":20,"enemies":"Chosen","floor":19,"turns":5},{"damage":0,"enemies":"3 Cultists","floor":20,"turns":3},{"damage":37,"enemies":"Snake Plant","floor":21,"turns":4},{"damage":13,"enemies":"Snecko","floor":22,"turns":4},{"damage":31,"enemies":"Slavers","floor":23,"turns":3}],"seed_played":"-3998803763210489874","potions_obtained":[{"floor":2,"key":"FearPotion"},{"floor":5,"key":"SkillPotion"},{"floor":8,"key":"Explosive Potion"},{"floor":10,"key":"Swift Potion"},{"floor":12,"key":"Block Potion"},{"floor":16,"key":"Fruit Juice"},{"floor":19,"key":"Energy Potion"},{"floor":20,"key":"EssenceOfSteel"}],"is_trial":false,"path_per_floor":["M","M","?","M","M","E","R","M","T","E","M","M","R","M","R","B",null,"M","M","M","M","M","E"],"character_chosen":"DEFECT","items_purchased":[],"campfire_rested":2,"item_purchase_floors":[],"current_hp_per_floor":[73,68,57,43,21,12,34,34,34,16,13,18,40,42,42,24,80,70,57,64,34,28,0],"gold":489,"neow_bonus":"BOSS_RELIC","is_prod":false,"is_daily":false,"chose_seed":false,"campfire_upgraded":1,"win_rate":0,"timestamp":1557134739,"path_taken":["M","M","?","M","M","E","R","M","T","E","M","M","R","M","R","BOSS","M","M","M","M","M","E"],"build_version":"2019-01-23","purchased_purges":0,"victory":false,"max_hp_per_floor":[75,75,75,75,75,75,75,75,75,75,75,75,75,75,75,75,80,80,80,80,80,80,80],"card_choices":[{"not_picked":["Coolheaded","Compile Driver"],"picked":"Storm","floor":1},{"not_picked":["Chill","White Noise"],"picked":"Skim","floor":2},{"not_picked":["Aggregate","Melter"],"picked":"White Noise","floor":4},{"not_picked":["Steam","Fusion"],"picked":"Beam Cell","floor":5},{"not_picked":["Fusion","Hologram"],"picked":"Stack","floor":6},{"not_picked":["Blizzard","Hologram"],"picked":"Rebound","floor":8},{"not_picked":["Melter","Aggregate"],"picked":"Storm","floor":10},{"not_picked":["Scrape","Streamline"],"picked":"Self Repair","floor":11},{"not_picked":["Coolheaded","Hologram"],"picked":"Auto Shields","floor":12},{"not_picked":["FTL","Recycle"],"picked":"Compile Driver","floor":14},{"not_picked":["Reboot","Core Surge"],"picked":"Buffer","floor":16},{"not_picked":["Beam Cell","Coolheaded"],"picked":"Consume","floor":18},{"not_picked":["Redo","Lockon+1"],"picked":"Sweeping Beam","floor":19},{"not_picked":["Melter","Redo"],"picked":"Machine Learning","floor":20},{"not_picked":["Consume","Rebound"],"picked":"Turbo+1","floor":21},{"not_picked":["Recycle","Hologram+1"],"picked":"Double Energy","floor":22}],"player_experience":166281,"relics_obtained":[{"floor":6,"key":"Pen Nib"},{"floor":9,"key":"Boot"},{"floor":10,"key":"DataDisk"}],"event_choices":[{"damage_healed":0,"gold_gain":75,"player_choice":"Gather Gold","damage_taken":11,"max_hp_gain":0,"max_hp_loss":0,"event_name":"World of Goop","floor":3,"gold_loss":0}],"is_beta":false,"boss_relics":[{"not_picked":["Astrolabe","White Beast Statue"],"picked":"Fusion Hammer"}],"items_purged_floors":[],"is_endless":false,"potions_floor_spawned":[2,5,8,10,12,16,19,20],"killed_by":"Slavers","ascension_level":3}