{"gold_per_floor":[117,42,62,81,92,123,134,164,190,203,223,284,294,294,294,394,394,407,20,38,11,26,26,26,59,59,86,86,116,132,143,143,143],"floor_reached":33,"playtime":3188,"items_purged":["Shame"],"score":488,"play_id":"0e77d8b9-cc71-42ae-a97c-ee59161fd01e","local_time":"20190525145528","is_ascension_mode":true,"campfire_choices":[{"floor":15,"key":"REST"},{"data":"Adrenaline","floor":23,"key":"SMITH"},{"floor":32,"key":"REST"}],"neow_cost":"CURSE","seed_source_timestamp":393277864516921,"circlet_count":0,"master_deck":["Defend_G","Defend_G","Defend_G","Defend_G","Defend_G","Strike_G+1","Strike_G","Strike_G","Strike_G+1","Survivor","Neutralize","Storm of Steel","Dagger Spray","PiercingWail","Underhanded Strike","Flying Knee","Well Laid Plans","Accuracy","Storm of Steel","Dagger Throw","Riddle With Holes","Escape Plan","PiercingWail","Adrenaline+1","Terror","Footwork","Infinite Blades","Poisoned Stab","Backflip","Tactician","Accuracy","Master of Strategy","Backflip","Underhanded Strike","Backflip","Well Laid Plans+1","Reflex+1","Concentrate+1","Malaise+1","Cloak And Dagger+1"],"relics":["Ring of the Snake","Tough Bandages","Regal Pillow","Lantern","Tiny Chest","Orrery","Vajra","Sundial","Potion Belt","Toxic Egg 2","Whetstone","Matryoshka","Ancient Tea Set"],"potions_floor_usage":[6,6,12,12,20,22,27,29,33],"damage_taken":[{"damage":0,"enemies":"Cultist","floor":1,"turns":3},{"damage":0,"enemies":"Small Slimes","floor":3,"turns":3},{"damage":0,"enemies":"2 Louse","floor":4,"turns":2},{"damage":0,"enemies":"2 Fungi Beasts","floor":5,"turns":4},{"damage":20,"enemies":"Lagavulin","floor":6,"turns":7},{"damage":1,"enemies":"Looter","floor":7,"turns":4},{"damage":19,"enemies":"3 Sentries","floor":8,"turns":8},{"damage":2,"enemies":"3 Louse","floor":10,"turns":3},{"damage":2,"enemies":"Exordium Thugs","floor":11,"turns":6},{"damage":3,"enemies":"Lagavulin","floor":12,"turns":5},{"damage":0,"enemies":"Large Slime","floor":13,"turns":5},{"damage":7,"enemies":"Hexaghost","floor":16,"turns":10},{"damage":0,"enemies":"Spheric Guardian","floor":18,"turns":3},{"damage":3,"enemies":"2 Thieves","floor":20,"turns":4},{"damage":9,"enemies":"Shelled Parasite and Fungi","floor":22,"turns":4},{"damage":45,"enemies":"Gremlin Leader","floor":25,"turns":9},{"damage":6,"enemies":"Slavers","floor":27,"turns":4},{"damage":0,"enemies":"Gremlin Leader","floor":29,"turns":5},{"damage":0,"enemies":"Cultist and Chosen","floor":30,"turns":4},{"damage":2,"enemies":"Centurion and Healer","floor":31,"turns":7},{"damage":56,"enemies":"Automaton","floor":33,"turns":6}],"seed_played":"687963428679836120","potions_obtained":[{"floor":1,"key":"EssenceOfSteel"},{"floor":4,"key":"GamblersBrew"},{"floor":6,"key":"FearPotion"},{"floor":11,"key":"Dexterity Potion"},{"floor":13,"key":"Block Potion"},{"floor":16,"key":"SteroidPotion"},{"floor":20,"key":"SteroidPotion"},{"floor":27,"key":"Regen Potion"},{"floor":29,"key":"Strength Potion"}],"is_trial":false,"path_per_floor":["M","$","M","M","M","E","M","E","T","M","M","E","M","?","R","B",null,"M","$","M","$","M","R","T","E","T","E","?","E","M","M","R","B"],"character_chosen":"THE_SILENT","items_purchased":["Vajra","Accuracy","Master of Strategy","Underhanded Strike"],"campfire_rested":2,"item_purchase_floors":[19,19,19,21],"current_hp_per_floor":[63,63,63,63,63,43,42,23,23,21,19,16,16,16,52,45,64,64,64,61,61,52,52,52,7,7,1,1,15,15,13,49,0],"gold":143,"neow_bonus":"THREE_RARE_CARDS","is_prod":false,"is_daily":false,"chose_seed":false,"campfire_upgraded":1,"win_rate":0,"timestamp":1558817728,"path_taken":["M","$","?","M","M","E","M","E","T","M","M","E","M","?","R","BOSS","M","$","M","$","M","R","?","E","T","E","?","E","M","M","R","BOSS"],"build_version":"2019-01-23","purchased_purges":1,"victory":false,"max_hp_per_floor":[70,70,70,70,70,70,70,70,70,70,70,70,70,70,70,70,70,70,70,70,70,70,70,70,70,70,70,70,70,70,70,70,70],"card_choices":[{"not_picked":["Phantasmal Killer","Grand Finale"],"picked":"Storm of Steel","floor":0},{"not_picked":["Dodge and Roll","Prepared"],"picked":"Dagger Spray","floor":1},{"not_picked":["Skewer","Dagger Throw"],"picked":"PiercingWail","floor":3},{"not_picked":["PiercingWail","Catalyst"],"picked":"Underhanded Strike","floor":4},{"not_picked":["Outmaneuver","Tactician"],"picked":"Flying Knee","floor":5},{"not_picked":["Flying Knee","Night Terror"],"picked":"Well Laid Plans","floor":6},{"not_picked":["Deflect","Outmaneuver"],"picked":"Accuracy","floor":7},{"not_picked":["Slice","Dodge and Roll"],"picked":"Storm of Steel","floor":8},{"not_picked":["Leg Sweep","Dagger Spray"],"picked":"Dagger Throw","floor":10},{"not_picked":["Bane","Masterful Stab"],"picked":"Riddle With Holes","floor":11},{"not_picked":["Quick Slash","Poisoned Stab"],"picked":"Escape Plan","floor":12},{"not_picked":["Poisoned Stab","Well Laid Plans"],"picked":"PiercingWail","floor":13},{"not_picked":["Malaise","Doppelganger"],"picked":"Adrenaline","floor":16},{"not_picked":["Flying Knee","Escape Plan"],"picked":"Terror","floor":17},{"not_picked":["Slice","Dagger Throw"],"picked":"Footwork","floor":17},{"not_picked":["Backflip","Prepared"],"picked":"Infinite Blades","floor":17},{"not_picked":["Skewer","Bouncing Flask"],"picked":"Poisoned Stab","floor":17},{"not_picked":["Accuracy","Deadly Poison"],"picked":"Backflip","floor":17},{"not_picked":["Prepared","Sucker Punch"],"picked":"Tactician","floor":18},{"not_picked":["Dash","Choke"],"picked":"Backflip","floor":20},{"not_picked":["Underhanded Strike+1","Heel Hook"],"picked":"Backflip","floor":22},{"not_picked":["Choke","Underhanded Strike"],"picked":"Well Laid Plans+1","floor":25},{"not_picked":["Poisoned Stab","Noxious Fumes"],"picked":"Reflex+1","floor":27},{"not_picked":["Bane","Bouncing Flask+1"],"picked":"Concentrate+1","floor":29},{"not_picked":["PiercingWail+1","Footwork"],"picked":"Malaise+1","floor":30},{"not_picked":["Skewer","Prepared+1"],"picked":"Cloak And Dagger+1","floor":31}],"player_experience":242269,"relics_obtained":[{"floor":6,"key":"Tough Bandages"},{"floor":8,"key":"Regal Pillow"},{"floor":9,"key":"Lantern"},{"floor":12,"key":"Tiny Chest"},{"floor":24,"key":"Sundial"},{"floor":25,"key":"Potion Belt"},{"floor":26,"key":"Toxic Egg 2"},{"floor":27,"key":"Whetstone"},{"floor":29,"key":"Ancient Tea Set"}],"event_choices":[{"cards_removed":["Strike_G"],"damage_healed":0,"gold_gain":0,"player_choice":"Offered Basic","damage_taken":0,"max_hp_gain":0,"max_hp_loss":0,"event_name":"Bonfire Elementals","floor":14,"gold_loss":0},{"damage_healed":0,"gold_gain":0,"player_choice":"Opened","damage_taken":0,"relics_obtained":["Matryoshka"],"max_hp_gain":0,"max_hp_loss":0,"event_name":"The Mausoleum","floor":28,"gold_loss":0}],"is_beta":false,"boss_relics":[{"not_picked":["Busted Crown","Fusion Hammer"],"picked":"Orrery"}],"items_purged_floors":[2],"is_endless":false,"potions_floor_spawned":[1,4,6,11,13,16,20,27,29],"killed_by":"Automaton","ascension_level":6}