{"gold_per_floor":[109,109,132,132,152,152,172,205,205,205,205,219,239,264,264,264],"floor_reached":16,"playtime":413,"items_purged":[],"score":203,"play_id":"6d4ecf0c-fc0a-412f-891e-7243b0f27789","local_time":"20190512231557","is_ascension_mode":true,"campfire_choices":[{"floor":6,"key":"REST"},{"data":"Bash","floor":10,"key":"SMITH"},{"floor":15,"key":"REST"}],"neow_cost":"NONE","seed_source_timestamp":127438005021600,"circlet_count":0,"master_deck":["AscendersBane","Strike_R","Strike_R+1","Strike_R","Strike_R","Defend_R","Defend_R","Defend_R","Defend_R","Bash+1","Shockwave+1","Headbutt","True Grit","Carnage","Ghostly Armor","Whirlwind+1","True Grit"],"relics":["Burning Blood","Golden Idol","Bag of Marbles","Molten Egg 2","CultistMask"],"potions_floor_usage":[],"damage_taken":[{"damage":15,"enemies":"Small Slimes","floor":1,"turns":4},{"damage":3,"enemies":"2 Louse","floor":3,"turns":4},{"damage":0,"enemies":"Cultist","floor":5,"turns":4},{"damage":8,"enemies":"Large Slime","floor":7,"turns":6},{"damage":23,"enemies":"Lagavulin","floor":8,"turns":6},{"damage":9,"enemies":"Blue Slaver","floor":12,"turns":3},{"damage":6,"enemies":"3 Louse","floor":13,"turns":4},{"damage":9,"enemies":"Red Slaver","floor":14,"turns":2},{"damage":20,"enemies":"The Guardian","floor":16,"turns":11}],"seed_played":"-3793906219007105171","potions_obtained":[{"floor":1,"key":"SteroidPotion"},{"floor":3,"key":"Ancient Potion"}],"is_trial":false,"path_per_floor":["M","?","M","?","M","R","M","E","T","R","?","M","M","M","R","B"],"character_chosen":"IRONCLAD","items_purchased":[],"campfire_rested":2,"item_purchase_floors":[],"current_hp_per_floor":[59,33,36,13,19,41,39,22,22,22,22,19,19,16,38,18],"gold":264,"neow_bonus":"REMOVE_CARD","is_prod":false,"is_daily":false,"chose_seed":false,"campfire_upgraded":1,"win_rate":0,"timestamp":1557695757,"path_taken":["M","?","M","?","M","R","M","E","T","R","?","?","M","M","R","BOSS"],"build_version":"2019-05-07","purchased_purges":0,"victory":false,"max_hp_per_floor":[75,75,75,75,75,75,75,75,75,75,75,75,75,75,75,75],"card_choices":[{"not_picked":["Shrug It Off","Body Slam"],"picked":"Shockwave","floor":1},{"not_picked":["Perfected Strike","Sentinel"],"picked":"Headbutt","floor":3},{"not_picked":["Sword Boomerang","Rupture"],"picked":"True Grit","floor":5},{"not_picked":["Spot Weakness","Twin Strike"],"picked":"Carnage","floor":7},{"not_picked":["Sword Boomerang","Havoc"],"picked":"Ghostly Armor","floor":8},{"not_picked":["Wild Strike+1","Anger+1","Power Through"],"picked":"SKIP","floor":12},{"not_picked":["Cleave+1","Impervious"],"picked":"Whirlwind+1","floor":13},{"not_picked":["Heavy Blade+1","Reckless Charge+1"],"picked":"True Grit","floor":14}],"player_experience":690542,"relics_obtained":[{"floor":8,"key":"Bag of Marbles"},{"floor":9,"key":"Molten Egg 2"}],"event_choices":[{"damage_healed":0,"gold_gain":0,"player_choice":"Take Damage","damage_taken":26,"relics_obtained":["Golden Idol"],"max_hp_gain":0,"max_hp_loss":0,"event_name":"Golden Idol","floor":2,"gold_loss":0},{"damage_healed":0,"gold_gain":0,"player_choice":"Entered Light","damage_taken":23,"max_hp_gain":0,"max_hp_loss":0,"event_name":"Shining Light","floor":4,"gold_loss":0,"cards_upgraded":["Shockwave","Strike_R"]},{"damage_healed":0,"gold_gain":0,"player_choice":"Trade","damage_taken":0,"relics_obtained":["CultistMask"],"max_hp_gain":0,"max_hp_loss":0,"event_name":"FaceTrader","floor":11,"gold_loss":0}],"is_beta":true,"boss_relics":[],"items_purged_floors":[],"is_endless":false,"potions_floor_spawned":[1,3,14],"killed_by":"The Guardian","ascension_level":19}