{"gold_per_floor":[115,135,155,155,170,170,181,214,214,214,272,272,306,306,306,384,384,399,419,419,52,72,72,272,272,299,299],"floor_reached":27,"playtime":963,"items_purged":["Defend_R"],"score":487,"play_id":"bec5744c-063d-43fc-ae11-2d513eec6827","local_time":"20190515114132","is_ascension_mode":true,"campfire_choices":[{"data":"Bash","floor":6.0,"key":"SMITH"},{"floor":10.0,"key":"REST"},{"data":"Perfected Strike","floor":12.0,"key":"SMITH"},{"floor":15.0,"key":"REST"},{"data":"Feel No Pain","floor":23.0,"key":"SMITH"},{"data":"Demon Form","floor":25.0,"key":"SMITH"}],"neow_cost":"NONE","seed_source_timestamp":6460031679800,"circlet_count":0,"master_deck":["AscendersBane","Strike_R","Strike_R","Strike_R","Strike_R+1","Strike_R","Defend_R","Defend_R","Defend_R","Bash+1","Rage","Perfected Strike+1","Shrug It Off","Inflame","Feed+1","Pommel Strike","Feel No Pain+1","Demon Form+1","Flame Barrier+1","Perfected Strike","Disarm","Twin Strike"],"special_seed":0,"relics":["Burning Blood","Singing Bowl","Dream Catcher","Vajra","Tiny Chest","Potion Belt","Bag of Preparation","Snecko Eye","Membership Card","Whetstone","Smiling Mask"],"potions_floor_usage":[],"damage_taken":[{"damage":0.0,"enemies":"Cultist","floor":1.0,"turns":4.0},{"damage":1.0,"enemies":"Jaw Worm","floor":2.0,"turns":3.0},{"damage":2.0,"enemies":"2 Louse","floor":3.0,"turns":2.0},{"damage":9.0,"enemies":"Red Slaver","floor":5.0,"turns":4.0},{"damage":29.0,"enemies":"Gremlin Gang","floor":7.0,"turns":5.0},{"damage":31.0,"enemies":"3 Sentries","floor":8.0,"turns":10.0},{"damage":23.0,"enemies":"Lagavulin","floor":11.0,"turns":7.0},{"damage":20.0,"enemies":"3 Sentries","floor":13.0,"turns":9.0},{"damage":42.0,"enemies":"The Guardian","floor":16.0,"turns":14.0},{"damage":0.0,"enemies":"Chosen","floor":18.0,"turns":5.0},{"damage":33.0,"enemies":"3 Byrds","floor":19.0,"turns":7.0},{"damage":23.0,"enemies":"Cultist and Chosen","floor":22.0,"turns":4.0},{"damage":41,"enemies":"Gremlin Leader","floor":27,"turns":6}],"seed_played":"8599056529612184868","potions_obtained":[{"floor":1.0,"key":"GamblersBrew"},{"floor":2.0,"key":"Strength Potion"},{"floor":8.0,"key":"Block Potion"},{"floor":11.0,"key":"Dexterity Potion"},{"floor":19.0,"key":"Energy Potion"}],"is_trial":false,"path_per_floor":["M","M","M","T","M","R","M","E","T","R","E","R","E","T","R","B",null,"M","M","?","$","M","R","?","R","T","E"],"character_chosen":"IRONCLAD","items_purchased":["Membership Card","Whetstone","Disarm"],"campfire_rested":2,"item_purchase_floors":[21,21,21],"current_hp_per_floor":[74,75,75,75,72,72,49,27,27,52,40,40,28,28,54,21,73,81,54,54,54,41,41,41,41,41,0],"gold":299,"neow_bonus":"THREE_CARDS","is_prod":false,"is_daily":false,"chose_seed":false,"campfire_upgraded":4,"win_rate":0,"timestamp":1557913292,"path_taken":["M","M","M","?","M","R","?","E","T","R","E","R","E","?","R","BOSS","M","M","?","$","M","R","?","R","T","E"],"build_version":"2019-05-07","purchased_purges":1,"victory":false,"max_hp_per_floor":[75,75,75,75,75,75,75,78,78,80,85,85,87,87,87,90,90,92,92,92,92,96,96,96,96,96,96],"card_choices":[{"not_picked":["Warcry","Rupture"],"picked":"Rage","floor":0.0},{"not_picked":["Bloodletting","Rupture"],"picked":"Perfected Strike","floor":1.0},{"not_picked":["Clash","Heavy Blade"],"picked":"Shrug It Off","floor":2.0},{"not_picked":["Rupture","Clash","Dual Wield"],"picked":"SKIP","floor":3.0},{"not_picked":["Sentinel","Iron Wave"],"picked":"Inflame","floor":5.0},{"not_picked":["Pommel Strike","Havoc"],"picked":"Feed","floor":7.0},{"not_picked":["Twin Strike","Headbutt"],"picked":"Pommel Strike","floor":8.0},{"not_picked":["Power Through","Pummel","Sword Boomerang"],"picked":"Singing Bowl","floor":10.0},{"not_picked":["Anger","Heavy Blade","Rupture"],"picked":"Singing Bowl","floor":11.0},{"not_picked":["Warcry","Inflame","Perfected Strike"],"picked":"Singing Bowl","floor":13.0},{"not_picked":["Heavy Blade","Body Slam"],"picked":"Feel No Pain","floor":15.0},{"not_picked":["Barricade","Reaper"],"picked":"Demon Form","floor":16.0},{"not_picked":["Clash","Battle Trance","Feel No Pain"],"picked":"Singing Bowl","floor":18.0},{"not_picked":["Heavy Blade","Armaments"],"picked":"Flame Barrier+1","floor":19.0},{"not_picked":["Uppercut","Clash"],"picked":"Twin Strike","floor":22.0}],"player_experience":714085,"relics_obtained":[{"floor":4.0,"key":"Singing Bowl"},{"floor":8.0,"key":"Dream Catcher"},{"floor":9.0,"key":"Vajra"},{"floor":11.0,"key":"Tiny Chest"},{"floor":13.0,"key":"Potion Belt"},{"floor":14.0,"key":"Bag of Preparation"},{"floor":26.0,"key":"Smiling Mask"}],"event_choices":[{"damage_healed":0.0,"max_hp_gain":0.0,"max_hp_loss":0.0,"gold_gain":0.0,"event_name":"The Library","player_choice":"Read","floor":20.0,"gold_loss":0.0,"damage_taken":0.0,"cards_obtained":["Perfected Strike"]},{"damage_healed":0.0,"max_hp_gain":0.0,"max_hp_loss":0.0,"gold_gain":200.0,"event_name":"Wheel of Change","player_choice":"Gold","floor":24.0,"gold_loss":0.0,"damage_taken":0.0}],"is_beta":true,"boss_relics":[{"not_picked":["Runic Pyramid","Busted Crown"],"picked":"Snecko Eye"}],"items_purged_floors":[21],"is_endless":false,"potions_floor_spawned":[1,2,8,11,19],"killed_by":"Gremlin Leader","ascension_level":20}