{"gold_per_floor":[113,132,150,150,169,169,199,217,271,285,301,334,334,17,17,91,91,110,110,35,55,55,55,55,55],"floor_reached":25,"playtime":775,"items_purged":["Strike_G"],"score":426,"play_id":"0766776c-101b-4c9d-888b-b5aa7d328ec2","local_time":"20190626090740","is_ascension_mode":true,"campfire_choices":[{"data":"Sucker Punch","floor":6.0,"key":"SMITH"},{"floor":13.0,"key":"REST"},{"data":"After Image","floor":15.0,"key":"SMITH"},{"data":"Noxious Fumes","floor":23,"key":"SMITH"}],"neow_cost":"NONE","seed_source_timestamp":0,"circlet_count":0,"master_deck":["AscendersBane","Strike_G","Strike_G","Defend_G","Defend_G","Defend_G","Defend_G","Defend_G","Survivor","Neutralize","Glass Knife","All Out Attack","Sucker Punch+1","Quick Slash","Terror","Leg Sweep","Cloak And Dagger","After Image+1","Corpse Explosion","Noxious Fumes+1","Setup"],"special_seed":0,"relics":["Ring of the Snake","Letter Opener","Tiny Chest","Strawberry","Omamori","Empty Cage","Bronze Scales"],"potions_floor_usage":[18],"damage_taken":[{"damage":1.0,"enemies":"Cultist","floor":1.0,"turns":3.0},{"damage":0.0,"enemies":"Small Slimes","floor":2.0,"turns":2.0},{"damage":1.0,"enemies":"2 Louse","floor":3.0,"turns":2.0},{"damage":2.0,"enemies":"Large Slime","floor":5.0,"turns":6.0},{"damage":19.0,"enemies":"Lagavulin","floor":7.0,"turns":6.0},{"damage":5.0,"enemies":"Exordium Wildlife","floor":8.0,"turns":3.0},{"damage":15.0,"enemies":"Exordium Thugs","floor":10.0,"turns":5.0},{"damage":1.0,"enemies":"3 Louse","floor":11.0,"turns":4.0},{"damage":6.0,"enemies":"Gremlin Nob","floor":12.0,"turns":3.0},{"damage":30.0,"enemies":"Hexaghost","floor":16.0,"turns":12.0},{"damage":17,"enemies":"2 Thieves","floor":18,"turns":5},{"damage":7,"enemies":"3 Byrds","floor":21,"turns":4},{"damage":55,"enemies":"Gremlin Leader","floor":25,"turns":4}],"seed_played":"-5318237679465994720","potions_obtained":[{"floor":1.0,"key":"SkillPotion"},{"floor":2.0,"key":"Poison Potion"},{"floor":4.0,"key":"Regen Potion"},{"floor":4.0,"key":"PowerPotion"},{"floor":7.0,"key":"SkillPotion"},{"floor":8.0,"key":"EntropicBrew"},{"floor":16.0,"key":"Strength Potion"}],"is_trial":false,"path_per_floor":["M","M","M","?","M","R","E","M","T","M","M","E","R","$","R","B",null,"M","?","$","M","?","R","?","E"],"character_chosen":"THE_SILENT","items_purchased":["After Image","Omamori"],"campfire_rested":1,"item_purchase_floors":[14,14],"current_hp_per_floor":[58,58,57,57,55,55,51,46,46,31,30,31,52,52,52,22,60,43,43,43,36,51,51,51,0],"gold":55,"neow_bonus":"ONE_RANDOM_RARE_CARD","is_prod":false,"is_daily":false,"chose_seed":false,"campfire_upgraded":3,"win_rate":0,"timestamp":1561532860,"path_taken":["M","?","M","?","?","R","E","M","T","M","M","E","R","$","R","BOSS","M","?","?","M","?","R","?","E"],"build_version":"2019-06-24","purchased_purges":1,"victory":false,"max_hp_per_floor":[66,66,66,66,66,66,66,66,66,66,66,73,73,73,73,73,73,73,73,73,73,73,73,73,73],"card_choices":[{"not_picked":["Underhanded Strike","Setup"],"picked":"All Out Attack","floor":1.0},{"not_picked":["Underhanded Strike","Dagger Spray"],"picked":"Sucker Punch","floor":2.0},{"not_picked":["Dodge and Roll","Heel Hook"],"picked":"Quick Slash","floor":3.0},{"not_picked":["Acrobatics","Concentrate"],"picked":"Terror","floor":5.0},{"not_picked":["PiercingWail","Bouncing Flask"],"picked":"Leg Sweep","floor":7.0},{"not_picked":["Expertise","Choke","Catalyst"],"picked":"SKIP","floor":8.0},{"not_picked":["Bouncing Flask","Dagger Spray","Riddle With Holes"],"picked":"SKIP","floor":10.0},{"not_picked":["Dagger Throw","Calculated Gamble"],"picked":"Cloak And Dagger","floor":11.0},{"not_picked":["Accuracy","Deadly Poison","Blade Dance"],"picked":"SKIP","floor":12.0},{"not_picked":["Malaise","Unload"],"picked":"Corpse Explosion","floor":16.0},{"not_picked":["Flechettes","Bane+1","Skewer"],"picked":"SKIP","floor":18},{"not_picked":["Slice","Finisher"],"picked":"Setup","floor":21}],"player_experience":890130,"relics_obtained":[{"floor":7.0,"key":"Letter Opener"},{"floor":9.0,"key":"Tiny Chest"},{"floor":12.0,"key":"Strawberry"}],"event_choices":[{"damage_healed":0.0,"max_hp_gain":0.0,"max_hp_loss":0.0,"gold_gain":0.0,"event_name":"Lab","player_choice":"Got Potions","floor":4.0,"gold_loss":0.0,"damage_taken":0.0},{"damage_healed":0,"gold_gain":0,"player_choice":"1 cards matched","damage_taken":0,"max_hp_gain":0,"max_hp_loss":0,"event_name":"Match and Keep!","floor":19,"gold_loss":0,"cards_obtained":["Noxious Fumes"]},{"damage_healed":15,"gold_gain":0,"player_choice":"Heal","damage_taken":0,"max_hp_gain":0,"max_hp_loss":0,"event_name":"The Library","floor":22,"gold_loss":0},{"damage_healed":0,"gold_gain":0,"player_choice":"Opened","damage_taken":0,"relics_obtained":["Bronze Scales"],"max_hp_gain":0,"max_hp_loss":0,"event_name":"The Mausoleum","floor":24,"gold_loss":0,"cards_obtained":["Writhe"]}],"is_beta":true,"boss_relics":[{"not_picked":["White Beast Statue","Runic Dome"],"picked":"Empty Cage"}],"items_purged_floors":[20],"is_endless":false,"potions_floor_spawned":[1,2,7,8,16],"killed_by":"Gremlin Leader","ascension_level":20}