{"gold_per_floor":[114,131,148,298,298,298,173,173,221,252,272,272,299,309,309,386,386,399,379,23,38,38],"floor_reached":22,"playtime":863,"items_purged":["Doubt"],"score":369,"play_id":"948636cf-e58d-4020-90e4-034d6bd791cd","local_time":"20190622040828","is_ascension_mode":true,"campfire_choices":[{"floor":6.0,"key":"REST"},{"data":"Defragment","floor":8.0,"key":"SMITH"},{"data":"Hologram","floor":12.0,"key":"SMITH"},{"floor":15.0,"key":"REST"}],"neow_cost":"NONE","seed_source_timestamp":755865684245400,"circlet_count":0,"master_deck":["AscendersBane","Strike_B","Strike_B","Strike_B","Strike_B","Defend_B","Defend_B","Defend_B","Defend_B","Zap+1","Dualcast","Defragment+1","Sweeping Beam","Sunder","Leap","Beam Cell","Darkness","Hologram+1","Auto Shields","Reboot","Storm","Buffer","Loop","Coolheaded","Apotheosis","Compile Driver"],"special_seed":0,"relics":["Cracked Core","Regal Pillow","Orichalcum","Prayer Wheel","Singing Bowl","Snecko Eye","DataDisk"],"potions_floor_usage":[22],"damage_taken":[{"damage":5.0,"enemies":"2 Louse","floor":1.0,"turns":3.0},{"damage":2.0,"enemies":"Jaw Worm","floor":2.0,"turns":3.0},{"damage":1.0,"enemies":"Cultist","floor":3.0,"turns":3.0},{"damage":16.0,"enemies":"Lagavulin","floor":10.0,"turns":6.0},{"damage":4.0,"enemies":"Gremlin Gang","floor":11.0,"turns":3.0},{"damage":20.0,"enemies":"3 Sentries","floor":13.0,"turns":5.0},{"damage":1.0,"enemies":"Exordium Thugs","floor":14.0,"turns":3.0},{"damage":27.0,"enemies":"Slime Boss","floor":16.0,"turns":8.0},{"damage":33.0,"enemies":"3 Byrds","floor":18.0,"turns":5.0},{"damage":0,"enemies":"Chosen","floor":21,"turns":5},{"damage":40,"enemies":"3 Cultists","floor":22,"turns":5}],"seed_played":"-1613765025213664757","potions_obtained":[{"floor":3.0,"key":"SkillPotion"},{"floor":10.0,"key":"SteroidPotion"},{"floor":11.0,"key":"FearPotion"},{"floor":14.0,"key":"GamblersBrew"},{"floor":19,"key":"FearPotion"},{"floor":21,"key":"Block Potion"}],"is_trial":false,"path_per_floor":["M","M","M","?","?","R","$","R","T","E","M","R","E","M","R","B",null,"M","?","$","M","M"],"character_chosen":"DEFECT","items_purchased":["Leap","Apotheosis","DataDisk"],"campfire_rested":2,"item_purchase_floors":[7,20,20],"current_hp_per_floor":[59,57,56,56,30,66,66,66,66,50,46,46,26,25,61,34,62,29,29,29,31,0],"gold":38,"neow_bonus":"UPGRADE_CARD","is_prod":false,"is_daily":false,"chose_seed":false,"campfire_upgraded":2,"win_rate":0,"timestamp":1561169308,"path_taken":["M","M","M","?","?","R","$","R","T","E","M","R","E","M","R","BOSS","M","?","$","M","?"],"build_version":"2019-06-21","purchased_purges":1,"victory":false,"max_hp_per_floor":[71,71,71,71,71,71,71,71,71,71,71,71,71,71,71,71,71,71,71,71,73,73],"card_choices":[{"not_picked":["Conserve Battery","Self Repair"],"picked":"Defragment","floor":1.0},{"not_picked":["Glacier","Lockon"],"picked":"Sweeping Beam","floor":2.0},{"not_picked":["Gash","Reinforced Body"],"picked":"Sunder","floor":3.0},{"not_picked":["Fusion","Consume"],"picked":"Beam Cell","floor":10.0},{"not_picked":["Rebound","Sunder"],"picked":"Darkness","floor":11.0},{"not_picked":["Fusion","Beam Cell"],"picked":"Hologram","floor":11.0},{"not_picked":["Skim","Streamline"],"picked":"Auto Shields","floor":13.0},{"not_picked":["Stack","Loop"],"picked":"Reboot","floor":14.0},{"not_picked":["Leap","Doom and Gloom"],"picked":"Storm","floor":14.0},{"not_picked":["Machine Learning","Rainbow"],"picked":"Buffer","floor":16.0},{"not_picked":["Lockon","Steam"],"picked":"Loop","floor":18},{"not_picked":["Hologram","BootSequence"],"picked":"Coolheaded","floor":18},{"not_picked":["Steam","Redo"],"picked":"Compile Driver","floor":21},{"not_picked":["Capacitor","Consume+1","Sweeping Beam+1"],"picked":"Singing Bowl","floor":21}],"player_experience":867678,"relics_obtained":[{"floor":9.0,"key":"Orichalcum"},{"floor":10.0,"key":"Prayer Wheel"},{"floor":13.0,"key":"Singing Bowl"}],"event_choices":[{"damage_healed":0.0,"max_hp_gain":0.0,"max_hp_loss":0.0,"gold_gain":150.0,"event_name":"Liars Game","player_choice":"AGREE","floor":4.0,"gold_loss":0.0,"damage_taken":0.0,"cards_obtained":["Doubt"]},{"damage_healed":0.0,"max_hp_gain":0.0,"max_hp_loss":0.0,"gold_gain":0.0,"event_name":"Scrap Ooze","player_choice":"Success","floor":5.0,"gold_loss":0.0,"damage_taken":26.0,"relics_obtained":["Regal Pillow"]},{"damage_healed":0,"gold_gain":0,"player_choice":"Bought 1 Potion","damage_taken":0,"max_hp_gain":0,"max_hp_loss":0,"event_name":"The Woman in Blue","floor":19,"gold_loss":0}],"is_beta":true,"boss_relics":[{"not_picked":["Philosopher\u0027s Stone","FrozenCore"],"picked":"Snecko Eye"}],"items_purged_floors":[7],"is_endless":false,"potions_floor_spawned":[3,10,11,14,21],"killed_by":"3 Cultists","ascension_level":18}