{"gold_per_floor":[110,110,122,137,149,149,183,183,251,281,354,354,369,400,400,471,471,491,129,145,171,181,181,196,52,52,52,142,161,190,210,210,281,281,300,314,327,340,20,20,32,62,62,337,136,162,162,0,0,0,0],"floor_reached":52,"playtime":2086,"items_purged":["Strike_G","Strike_G","Strike_G","Regret"],"score":1849,"play_id":"06511112-8b12-4b81-8e3a-0b062e174081","local_time":"20190626135249","is_ascension_mode":true,"campfire_choices":[{"data":"Neutralize","floor":6.0,"key":"SMITH"},{"data":"Cloak And Dagger","floor":8.0,"key":"SMITH"},{"data":"Survivor","floor":12.0,"key":"SMITH"},{"floor":15.0,"key":"REST"},{"floor":23.0,"key":"RECALL"},{"floor":27.0,"key":"REST"},{"floor":32.0,"key":"REST"},{"floor":40.0,"key":"REST"},{"floor":47.0,"key":"REST"},{"floor":49.0,"key":"REST"}],"neow_cost":"NONE","seed_source_timestamp":215177514069800,"circlet_count":0,"master_deck":["AscendersBane","Defend_G","Defend_G","Defend_G","Defend_G","Defend_G","Survivor+1","Neutralize+1","Dagger Throw","Slice","All Out Attack","Caltrops","Sucker Punch","Dodge and Roll","Cloak And Dagger+1","Sucker Punch+1","Noxious Fumes","Adrenaline","Dodge and Roll","Dagger Spray+1","Backstab+1","Well Laid Plans","Backflip+1","Choke+1","After Image","Backflip+1","Dodge and Roll+1","Cloak And Dagger+1","Footwork","Dramatic Entrance+1","Malaise","PiercingWail"],"special_seed":0,"relics":["Ring of the Snake","Ice Cream","Mummified Hand","Tiny Chest","Molten Egg 2","Kunai","Fusion Hammer","Meat on the Bone","Pen Nib","Anchor","Unceasing Top","Eternal Feather","Bronze Scales","Sundial","Centennial Puzzle","Red Mask"],"potions_floor_usage":[],"damage_taken":[{"damage":1.0,"enemies":"2 Louse","floor":1.0,"turns":3.0},{"damage":1.0,"enemies":"Cultist","floor":3.0,"turns":4.0},{"damage":3.0,"enemies":"Jaw Worm","floor":4.0,"turns":4.0},{"damage":2.0,"enemies":"Exordium Wildlife","floor":5.0,"turns":3.0},{"damage":7.0,"enemies":"Gremlin Nob","floor":7.0,"turns":3.0},{"damage":12.0,"enemies":"Exordium Thugs","floor":13.0,"turns":5.0},{"damage":18.0,"enemies":"Lagavulin","floor":14.0,"turns":10.0},{"damage":1.0,"enemies":"The Guardian","floor":16.0,"turns":11.0},{"damage":7.0,"enemies":"2 Thieves","floor":18.0,"turns":4.0},{"damage":13.0,"enemies":"Shell Parasite","floor":20.0,"turns":6.0},{"damage":6.0,"enemies":"Cultist and Chosen","floor":22.0,"turns":5.0},{"damage":13.0,"enemies":"Snake Plant","floor":24.0,"turns":4.0},{"damage":1.0,"enemies":"Centurion and Healer","floor":29.0,"turns":7.0},{"damage":0.0,"enemies":"Gremlin Leader","floor":30.0,"turns":5.0},{"damage":0.0,"enemies":"Shelled Parasite and Fungi","floor":31.0,"turns":3.0},{"damage":33.0,"enemies":"Collector","floor":33.0,"turns":8.0},{"damage":4.0,"enemies":"3 Darklings","floor":35.0,"turns":5.0},{"damage":0.0,"enemies":"Orb Walker","floor":36.0,"turns":2.0},{"damage":3.0,"enemies":"4 Shapes","floor":37.0,"turns":5.0},{"damage":15.0,"enemies":"Maw","floor":38.0,"turns":8.0},{"damage":29.0,"enemies":"3 Darklings","floor":41.0,"turns":4.0},{"damage":4.0,"enemies":"Reptomancer","floor":42.0,"turns":8.0},{"damage":1,"enemies":"Time Eater","floor":50,"turns":15},{"damage":45,"enemies":"Donu and Deca","floor":51,"turns":16}],"seed_played":"5442427307783469604","potions_obtained":[{"floor":4.0,"key":"FearPotion"},{"floor":7.0,"key":"SkillPotion"},{"floor":14.0,"key":"Explosive Potion"},{"floor":18.0,"key":"Poison Potion"},{"floor":20.0,"key":"Explosive Potion"},{"floor":30.0,"key":"Fire Potion"},{"floor":37.0,"key":"PowerPotion"}],"is_trial":false,"path_per_floor":["M","?","M","M","M","R","E","R","T","?","T","R","M","E","R","B",null,"M","$","M","T","M","R","M","$","T","R","?","M","E","M","R","B",null,"M","M","M","M","$","R","M","E","T","?","$","T","R","?","R","B","B",null],"character_chosen":"THE_SILENT","items_purchased":["Meat on the Bone","Well Laid Plans","Footwork","Dramatic Entrance+1","PiercingWail"],"campfire_rested":6,"item_purchase_floors":[19,25,39,39,45],"current_hp_per_floor":[58,58,57,54,52,52,45,45,45,34,34,34,22,4,23,22,55,48,48,35,35,41,41,40,40,40,59,47,46,46,46,65,44,61,57,57,54,39,39,66,37,45,45,45,45,45,66,66,66,65,32],"gold":0,"neow_bonus":"TRANSFORM_CARD","is_prod":false,"is_daily":false,"chose_seed":false,"campfire_upgraded":3,"win_rate":0,"timestamp":1561549969,"path_taken":["M","?","?","M","M","R","E","R","T","?","?","R","M","E","R","BOSS","M","$","M","?","M","R","M","$","T","R","?","M","E","?","R","BOSS","M","?","M","M","$","R","M","E","T","?","?","?","R","?","R","BOSS","BOSS"],"build_version":"2019-06-24","purchased_purges":4,"victory":true,"max_hp_per_floor":[66,66,66,66,66,66,66,66,66,66,66,66,66,66,66,66,66,66,66,66,66,66,66,66,66,66,66,66,66,66,66,66,66,66,66,66,66,66,66,66,66,66,66,66,66,66,66,66,66,66,66],"card_choices":[{"not_picked":["Dagger Throw","Poisoned Stab"],"picked":"Slice","floor":1.0},{"not_picked":["PiercingWail","Accuracy"],"picked":"Caltrops","floor":3.0},{"not_picked":["Deflect","Reflex"],"picked":"Sucker Punch","floor":4.0},{"not_picked":["Choke","Blade Dance"],"picked":"Dodge and Roll","floor":5.0},{"not_picked":["Masterful Stab","Crippling Poison"],"picked":"Cloak And Dagger","floor":7.0},{"not_picked":["Outmaneuver","Setup"],"picked":"Sucker Punch+1","floor":13.0},{"not_picked":["Infinite Blades","Reflex"],"picked":"Noxious Fumes","floor":14.0},{"not_picked":["Grand Finale+1","Envenom"],"picked":"Adrenaline","floor":16.0},{"not_picked":["Expertise","Deadly Poison"],"picked":"Dodge and Roll","floor":18.0},{"not_picked":["Quick Slash+1","Underhanded Strike+1"],"picked":"Dagger Spray+1","floor":20.0},{"not_picked":["Tactician","Poisoned Stab+1"],"picked":"Backstab+1","floor":22.0},{"not_picked":["Quick Slash+1","Outmaneuver","Catalyst+1"],"picked":"SKIP","floor":24.0},{"not_picked":["Dash+1","Catalyst"],"picked":"Backflip+1","floor":29.0},{"not_picked":["Poisoned Stab+1","Deflect"],"picked":"Choke+1","floor":30.0},{"not_picked":["Deflect","Catalyst","Backflip"],"picked":"SKIP","floor":31.0},{"not_picked":["Doppelganger","Glass Knife+1"],"picked":"After Image","floor":33.0},{"not_picked":["Flechettes+1","Deadly Poison"],"picked":"Backflip+1","floor":35.0},{"not_picked":["Masterful Stab+1","Deflect","Quick Slash+1"],"picked":"SKIP","floor":36.0},{"not_picked":["Grand Finale+1","Leg Sweep"],"picked":"Dodge and Roll+1","floor":37.0},{"not_picked":["Quick Slash+1","Poisoned Stab+1"],"picked":"Cloak And Dagger+1","floor":38.0},{"not_picked":["Heel Hook+1","Terror","Dash+1"],"picked":"SKIP","floor":41.0},{"not_picked":["Poisoned Stab+1","Acrobatics"],"picked":"Malaise","floor":42.0}],"player_experience":895080,"relics_obtained":[{"floor":7.0,"key":"Ice Cream"},{"floor":9.0,"key":"Mummified Hand"},{"floor":11.0,"key":"Molten Egg 2"},{"floor":14.0,"key":"Kunai"},{"floor":21.0,"key":"Pen Nib"},{"floor":26.0,"key":"Anchor"},{"floor":30.0,"key":"Unceasing Top"},{"floor":42.0,"key":"Bronze Scales"},{"floor":43.0,"key":"Sundial"},{"floor":46.0,"key":"Centennial Puzzle"}],"event_choices":[{"damage_healed":0.0,"max_hp_gain":0.0,"max_hp_loss":0.0,"gold_gain":0.0,"cards_transformed":["Strike_G"],"event_name":"Transmorgrifier","player_choice":"Transformed","floor":2.0,"gold_loss":0.0,"damage_taken":0.0,"cards_obtained":["All Out Attack"]},{"damage_healed":0.0,"max_hp_gain":0.0,"max_hp_loss":0.0,"gold_gain":0.0,"event_name":"Scrap Ooze","player_choice":"Success","floor":10.0,"gold_loss":0.0,"damage_taken":11.0,"relics_obtained":["Tiny Chest"]},{"damage_healed":0.0,"max_hp_gain":0.0,"max_hp_loss":0.0,"gold_gain":90.0,"event_name":"Knowing Skull","player_choice":"GOLD ","floor":28.0,"potions_obtained":[],"gold_loss":0.0,"damage_taken":12.0,"cards_obtained":[]},{"damage_healed":0.0,"max_hp_gain":0.0,"max_hp_loss":0.0,"gold_gain":275.0,"event_name":"Golden Shrine","player_choice":"Desecrate","floor":44.0,"gold_loss":0.0,"damage_taken":0.0,"cards_obtained":["Regret"]},{"damage_healed":0.0,"max_hp_gain":0.0,"max_hp_loss":0.0,"gold_gain":0.0,"event_name":"Tomb of Lord Red Mask","player_choice":"Paid","floor":48.0,"gold_loss":162.0,"damage_taken":0.0,"relics_obtained":["Red Mask"]}],"is_beta":true,"boss_relics":[{"not_picked":["Tiny House","Busted Crown"],"picked":"Fusion Hammer"},{"not_picked":["Velvet Choker","Runic Dome"],"picked":"Eternal Feather"}],"items_purged_floors":[19,25,39,45],"is_endless":false,"potions_floor_spawned":[4,7,14,18,20,24,30,37],"ascension_level":20}