{"gold_per_floor":[119,137,62,62,81,81,112,112,112,124,124,299,324,337,337,440,440,457,447,60,60],"floor_reached":21,"playtime":1987,"items_purged":["Injury"],"score":189,"play_id":"07ff5495-2d90-401d-af53-6a7de849935d","local_time":"20190609214607","is_ascension_mode":false,"campfire_choices":[{"floor":6.0,"key":"RECALL"},{"floor":11,"key":"REST"},{"floor":15,"key":"REST"}],"neow_cost":"CURSE","seed_source_timestamp":0,"circlet_count":0,"master_deck":["Defend_G","Defend_G","Defend_G","Defend_G","Defend_G","Strike_G","Strike_G","Strike_G","Strike_G","Survivor","Neutralize","Flying Knee","Poisoned Stab","Flechettes","Acrobatics","Backflip","All Out Attack","Doubt","A Thousand Cuts","Outmaneuver+1","After Image","Caltrops","Well Laid Plans"],"special_seed":0,"relics":["Ring of the Snake","Gambling Chip","Matryoshka","Toxic Egg 2","Ancient Tea Set","Darkstone Periapt","Busted Crown","Mummified Hand","Blood Vial"],"potions_floor_usage":[16,19],"damage_taken":[{"damage":0.0,"enemies":"2 Louse","floor":1.0,"turns":4.0},{"damage":7.0,"enemies":"Small Slimes","floor":2.0,"turns":4.0},{"damage":0.0,"enemies":"Jaw Worm","floor":5.0,"turns":3.0},{"damage":25.0,"enemies":"3 Sentries","floor":7.0,"turns":11.0},{"damage":9.0,"enemies":"Large Slime","floor":10.0,"turns":10.0},{"damage":29,"enemies":"Lagavulin","floor":13,"turns":8},{"damage":7,"enemies":"3 Louse","floor":14,"turns":3},{"damage":23,"enemies":"Slime Boss","floor":16,"turns":9},{"damage":25,"enemies":"3 Byrds","floor":18,"turns":5},{"damage":9,"enemies":"2 Thieves","floor":19,"turns":4},{"damage":42,"enemies":"Cultist and Chosen","floor":21,"turns":8}],"seed_played":"7104474563303872827","potions_obtained":[{"floor":5.0,"key":"Fire Potion"},{"floor":7.0,"key":"GhostInAJar"},{"floor":18,"key":"Dexterity Potion"}],"is_trial":false,"path_per_floor":["M","M","$","?","M","R","E","?","T","M","R","?","E","M","R","B",null,"M","M","$","M"],"character_chosen":"THE_SILENT","items_purchased":["Mummified Hand","Blood Vial"],"campfire_rested":2,"item_purchase_floors":[20,20],"current_hp_per_floor":[70,63,63,63,63,63,38,35,35,26,47,47,18,11,32,9,70,45,36,36,0],"gold":60,"neow_bonus":"ONE_RARE_RELIC","is_prod":false,"is_daily":false,"chose_seed":false,"campfire_upgraded":0,"win_rate":0,"timestamp":1560131167,"path_taken":["M","M","$","?","M","R","E","?","T","?","R","?","E","M","R","BOSS","M","M","$","M"],"build_version":"2019-01-23","purchased_purges":1,"victory":false,"max_hp_per_floor":[70,70,70,70,70,70,70,70,70,70,70,70,70,70,70,70,70,70,70,70,70],"card_choices":[{"not_picked":["Underhanded Strike","Quick Slash"],"picked":"Flying Knee","floor":1.0},{"not_picked":["Expertise","Quick Slash"],"picked":"Poisoned Stab","floor":2.0},{"not_picked":["Blade Dance","Outmaneuver"],"picked":"Acrobatics","floor":5.0},{"not_picked":["Underhanded Strike","Tactician"],"picked":"Backflip","floor":7.0},{"not_picked":["Storm of Steel+1","Blade Dance+1"],"picked":"All Out Attack","floor":10.0},{"not_picked":["Escape Plan+1","Riddle With Holes"],"picked":"A Thousand Cuts","floor":13},{"not_picked":["Finisher","Terror+1"],"picked":"Outmaneuver+1","floor":14},{"not_picked":["Malaise+1","Envenom"],"picked":"After Image","floor":16},{"not_picked":[],"picked":"Caltrops","floor":18},{"not_picked":[],"picked":"Well Laid Plans","floor":19}],"player_experience":57503,"relics_obtained":[{"floor":7.0,"key":"Matryoshka"},{"floor":9.0,"key":"Ancient Tea Set"},{"floor":13,"key":"Darkstone Periapt"}],"event_choices":[{"damage_healed":0.0,"max_hp_gain":0.0,"max_hp_loss":0.0,"gold_gain":0.0,"cards_transformed":["Strike_G"],"event_name":"Living Wall","player_choice":"Change","floor":4.0,"gold_loss":0.0,"damage_taken":0.0,"cards_obtained":["Flechettes"]},{"damage_healed":0.0,"max_hp_gain":0.0,"max_hp_loss":0.0,"gold_gain":0.0,"event_name":"Scrap Ooze","player_choice":"Success","floor":8.0,"gold_loss":0.0,"damage_taken":3.0,"relics_obtained":["Toxic Egg 2"]},{"damage_healed":0,"gold_gain":175,"player_choice":"AGREE","damage_taken":0,"max_hp_gain":0,"max_hp_loss":0,"event_name":"Liars Game","floor":12,"gold_loss":0,"cards_obtained":["Doubt"]}],"is_beta":false,"boss_relics":[{"not_picked":["Tiny House","Empty Cage"],"picked":"Busted Crown"}],"items_purged_floors":[3],"is_endless":false,"potions_floor_spawned":[5,7,18],"killed_by":"Cultist and Chosen","ascension_level":0}