{"gold_per_floor":[111,111,20,35,46,71,71,96,96,96,112,112,133,174,174,304,304,324,324,36,61,61,61],"floor_reached":23,"playtime":1657,"items_purged":[],"score":255,"play_id":"218922cd-91fe-4142-8eb4-c192c670a04b","local_time":"20181007182918","is_ascension_mode":true,"campfire_choices":[{"data":"Well Laid Plans","floor":7,"key":"SMITH"},{"floor":12,"key":"REST"},{"data":"Finisher","floor":15,"key":"SMITH"}],"neow_cost":"","seed_source_timestamp":1867817968287974,"circlet_count":0,"master_deck":["Defend_G","Defend_G","Defend_G","Defend_G","Defend_G","Survivor","Neutralize","Backstab","Regret","Well Laid Plans+1","Prepared","Blade Dance","Finisher+1","Backstab","Slice","Blade Dance","Choke","Masterful Stab","Tools of the Trade","Prepared","Bite","Bite","Bite","Bite","Bite","Accuracy","Escape Plan","Flechettes"],"relics":["Ring of the Snake","Letter Opener","The Courier","Bag of Preparation","Bottled Tornado","Golden Idol","Pocketwatch","Coffee Dripper","Dodecahedron"],"potions_floor_usage":[8,14,16,23,23],"damage_taken":[{"damage":0,"enemies":"2 Louse","floor":1,"turns":4},{"damage":0,"enemies":"Small Slimes","floor":4,"turns":3},{"damage":4,"enemies":"Jaw Worm","floor":5,"turns":4},{"damage":16,"enemies":"3 Sentries","floor":6,"turns":9},{"damage":22,"enemies":"Gremlin Nob","floor":8,"turns":4},{"damage":0,"enemies":"Large Slime","floor":11,"turns":1},{"damage":5,"enemies":"3 Louse","floor":13,"turns":2},{"damage":5,"enemies":"3 Sentries","floor":14,"turns":7},{"damage":36,"enemies":"The Guardian","floor":16,"turns":11},{"damage":6,"enemies":"2 Thieves","floor":18,"turns":2},{"damage":0,"enemies":"Chosen","floor":21,"turns":3},{"damage":54,"enemies":"Gremlin Leader","floor":23,"turns":5}],"seed_played":"197853218717303624","potions_obtained":[{"floor":5,"key":"Dexterity Potion"},{"floor":6,"key":"SkillPotion"},{"floor":11,"key":"SpeedPotion"},{"floor":14,"key":"GamblersBrew"},{"floor":18,"key":"FearPotion"},{"floor":21,"key":"Energy Potion"}],"is_trial":false,"path_per_floor":["M","?","$","M","M","E","R","E","T","?","M","R","M","E","R","B",null,"M","?","$","M","?"],"character_chosen":"THE_SILENT","items_purchased":["Well Laid Plans","Prepared","Accuracy","Dodecahedron","Escape Plan"],"campfire_rested":1,"item_purchase_floors":[3,3,20,20,20],"current_hp_per_floor":[70,70,70,70,66,50,50,28,28,28,28,47,42,37,37,1,65,59,45,45,45,45,0],"gold":61,"neow_bonus":"","is_prod":false,"is_daily":false,"chose_seed":false,"campfire_upgraded":2,"win_rate":0,"timestamp":1538958558,"path_taken":["M","?","$","M","M","E","R","E","T","?","M","R","M","E","R","BOSS","M","?","$","?","?","E"],"build_version":"2018-10-04v2","purchased_purges":0,"victory":false,"max_hp_per_floor":[70,70,70,70,70,70,70,70,70,65,65,65,65,65,65,65,65,65,45,45,45,45,45],"card_choices":[{"not_picked":["Cloak And Dagger","Bane"],"picked":"Backstab","floor":1},{"not_picked":["Accuracy","Flying Knee"],"picked":"Blade Dance","floor":4},{"not_picked":["Underhanded Strike","Eviscerate"],"picked":"Finisher","floor":5},{"not_picked":["Expertise","Backflip"],"picked":"Backstab","floor":6},{"not_picked":["Finisher","Prepared"],"picked":"Slice","floor":8},{"not_picked":["Noxious Fumes","Caltrops"],"picked":"Blade Dance","floor":11},{"not_picked":["Underhanded Strike","Tools of the Trade"],"picked":"Choke","floor":13},{"not_picked":["Outmaneuver","Distraction"],"picked":"Masterful Stab","floor":14},{"not_picked":["A Thousand Cuts","Corpse Explosion"],"picked":"Tools of the Trade","floor":16},{"not_picked":["Dodge and Roll","Deflect"],"picked":"Prepared","floor":18},{"not_picked":["Deadly Poison+1","Dodge and Roll"],"picked":"Flechettes","floor":21}],"player_experience":78546,"relics_obtained":[{"floor":6,"key":"The Courier"},{"floor":8,"key":"Bag of Preparation"},{"floor":9,"key":"Bottled Tornado"},{"floor":14,"key":"Pocketwatch"}],"event_choices":[{"event_name":"Big Fish","player_choice":"Box","floor":2,"damage_taken":0},{"event_name":"Golden Idol","player_choice":"Lose Max HP","floor":10,"damage_taken":0},{"event_name":"Vampires","player_choice":"Became a vampire","floor":19,"damage_taken":0},{"event_name":"The Mausoleum","player_choice":"No","floor":22,"damage_taken":0}],"is_beta":false,"boss_relics":[{"not_picked":["Calling Bell","Orrery"],"picked":"Coffee Dripper"}],"items_purged_floors":[],"is_endless":false,"potions_floor_spawned":[5,6,11,14,18,21],"killed_by":"Gremlin Leader","ascension_level":2}