{"gold_per_floor":[112,112,122,122,132,132,145,157,157,188,188,204,204,215,215,313,313,326,342,357,34,34,61,61,80,106,106,106,124,135,135],"floor_reached":31,"playtime":3608,"items_purged":["Defend_G"],"score":261,"play_id":"307c111c-fb7c-45cd-ae3a-0fe0ced1cda2","local_time":"20190610221344","is_ascension_mode":false,"campfire_choices":[{"floor":6.0,"key":"RECALL"},{"floor":11.0,"key":"REST"},{"floor":13.0,"key":"REST"},{"data":"Footwork","floor":15.0,"key":"SMITH"},{"floor":24.0,"key":"REST"},{"floor":27.0,"key":"REST"},{"floor":28.0,"key":"REST"}],"neow_cost":"NONE","seed_source_timestamp":0,"circlet_count":0,"master_deck":["Defend_G","Defend_G","Defend_G","Strike_G","Strike_G","Strike_G","Strike_G","Strike_G","Survivor","Neutralize","Footwork+1","Footwork","Quick Slash","Backflip","Dodge and Roll","Backflip","Backstab","Caltrops","Dagger Spray+1","Flying Knee+1","Accuracy","Sucker Punch","Blade Dance"],"special_seed":0,"relics":["White Beast Statue","WingedGreaves","Black Star","Paper Crane","Mummified Hand","Lantern","Smiling Mask"],"potions_floor_usage":[31],"damage_taken":[{"damage":0.0,"enemies":"Jaw Worm","floor":1.0,"turns":5.0},{"damage":0.0,"enemies":"Cultist","floor":3.0,"turns":5.0},{"damage":1.0,"enemies":"Small Slimes","floor":5.0,"turns":5.0},{"damage":12.0,"enemies":"2 Fungi Beasts","floor":7.0,"turns":5.0},{"damage":9.0,"enemies":"Exordium Wildlife","floor":8.0,"turns":4.0},{"damage":33.0,"enemies":"Gremlin Nob","floor":10.0,"turns":6.0},{"damage":2.0,"enemies":"Looter","floor":12.0,"turns":4.0},{"damage":10.0,"enemies":"Exordium Thugs","floor":14.0,"turns":8.0},{"damage":21.0,"enemies":"The Guardian","floor":16.0,"turns":26.0},{"damage":5.0,"enemies":"3 Byrds","floor":18.0,"turns":10.0},{"damage":9.0,"enemies":"Shell Parasite","floor":19.0,"turns":14.0},{"damage":26.0,"enemies":"Centurion and Healer","floor":20.0,"turns":28.0},{"damage":58.0,"enemies":"Gremlin Leader","floor":23.0,"turns":13.0},{"damage":19.0,"enemies":"Snake Plant","floor":25.0,"turns":5.0},{"damage":21.0,"enemies":"3 Cultists","floor":29.0,"turns":7.0},{"damage":26.0,"enemies":"Chosen and Byrds","floor":30.0,"turns":8.0},{"damage":14,"enemies":"Sentry and Sphere","floor":31,"turns":3}],"seed_played":"-7180006426892925023","potions_obtained":[{"floor":1.0,"key":"FearPotion"},{"floor":3.0,"key":"FearPotion"},{"floor":5.0,"key":"Fruit Juice"},{"floor":7.0,"key":"Regen Potion"},{"floor":8.0,"key":"Strength Potion"},{"floor":10.0,"key":"GhostInAJar"},{"floor":12.0,"key":"Poison Potion"},{"floor":14.0,"key":"Block Potion"},{"floor":16.0,"key":"Poison Potion"},{"floor":18.0,"key":"SpeedPotion"},{"floor":19.0,"key":"Poison Potion"},{"floor":20.0,"key":"SteroidPotion"},{"floor":23.0,"key":"Swift Potion"},{"floor":25.0,"key":"FearPotion"},{"floor":29.0,"key":"Strength Potion"},{"floor":30,"key":"Explosive Potion"}],"is_trial":false,"path_per_floor":["M","?","M","?","M","R","M","M","T","E","R","M","R","M","R","B",null,"M","M","M","$","?","E","R","M","T","R","R","M","M","M"],"character_chosen":"THE_SILENT","items_purchased":["Paper Crane"],"campfire_rested":5,"item_purchase_floors":[21],"current_hp_per_floor":[70,75,75,75,79,79,67,70,70,37,61,59,80,70,70,49,80,75,66,40,40,66,8,32,13,13,37,61,40,14,0],"gold":135,"neow_bonus":"BOSS_RELIC","is_prod":false,"is_daily":false,"chose_seed":false,"campfire_upgraded":1,"win_rate":0,"timestamp":1560219224,"path_taken":["M","?","M","?","M","R","M","M","T","E","R","M","R","M","R","BOSS","M","M","?","$","?","E","R","M","T","R","R","M","M","M"],"build_version":"2019-01-23","purchased_purges":1,"victory":false,"max_hp_per_floor":[70,75,75,75,80,80,80,80,80,80,80,80,80,80,80,80,80,80,80,80,80,80,80,80,80,80,80,80,80,80,80],"card_choices":[{"not_picked":["Predator","Underhanded Strike"],"picked":"Footwork","floor":1.0},{"not_picked":["Underhanded Strike","Dagger Spray"],"picked":"Footwork","floor":3.0},{"not_picked":["Tactician","Deflect"],"picked":"Quick Slash","floor":5.0},{"not_picked":["Blade Dance","Quick Slash"],"picked":"Backflip","floor":7.0},{"not_picked":["Outmaneuver","Sucker Punch","Deflect"],"picked":"SKIP","floor":8.0},{"not_picked":["Endless Agony","Tactician"],"picked":"Dodge and Roll","floor":10.0},{"not_picked":["Prepared","Corpse Explosion"],"picked":"Backflip","floor":12.0},{"not_picked":["Eviscerate","Catalyst"],"picked":"Backstab","floor":14.0},{"not_picked":["Flechettes","Finisher","Expertise"],"picked":"SKIP","floor":18.0},{"not_picked":["Blade Dance+1","Flechettes"],"picked":"Caltrops","floor":19.0},{"not_picked":["Deadly Poison","Outmaneuver"],"picked":"Dagger Spray+1","floor":20.0},{"not_picked":["Reflex","Phantasmal Killer"],"picked":"Flying Knee+1","floor":23.0},{"not_picked":["Deadly Poison","Quick Slash"],"picked":"Accuracy","floor":25.0},{"not_picked":["Bane","Terror"],"picked":"Sucker Punch","floor":29.0},{"not_picked":["Calculated Gamble","Prepared"],"picked":"Blade Dance","floor":30}],"player_experience":59490,"relics_obtained":[{"floor":10.0,"key":"WingedGreaves"},{"floor":23.0,"key":"Mummified Hand"},{"floor":23.0,"key":"Lantern"},{"floor":26.0,"key":"Smiling Mask"}],"event_choices":[{"damage_healed":0.0,"max_hp_gain":5.0,"max_hp_loss":0.0,"gold_gain":0.0,"event_name":"Big Fish","player_choice":"Donut","floor":2.0,"gold_loss":0.0,"damage_taken":0.0},{"cards_removed":["Defend_G"],"damage_healed":0.0,"max_hp_gain":0.0,"max_hp_loss":0.0,"gold_gain":0.0,"event_name":"Purifier","player_choice":"Purged","floor":4.0,"gold_loss":0.0,"damage_taken":0.0},{"damage_healed":26.0,"max_hp_gain":0.0,"max_hp_loss":0.0,"gold_gain":0.0,"event_name":"The Library","player_choice":"Heal","floor":22.0,"gold_loss":0.0,"damage_taken":0.0}],"is_beta":false,"boss_relics":[{"not_picked":["Philosopher\u0027s Stone","WristBlade"],"picked":"Black Star"}],"items_purged_floors":[21],"is_endless":false,"potions_floor_spawned":[1,3,5,7,8,10,12,14,16,18,19,20,23,25,29,30],"killed_by":"Sentry and Sphere","ascension_level":0}