{"gold_per_floor":[115,133,133,146,196,196,224,224,224,237,250,250,282,296,296,370,370,340,360,360,360],"floor_reached":21,"playtime":770,"items_purged":[],"score":382,"play_id":"2767acdc-75a7-4f1d-aa86-e8c0e4ae6bfa","local_time":"20190625163344","is_ascension_mode":true,"campfire_choices":[{"data":"Neutralize","floor":6.0,"key":"SMITH"},{"data":"Cloak And Dagger","floor":8.0,"key":"SMITH"},{"floor":12.0,"key":"REST"},{"data":"Well Laid Plans","floor":15,"key":"SMITH"}],"neow_cost":"NONE","seed_source_timestamp":0,"circlet_count":0,"master_deck":["AscendersBane","Strike_G","Strike_G","Strike_G","Strike_G","Defend_G","Defend_G","Defend_G","Defend_G","Defend_G","Survivor","Neutralize+1","Slice","Cloak And Dagger+1","Well Laid Plans+1","Skewer","Backstab","Dagger Throw","Endless Agony","Deflect","Dodge and Roll","After Image","Backflip","Dodge and Roll"],"special_seed":0,"relics":["Ring of the Snake","Vajra","Bronze Scales","Dodecahedron","Ancient Tea Set","Snecko Eye"],"potions_floor_usage":[13,16,21],"damage_taken":[{"damage":3.0,"enemies":"2 Louse","floor":1.0,"turns":3.0},{"damage":4.0,"enemies":"Small Slimes","floor":2.0,"turns":3.0},{"damage":0.0,"enemies":"Cultist","floor":4.0,"turns":4.0},{"damage":19.0,"enemies":"Lagavulin","floor":7.0,"turns":8.0},{"damage":0.0,"enemies":"Gremlin Gang","floor":10.0,"turns":4.0},{"damage":2.0,"enemies":"3 Louse","floor":11.0,"turns":2.0},{"damage":2,"enemies":"Gremlin Nob","floor":13,"turns":3},{"damage":3,"enemies":"Exordium Thugs","floor":14,"turns":3},{"damage":31,"enemies":"Slime Boss","floor":16,"turns":14},{"damage":31,"enemies":"2 Thieves","floor":18,"turns":4},{"damage":6,"enemies":"3 Byrds","floor":19,"turns":4},{"damage":33,"enemies":"Snecko","floor":21,"turns":8}],"seed_played":"5656997204120201180","potions_obtained":[{"floor":1.0,"key":"SkillPotion"},{"floor":7.0,"key":"Fire Potion"},{"floor":13,"key":"Dexterity Potion"},{"floor":18,"key":"SmokeBomb"},{"floor":19,"key":"SpeedPotion"},{"floor":20,"key":"Regen Potion"},{"floor":20,"key":"GhostInAJar"}],"is_trial":false,"path_per_floor":["M","M","?","M","?","R","E","R","T","M","M","R","E","M","R","B",null,"M","M","?","M"],"character_chosen":"THE_SILENT","items_purchased":[],"campfire_rested":1,"item_purchase_floors":[],"current_hp_per_floor":[56,52,52,52,46,46,27,27,27,27,25,44,42,39,39,8,52,21,15,15,0],"gold":360,"neow_bonus":"RANDOM_COMMON_RELIC","is_prod":false,"is_daily":false,"chose_seed":false,"campfire_upgraded":3,"win_rate":0,"timestamp":1561473224,"path_taken":["M","M","?","M","?","R","E","R","T","M","M","R","E","?","R","BOSS","M","?","?","M"],"build_version":"2019-06-24","purchased_purges":0,"victory":false,"max_hp_per_floor":[66,66,66,66,66,66,66,66,66,66,66,66,66,66,66,66,66,66,66,66,66],"card_choices":[{"not_picked":["Setup","Backflip"],"picked":"Slice","floor":1.0},{"not_picked":["Sucker Punch","Accuracy"],"picked":"Cloak And Dagger","floor":2.0},{"not_picked":["Underhanded Strike","All Out Attack"],"picked":"Skewer","floor":4.0},{"not_picked":["Poisoned Stab","Distraction"],"picked":"Backstab","floor":7.0},{"not_picked":["Heel Hook","Prepared"],"picked":"Dagger Throw","floor":10.0},{"not_picked":["Tools of the Trade","Poisoned Stab"],"picked":"Endless Agony","floor":11.0},{"not_picked":["Underhanded Strike","Bane"],"picked":"Deflect","floor":13},{"not_picked":["Deflect","Calculated Gamble"],"picked":"Dodge and Roll","floor":14},{"not_picked":["Glass Knife","Wraith Form v2"],"picked":"After Image","floor":16},{"not_picked":["Flying Knee","Poisoned Stab"],"picked":"Backflip","floor":18},{"not_picked":["Dagger Spray","Prepared"],"picked":"Dodge and Roll","floor":19}],"player_experience":889360,"relics_obtained":[{"floor":7.0,"key":"Bronze Scales"},{"floor":9.0,"key":"Dodecahedron"},{"floor":13,"key":"Ancient Tea Set"}],"event_choices":[{"damage_healed":0.0,"max_hp_gain":0.0,"max_hp_loss":0.0,"gold_gain":0.0,"cards_transformed":["Strike_G"],"event_name":"Living Wall","player_choice":"Change","floor":3.0,"gold_loss":0.0,"damage_taken":0.0,"cards_obtained":["Well Laid Plans"]},{"damage_healed":0.0,"max_hp_gain":0.0,"max_hp_loss":0.0,"gold_gain":50.0,"event_name":"FaceTrader","player_choice":"Touch","floor":5.0,"gold_loss":0.0,"damage_taken":6.0},{"damage_healed":0,"gold_gain":0,"player_choice":"Got Potions","damage_taken":0,"max_hp_gain":0,"max_hp_loss":0,"event_name":"Lab","floor":20,"gold_loss":0}],"is_beta":true,"boss_relics":[{"not_picked":["Lizard Tail","WristBlade"],"picked":"Snecko Eye"}],"items_purged_floors":[],"is_endless":false,"potions_floor_spawned":[1,7,13,18,19],"killed_by":"Snecko","ascension_level":20}