{"gold_per_floor":[114,114,124,141,187,187,199,199,199,215,234,234,259,276,276,276],"floor_reached":16,"playtime":475,"items_purged":[],"score":208,"play_id":"da525ffe-9796-41f3-ba04-84458dac942c","local_time":"20190513124638","is_ascension_mode":true,"campfire_choices":[{"data":"Bash","floor":6.0,"key":"SMITH"},{"data":"Flame Barrier","floor":8.0,"key":"SMITH"},{"data":"True Grit","floor":12.0,"key":"SMITH"},{"floor":15.0,"key":"REST"}],"neow_cost":"NONE","seed_source_timestamp":175964724484600,"circlet_count":0,"master_deck":["AscendersBane","Strike_R+1","Strike_R","Strike_R+1","Strike_R+1","Strike_R","Defend_R+1","Defend_R","Defend_R","Defend_R","Bash+1","Flex","Armaments+1","Flame Barrier+1","Pummel+1","True Grit+1","Disarm"],"special_seed":0,"relics":["Burning Blood","War Paint","Thread and Needle","Whetstone"],"potions_floor_usage":[16],"damage_taken":[{"damage":4.0,"enemies":"2 Louse","floor":1.0,"turns":3.0},{"damage":7.0,"enemies":"Jaw Worm","floor":3.0,"turns":3.0},{"damage":1.0,"enemies":"Cultist","floor":4.0,"turns":3.0},{"damage":8.0,"enemies":"3 Louse","floor":7.0,"turns":4.0},{"damage":0.0,"enemies":"Red Slaver","floor":10.0,"turns":3.0},{"damage":7.0,"enemies":"Large Slime","floor":11.0,"turns":6.0},{"damage":47.0,"enemies":"Gremlin Nob","floor":13.0,"turns":5.0},{"damage":0.0,"enemies":"Looter","floor":14.0,"turns":3.0},{"damage":54,"enemies":"Slime Boss","floor":16,"turns":12}],"seed_played":"-8690639801083268050","potions_obtained":[{"floor":7.0,"key":"PowerPotion"},{"floor":14.0,"key":"Energy Potion"}],"is_trial":false,"path_per_floor":["M","?","M","M","T","R","M","R","T","M","M","R","E","M","R","B"],"character_chosen":"IRONCLAD","items_purchased":[],"campfire_rested":1,"item_purchase_floors":[],"current_hp_per_floor":[77,52,51,56,56,56,54,54,54,60,59,59,18,24,48,0],"gold":276,"neow_bonus":"TEN_PERCENT_HP_BONUS","is_prod":false,"is_daily":false,"chose_seed":false,"campfire_upgraded":3,"win_rate":0,"timestamp":1557744398,"path_taken":["M","?","M","M","?","R","M","R","T","?","M","R","E","M","R","BOSS"],"build_version":"2019-05-07","purchased_purges":0,"victory":false,"max_hp_per_floor":[82,82,82,82,82,82,82,82,82,82,82,82,82,82,82,82],"card_choices":[{"not_picked":["Perfected Strike","Second Wind"],"picked":"Flex","floor":1.0},{"not_picked":["Corruption","Second Wind"],"picked":"Armaments","floor":3.0},{"not_picked":["Power Through","Havoc"],"picked":"Flame Barrier","floor":4.0},{"not_picked":["Shockwave","Infernal Blade"],"picked":"Pummel","floor":7.0},{"not_picked":["Thunderclap","Sever Soul"],"picked":"True Grit","floor":10.0},{"not_picked":["Burning Pact","Thunderclap","Searing Blow"],"picked":"SKIP","floor":11.0},{"not_picked":["Twin Strike","Heavy Blade"],"picked":"Disarm","floor":13.0},{"not_picked":["Pummel","Anger","Heavy Blade"],"picked":"SKIP","floor":14.0}],"player_experience":695850,"relics_obtained":[{"floor":5.0,"key":"War Paint"},{"floor":9.0,"key":"Thread and Needle"},{"floor":13.0,"key":"Whetstone"}],"event_choices":[{"damage_healed":0.0,"max_hp_gain":0.0,"max_hp_loss":0.0,"gold_gain":0.0,"event_name":"Shining Light","player_choice":"Entered Light","floor":2.0,"gold_loss":0.0,"damage_taken":25.0,"cards_upgraded":["Strike_R","Strike_R"]}],"is_beta":true,"boss_relics":[],"items_purged_floors":[],"is_endless":false,"potions_floor_spawned":[7,14],"killed_by":"Slime Boss","ascension_level":20}