{"gold_per_floor":[18,37,37,37,51,51,76,76,103,143,166,178,220,246,258,368,380,406,429,451,475,58,58,76,76,99,130,142,142,162,162,162,260,260,270,270,288,137,151,182,202,227,251,251],"floor_reached":44,"playtime":4957,"items_purged":["Regret"],"score":694,"play_id":"20887d03-c3f9-4adf-a00c-68ca0477b2d6","local_time":"20190604021813","is_ascension_mode":true,"campfire_choices":[{"data":"Zap","floor":6,"key":"SMITH"},{"data":"Tempest","floor":8,"key":"SMITH"},{"data":"Chill","floor":12,"key":"SMITH"},{"floor":15,"key":"REST"},{"floor":23,"key":"REST"},{"floor":25,"key":"REST"},{"floor":32,"key":"REST"}],"neow_cost":"NO_GOLD","seed_source_timestamp":1210268944112899,"circlet_count":0,"master_deck":["Strike_B","Strike_B","Defend_B","Defend_B","Defend_B","Defend_B","Zap+1","Dualcast","Cold Snap+1","Aggregate","Tempest+1","Cold Snap+1","Chill+1","Amplify","White Noise","Reinforced Body","Creative AI","Defragment","Rebound","Buffer+1","Conserve Battery","Defragment","Cold Snap","Cold Snap+1","Core Surge","Static Discharge","Amplify","Redo","FTL","Multi-Cast","Sweeping Beam+1","Ball Lightning","Barrage","FTL+1","Reinforced Body","Amplify","Stack","Ball Lightning","Self Repair","White Noise","Leap+1","Double Energy+1","Barrage+1","Auto Shields+1"],"relics":["Cracked Core","Strawberry","Dodecahedron","Cables","MawBank","Dream Catcher","Matryoshka","Velvet Choker","Darkstone Periapt","Potion Belt","Orichalcum","Inserter","Oddly Smooth Stone","Omamori","Pen Nib","Whetstone"],"potions_floor_usage":[7,10,13,16,18,19,20,27,30,40,42,44,44],"damage_taken":[{"damage":4,"enemies":"2 Louse","floor":1,"turns":3},{"damage":0,"enemies":"Cultist","floor":2,"turns":3},{"damage":12,"enemies":"Small Slimes","floor":5,"turns":4},{"damage":11,"enemies":"Gremlin Nob","floor":7,"turns":3},{"damage":12,"enemies":"Lagavulin","floor":10,"turns":5},{"damage":4,"enemies":"3 Louse","floor":11,"turns":2},{"damage":4,"enemies":"Gremlin Nob","floor":13,"turns":6},{"damage":7,"enemies":"Looter","floor":14,"turns":2},{"damage":6,"enemies":"The Guardian","floor":16,"turns":10},{"damage":5,"enemies":"3 Byrds","floor":18,"turns":5},{"damage":10,"enemies":"Shell Parasite","floor":19,"turns":7},{"damage":35,"enemies":"Shelled Parasite and Fungi","floor":20,"turns":10},{"damage":16,"enemies":"Snake Plant","floor":21,"turns":4},{"damage":23,"enemies":"Chosen and Byrds","floor":24,"turns":5},{"damage":20,"enemies":"Book of Stabbing","floor":27,"turns":6},{"damage":5,"enemies":"Centurion and Healer","floor":28,"turns":8},{"damage":15,"enemies":"3 Cultists","floor":30,"turns":4},{"damage":16,"enemies":"Automaton","floor":33,"turns":12},{"damage":0,"enemies":"3 Shapes","floor":35,"turns":4},{"damage":6,"enemies":"Orb Walker","floor":37,"turns":4},{"damage":15,"enemies":"4 Shapes","floor":39,"turns":6},{"damage":65,"enemies":"Giant Head","floor":40,"turns":12},{"damage":15,"enemies":"Maw","floor":41,"turns":8},{"damage":0,"enemies":"Nemesis","floor":42,"turns":7},{"damage":32,"enemies":"Spire Growth","floor":44,"turns":5}],"seed_played":"4806942007968293702","potions_obtained":[{"floor":1,"key":"SpeedPotion"},{"floor":5,"key":"Explosive Potion"},{"floor":10,"key":"Dexterity Potion"},{"floor":11,"key":"Block Potion"},{"floor":14,"key":"Block Potion"},{"floor":18,"key":"SpeedPotion"},{"floor":19,"key":"Block Potion"},{"floor":24,"key":"Weak Potion"},{"floor":27,"key":"LiquidBronze"},{"floor":33,"key":"Weak Potion"},{"floor":40,"key":"Swift Potion"},{"floor":41,"key":"Block Potion"},{"floor":42,"key":"Poison Potion"}],"is_trial":false,"path_per_floor":["M","M","?","?","M","R","E","R","T","E","M","R","E","M","R","B",null,"M","M","M","M","$","R","M","R","T","E","M","?","M","?","R","B",null,"M","?","M","$","M","E","M","E","T","M"],"character_chosen":"DEFECT","items_purchased":["Core Surge","Static Discharge","Amplify","Redo","Self Repair","White Noise"],"campfire_rested":4,"item_purchase_floors":[22,22,22,22,38,38],"current_hp_per_floor":[71,71,75,75,63,63,52,52,52,40,36,36,32,25,49,43,82,77,67,32,16,16,40,17,41,41,21,16,16,1,1,25,9,82,82,78,72,72,71,20,12,26,26,0],"gold":251,"neow_bonus":"TRANSFORM_TWO_CARDS","is_prod":false,"is_daily":false,"chose_seed":false,"campfire_upgraded":3,"win_rate":0,"timestamp":1559636293,"path_taken":["M","M","?","?","M","R","E","R","T","E","M","R","E","M","R","BOSS","M","M","M","M","$","R","M","R","T","E","M","?","?","?","R","BOSS","M","?","M","$","M","E","M","E","T","M"],"build_version":"2019-01-23","purchased_purges":1,"victory":false,"max_hp_per_floor":[75,75,82,82,82,82,82,82,82,82,82,82,82,82,82,82,82,82,82,82,82,82,82,82,82,82,82,82,82,82,82,82,82,82,82,78,78,78,78,78,78,78,78,78],"card_choices":[{"not_picked":["Turbo","Reinforced Body"],"picked":"Tempest","floor":1},{"not_picked":["Undo","Scrape"],"picked":"Cold Snap","floor":2},{"not_picked":["Capacitor","White Noise"],"picked":"Chill","floor":5},{"not_picked":["Chaos","Turbo"],"picked":"Amplify","floor":7},{"not_picked":["Reprogram","Force Field"],"picked":"White Noise","floor":10},{"not_picked":["Skim","Streamline"],"picked":"Reinforced Body","floor":11},{"not_picked":["Steam","Hyperbeam"],"picked":"Creative AI","floor":13},{"not_picked":["Sweeping Beam","Go for the Eyes"],"picked":"Defragment","floor":14},{"not_picked":["Scrape","Streamline"],"picked":"Rebound","floor":15},{"not_picked":["Amplify","Reboot"],"picked":"Buffer","floor":16},{"not_picked":["Coolheaded","Darkness"],"picked":"Conserve Battery","floor":18},{"not_picked":["Beam Cell+1","Hologram"],"picked":"Defragment","floor":19},{"not_picked":["Skim","Steam"],"picked":"Cold Snap","floor":20},{"not_picked":["Rip and Tear","Beam Cell"],"picked":"Cold Snap+1","floor":21},{"not_picked":["Streamline","Redo"],"picked":"FTL","floor":23},{"not_picked":["Sunder","Hologram+1"],"picked":"Multi-Cast","floor":24},{"not_picked":["Gash+1","Sunder"],"picked":"Sweeping Beam+1","floor":25},{"not_picked":["Streamline","Reinforced Body"],"picked":"Ball Lightning","floor":27},{"not_picked":["Turbo","Streamline+1"],"picked":"Barrage","floor":28},{"not_picked":["Darkness","Redo"],"picked":"FTL+1","floor":30},{"not_picked":["Fusion+1","Recycle"],"picked":"Reinforced Body","floor":32},{"not_picked":["Multi-Cast","Fission"],"picked":"Amplify","floor":33},{"not_picked":["Streamline","Beam Cell+1"],"picked":"Stack","floor":35},{"not_picked":["Scrape+1","Reprogram+1"],"picked":"Ball Lightning","floor":37},{"not_picked":["Rebound+1","Hologram"],"picked":"Leap+1","floor":39},{"not_picked":["Heatsinks","BootSequence"],"picked":"Double Energy+1","floor":40},{"not_picked":["Hologram+1","Rebound"],"picked":"Barrage+1","floor":41},{"not_picked":["Hello World+1","Coolheaded"],"picked":"Auto Shields+1","floor":42}],"player_experience":281278,"relics_obtained":[{"floor":7,"key":"Cables"},{"floor":9,"key":"MawBank"},{"floor":10,"key":"Dream Catcher"},{"floor":13,"key":"Matryoshka"},{"floor":26,"key":"Darkstone Periapt"},{"floor":26,"key":"Potion Belt"},{"floor":27,"key":"Orichalcum"},{"floor":40,"key":"Oddly Smooth Stone"},{"floor":42,"key":"Omamori"},{"floor":43,"key":"Pen Nib"},{"floor":43,"key":"Whetstone"}],"event_choices":[{"damage_healed":0,"gold_gain":0,"player_choice":"Success","damage_taken":3,"relics_obtained":["Strawberry"],"max_hp_gain":0,"max_hp_loss":0,"event_name":"Scrap Ooze","floor":3,"gold_loss":0},{"damage_healed":0,"gold_gain":0,"player_choice":"Box","damage_taken":0,"relics_obtained":["Dodecahedron"],"max_hp_gain":0,"max_hp_loss":0,"event_name":"Big Fish","floor":4,"gold_loss":0,"cards_obtained":["Regret"]},{"damage_healed":0,"gold_gain":0,"player_choice":"Upgraded","damage_taken":0,"max_hp_gain":0,"max_hp_loss":0,"event_name":"Upgrade Shrine","floor":29,"gold_loss":0,"cards_upgraded":["Buffer"]},{"damage_healed":0,"gold_gain":0,"player_choice":"Ignored","damage_taken":0,"max_hp_gain":0,"max_hp_loss":0,"event_name":"Cursed Tome","floor":31,"gold_loss":0},{"damage_healed":0,"gold_gain":0,"player_choice":"Max HP","damage_taken":0,"max_hp_gain":0,"max_hp_loss":4,"event_name":"Winding Halls","floor":36,"gold_loss":0}],"is_beta":false,"boss_relics":[{"not_picked":["Nuclear Battery","Lizard Tail"],"picked":"Velvet Choker"},{"not_picked":["Snecko Eye","Pandora\u0027s Box"],"picked":"Inserter"}],"items_purged_floors":[22],"is_endless":false,"potions_floor_spawned":[1,5,10,11,14,18,19,24,27,33,40,41,42],"killed_by":"Spire Growth","ascension_level":4}