{"gold_per_floor":[119,131,33,52,52,78,98,133,133,133,133,133,145,162,162,265,265,279,291,206,131,5,30,30,55,55,69,83,94,94,127,127,222,222,232,250,4,16,35,64,64,99,155,155,188,202,212,226,226,226],"floor_reached":51,"playtime":3066,"items_purged":["Barrage"],"score":1109,"play_id":"30275fcc-37fa-4d76-8671-507a3701d719","local_time":"20181007180036","is_ascension_mode":true,"campfire_choices":[{"floor":10,"key":"REST"},{"floor":11,"key":"REST"},{"floor":15,"key":"REST"},{"data":"1","floor":24,"key":"LIFT"},{"data":"2","floor":30,"key":"LIFT"},{"data":"3","floor":32,"key":"LIFT"},{"data":"Scrape","floor":41,"key":"SMITH"},{"data":"Steam Power","floor":44,"key":"SMITH"},{"data":"Steam Power","floor":49,"key":"SMITH"}],"neow_cost":"NONE","seed_source_timestamp":1864673071898921,"circlet_count":0,"master_deck":["Zap","Dualcast","Beam Cell","Redo","Tempest+1","Streamline","Gash","Skim","Sweeping Beam+1","Gash","Stack","Gash","Fission","Gash+1","Rebound","Coolheaded","Steam","Beam Cell","All For One+1","Gash","Rebound","Scrape+1","Go for the Eyes","Skim","Conserve Battery+1","Beam Cell","All For One","Steam Power+1","Thunder Strike","Reboot","Self Repair","BootSequence+1","Reprogram","Stack","Beam Cell+1","Go for the Eyes+1","Steam Power+1","Compile Driver+1","Seek","Stack+1"],"relics":["Pandora\u0027s Box","Smiling Mask","WingedGreaves","The Courier","Coffee Dripper","Matryoshka","Girya","Blood Vial","Bag of Marbles","Meat on the Bone","Whetstone","Nuclear Battery","Orichalcum","PreservedInsect","Vajra","Nunchaku","Tiny Chest","Regal Pillow","Pocketwatch"],"potions_floor_usage":[8,16,25,36,42,45,50],"damage_taken":[{"damage":0,"enemies":"Cultist","floor":1,"turns":2},{"damage":11,"enemies":"Jaw Worm","floor":2,"turns":3},{"damage":0,"enemies":"2 Louse","floor":4,"turns":2},{"damage":18,"enemies":"Lagavulin","floor":6,"turns":3},{"damage":16,"enemies":"Lots of Slimes","floor":7,"turns":2},{"damage":9,"enemies":"Gremlin Nob","floor":8,"turns":3},{"damage":11,"enemies":"3 Louse","floor":13,"turns":3},{"damage":9,"enemies":"Blue Slaver","floor":14,"turns":2},{"damage":35,"enemies":"Hexaghost","floor":16,"turns":6},{"damage":20,"enemies":"2 Thieves","floor":18,"turns":2},{"damage":0,"enemies":"Chosen","floor":19,"turns":3},{"damage":10,"enemies":"Gremlin Leader","floor":23,"turns":3},{"damage":2,"enemies":"Book of Stabbing","floor":25,"turns":2},{"damage":0,"enemies":"Centurion and Healer","floor":27,"turns":4},{"damage":11,"enemies":"Snecko","floor":28,"turns":4},{"damage":0,"enemies":"Snake Plant","floor":29,"turns":2},{"damage":0,"enemies":"Gremlin Leader","floor":31,"turns":3},{"damage":0,"enemies":"Champ","floor":33,"turns":2},{"damage":10,"enemies":"3 Shapes","floor":35,"turns":2},{"damage":0,"enemies":"Orb Walker","floor":36,"turns":1},{"damage":0,"enemies":"Transient","floor":38,"turns":5},{"damage":0,"enemies":"3 Darklings","floor":39,"turns":3},{"damage":0,"enemies":"Nemesis","floor":40,"turns":1},{"damage":7,"enemies":"2 Orb Walkers","floor":42,"turns":3},{"damage":0,"enemies":"Giant Head","floor":45,"turns":3},{"damage":0,"enemies":"Maw","floor":46,"turns":4},{"damage":0,"enemies":"Reptomancer","floor":47,"turns":1},{"damage":1,"enemies":"3 Darklings","floor":48,"turns":2},{"damage":0,"enemies":"Awakened One","floor":50,"turns":4}],"seed_played":"-2002354014011411321","potions_obtained":[{"floor":6,"key":"FocusPotion"},{"floor":13,"key":"FocusPotion"},{"floor":16,"key":"Dexterity Potion"},{"floor":23,"key":"PowerPotion"},{"floor":25,"key":"Block Potion"},{"floor":28,"key":"Ancient Potion"},{"floor":31,"key":"AttackPotion"},{"floor":33,"key":"FocusPotion"},{"floor":38,"key":"Energy Potion"},{"floor":42,"key":"EssenceOfSteel"},{"floor":46,"key":"SmokeBomb"},{"floor":48,"key":"Swift Potion"}],"is_trial":false,"path_per_floor":["M","M","$","M","?","E","M","E","T","R","R","?","M","M","R","B",null,"M","M","?","?","$","E","R","E","T","M","M","M","R","E","R","B",null,"M","M","$","M","M","E","R","E","T","R","E","M","M","M","R","B"],"character_chosen":"DEFECT","items_purchased":["Gash","Stack","Scrape","Go for the Eyes","Orichalcum","PreservedInsect"],"campfire_rested":3,"item_purchase_floors":[3,3,22,22,37,37],"current_hp_per_floor":[75,64,64,64,64,46,30,21,21,43,65,50,39,30,52,17,75,55,55,55,55,55,45,45,43,43,45,48,50,50,52,52,54,75,65,74,74,75,75,75,75,75,75,75,75,75,75,75,75,75],"gold":226,"neow_bonus":"BOSS_RELIC","is_prod":false,"is_daily":false,"chose_seed":false,"campfire_upgraded":3,"win_rate":0,"timestamp":1538956836,"path_taken":["M","M","$","?","?","E","?","E","T","R","R","?","M","M","R","BOSS","M","M","?","?","$","E","R","E","T","?","M","M","R","E","R","BOSS","M","M","$","M","M","E","R","E","T","R","E","M","M","M","R","BOSS"],"build_version":"2018-10-04v2","purchased_purges":1,"victory":true,"max_hp_per_floor":[75,75,75,75,75,75,75,75,75,75,75,75,75,75,75,75,75,75,75,75,75,75,75,75,75,75,75,75,75,75,75,75,75,75,75,75,75,75,75,75,75,75,75,75,75,75,75,75,75,75],"card_choices":[{"not_picked":["Stack","Reinforced Body"],"picked":"Skim","floor":1},{"not_picked":["Compile Driver","Darkness"],"picked":"Sweeping Beam","floor":2},{"not_picked":["Streamline","Defragment"],"picked":"Gash","floor":4},{"not_picked":["Turbo","Hologram"],"picked":"Gash","floor":6},{"not_picked":["Sunder","Turbo"],"picked":"Rebound","floor":7},{"not_picked":["Undo","Biased Cognition"],"picked":"Coolheaded","floor":8},{"not_picked":["Cold Snap","Hello World"],"picked":"Steam","floor":13},{"not_picked":["Leap","Turbo"],"picked":"Beam Cell","floor":14},{"not_picked":["Core Surge","Creative AI"],"picked":"All For One","floor":16},{"not_picked":["Compile Driver","Melter+1"],"picked":"Gash","floor":18},{"not_picked":["Static Discharge+1","Reprogram"],"picked":"Rebound","floor":19},{"not_picked":["Compile Driver","Rebound+1"],"picked":"Skim","floor":23},{"not_picked":["Hello World","Redo"],"picked":"Conserve Battery+1","floor":25},{"not_picked":["Reinforced Body","Tempest"],"picked":"Beam Cell","floor":27},{"not_picked":["Leap","Stack"],"picked":"All For One","floor":28},{"not_picked":["Undo","Coolheaded"],"picked":"Steam Power","floor":29},{"not_picked":["Cold Snap","Hologram"],"picked":"Thunder Strike","floor":31},{"not_picked":["Multi-Cast","Meteor Strike"],"picked":"Reboot","floor":33},{"not_picked":["Go for the Eyes","Double Energy+1"],"picked":"Self Repair","floor":35},{"not_picked":["Defragment+1","Compile Driver"],"picked":"BootSequence+1","floor":36},{"not_picked":["Turbo+1","Coolheaded+1"],"picked":"Reprogram","floor":38},{"not_picked":["BootSequence","Ball Lightning"],"picked":"Stack","floor":39},{"not_picked":["Cold Snap","Genetic Algorithm+1"],"picked":"Beam Cell+1","floor":40},{"not_picked":["Chaos+1","Steam"],"picked":"Go for the Eyes+1","floor":42},{"not_picked":["Barrage","Hello World"],"picked":"Steam Power","floor":45},{"not_picked":["Force Field+1","Coolheaded+1"],"picked":"Compile Driver+1","floor":46},{"not_picked":["Sweeping Beam","Coolheaded+1"],"picked":"Seek","floor":47},{"not_picked":["Redo","Leap"],"picked":"Stack+1","floor":48}],"player_experience":75480,"relics_obtained":[{"floor":6,"key":"Smiling Mask"},{"floor":8,"key":"WingedGreaves"},{"floor":9,"key":"The Courier"},{"floor":23,"key":"Girya"},{"floor":25,"key":"Blood Vial"},{"floor":26,"key":"Bag of Marbles"},{"floor":26,"key":"Meat on the Bone"},{"floor":31,"key":"Whetstone"},{"floor":40,"key":"Vajra"},{"floor":42,"key":"Nunchaku"},{"floor":43,"key":"Tiny Chest"},{"floor":43,"key":"Regal Pillow"},{"floor":45,"key":"Pocketwatch"}],"event_choices":[{"event_name":"Living Wall","player_choice":"Change","floor":5,"damage_taken":0},{"event_name":"Shining Light","player_choice":"Entered Light","floor":12,"damage_taken":0},{"event_name":"Addict","player_choice":"Obtained Relic","floor":20,"damage_taken":0},{"event_name":"Beggar","player_choice":"Gave Gold","floor":21,"damage_taken":0}],"is_beta":false,"boss_relics":[{"not_picked":["Lizard Tail","Runic Dome"],"picked":"Coffee Dripper"},{"not_picked":["Black Star","Empty Cage"],"picked":"Nuclear Battery"}],"items_purged_floors":[22],"is_endless":false,"potions_floor_spawned":[6,13,16,23,25,28,31,33,35,38,42,46,48],"ascension_level":1}