{"gold_per_floor":[116,128,146,146,146,146,163,163,246,265,285,285,61,92,92,183,183,202,227,227,142,142],"floor_reached":22,"playtime":789,"items_purged":["Strike_G"],"score":363,"play_id":"e7264a2e-b71b-442e-bc03-2c9499c1fcd1","local_time":"20190612204907","is_ascension_mode":true,"campfire_choices":[{"data":"Neutralize","floor":6,"key":"SMITH"},{"data":"Well Laid Plans","floor":12,"key":"SMITH"},{"floor":15,"key":"REST"}],"neow_cost":"NONE","seed_source_timestamp":165096627749700,"circlet_count":0,"master_deck":["AscendersBane","Strike_G","Strike_G","Strike_G","Defend_G","Defend_G","Defend_G","Defend_G","Defend_G","Survivor","Neutralize+1","Terror","Poisoned Stab","Noxious Fumes+1","Slice","Well Laid Plans+1","Leg Sweep","Malaise","Adrenaline","Cloak And Dagger","Catalyst","Writhe"],"relics":["Ring of the Snake","Golden Idol","Tiny Chest","Anchor","Philosopher\u0027s Stone","Blue Candle","Paper Crane"],"potions_floor_usage":[14,16,22],"damage_taken":[{"damage":0,"enemies":"2 Louse","floor":1,"turns":4},{"damage":5,"enemies":"Small Slimes","floor":2,"turns":4},{"damage":1,"enemies":"Cultist","floor":3,"turns":4},{"damage":17,"enemies":"3 Louse","floor":7,"turns":3},{"damage":7,"enemies":"Large Slime","floor":10,"turns":6},{"damage":0,"enemies":"2 Fungi Beasts","floor":11,"turns":4},{"damage":27,"enemies":"3 Sentries","floor":14,"turns":8},{"damage":14,"enemies":"The Guardian","floor":16,"turns":10},{"damage":9,"enemies":"Shell Parasite","floor":18,"turns":7},{"damage":13,"enemies":"Spheric Guardian","floor":19,"turns":5},{"damage":42,"enemies":"Cultist and Chosen","floor":22,"turns":6}],"seed_played":"-5696233547928552857","potions_obtained":[{"floor":1,"key":"Strength Potion"},{"floor":7,"key":"Regen Potion"},{"floor":18,"key":"SkillPotion"}],"is_trial":false,"path_per_floor":["M","M","M","?","?","R","M","?","T","M","M","R","$","E","R","B",null,"M","M","?","?","M"],"character_chosen":"THE_SILENT","items_purchased":["Malaise"],"campfire_rested":1,"item_purchase_floors":[13],"current_hp_per_floor":[59,54,53,53,53,53,36,36,36,29,29,29,29,17,35,21,50,41,28,28,28,0],"gold":142,"neow_bonus":"THREE_CARDS","is_prod":false,"is_daily":false,"chose_seed":false,"campfire_upgraded":2,"win_rate":0,"timestamp":1560365347,"path_taken":["M","M","M","?","?","R","?","?","T","M","M","R","$","E","R","BOSS","M","M","?","?","M"],"build_version":"2019-06-11","purchased_purges":1,"victory":false,"max_hp_per_floor":[66,66,66,66,66,66,66,60,60,60,60,60,60,60,60,60,60,60,60,60,60,60],"card_choices":[{"not_picked":["Outmaneuver","Backflip"],"picked":"Terror","floor":0},{"not_picked":["Prepared","Sucker Punch"],"picked":"Poisoned Stab","floor":1},{"not_picked":["Dodge and Roll","Underhanded Strike"],"picked":"Noxious Fumes","floor":2},{"not_picked":["Concentrate","All Out Attack"],"picked":"Slice","floor":3},{"not_picked":["Infinite Blades","Poisoned Stab"],"picked":"Well Laid Plans","floor":7},{"not_picked":["Reflex","Eviscerate"],"picked":"Leg Sweep","floor":10},{"not_picked":["Outmaneuver","Quick Slash","Choke"],"picked":"SKIP","floor":11},{"not_picked":["Flying Knee","Reflex","Setup"],"picked":"SKIP","floor":14},{"not_picked":["Doppelganger","Grand Finale"],"picked":"Adrenaline","floor":16},{"not_picked":["Underhanded Strike","Heel Hook+1"],"picked":"Cloak And Dagger","floor":18},{"not_picked":["Blur","Crippling Poison"],"picked":"Catalyst","floor":19}],"player_experience":815271,"relics_obtained":[{"floor":9,"key":"Tiny Chest"},{"floor":14,"key":"Anchor"}],"event_choices":[{"cards_removed":["Strike_G"],"damage_healed":0,"gold_gain":0,"player_choice":"Forget","damage_taken":0,"max_hp_gain":0,"max_hp_loss":0,"event_name":"Living Wall","floor":4,"gold_loss":0},{"damage_healed":0,"gold_gain":0,"player_choice":"Upgraded","damage_taken":0,"max_hp_gain":0,"max_hp_loss":0,"event_name":"Upgrade Shrine","floor":5,"gold_loss":0,"cards_upgraded":["Noxious Fumes"]},{"damage_healed":0,"gold_gain":0,"player_choice":"Lose Max HP","damage_taken":0,"relics_obtained":["Golden Idol"],"max_hp_gain":0,"max_hp_loss":6,"event_name":"Golden Idol","floor":8,"gold_loss":0},{"damage_healed":0,"gold_gain":0,"player_choice":"Opened","damage_taken":0,"relics_obtained":["Blue Candle"],"max_hp_gain":0,"max_hp_loss":0,"event_name":"The Mausoleum","floor":20,"gold_loss":0,"cards_obtained":["Writhe"]},{"damage_healed":0,"gold_gain":0,"player_choice":"Obtained Relic","damage_taken":0,"relics_obtained":["Paper Crane"],"max_hp_gain":0,"max_hp_loss":0,"event_name":"Addict","floor":21,"gold_loss":85}],"is_beta":true,"boss_relics":[{"not_picked":["Lizard Tail","Ectoplasm"],"picked":"Philosopher\u0027s Stone"}],"items_purged_floors":[13],"is_endless":false,"potions_floor_spawned":[1,7,11,18],"killed_by":"Cultist and Chosen","ascension_level":19}