{"gold_per_floor":[216,232,61,80,45,45,45,70,96,96,121,137,157,172,172,245,245,263,149,149,124,144,144,144],"floor_reached":24,"playtime":886,"items_purged":["Strike_G"],"score":396,"play_id":"96514936-986f-4071-9100-c36e6367a280","local_time":"20190613213122","is_ascension_mode":true,"campfire_choices":[{"data":"Noxious Fumes","floor":6,"key":"SMITH"},{"floor":15,"key":"REST"},{"data":"After Image","floor":23,"key":"SMITH"}],"neow_cost":"NONE","seed_source_timestamp":40822579066400,"circlet_count":0,"master_deck":["AscendersBane","Strike_G","Strike_G","Strike_G","Defend_G","Defend_G","Defend_G","Defend_G","Defend_G","Survivor","Neutralize","Noxious Fumes+1","Infinite Blades","Backstab","Well Laid Plans","Deflect","Slice","Noxious Fumes","Cloak And Dagger","Dagger Spray","Backstab","After Image+1","Footwork","Backflip"],"relics":["Ring of the Snake","Dream Catcher","Bag of Marbles","Juzu Bracelet","Odd Mushroom","Eternal Feather","Nilry\u0027s Codex"],"potions_floor_usage":[8,18,22],"damage_taken":[{"damage":22,"enemies":"Jaw Worm","floor":1,"turns":7},{"damage":4,"enemies":"2 Louse","floor":2,"turns":4},{"damage":4,"enemies":"Small Slimes","floor":4,"turns":4},{"damage":5,"enemies":"Lagavulin","floor":8,"turns":8},{"damage":11,"enemies":"The Mushroom Lair","floor":11,"turns":4},{"damage":0,"enemies":"3 Louse","floor":12,"turns":3},{"damage":9,"enemies":"Looter","floor":13,"turns":4},{"damage":0,"enemies":"Gremlin Gang","floor":14,"turns":6},{"damage":25,"enemies":"The Guardian","floor":16,"turns":11},{"damage":12,"enemies":"3 Byrds","floor":18,"turns":4},{"damage":15,"enemies":"2 Thieves","floor":21,"turns":4},{"damage":11,"enemies":"Sentry and Sphere","floor":22,"turns":6},{"damage":27,"enemies":"Cultist and Chosen","floor":24,"turns":5}],"seed_played":"6400822673120355765","potions_obtained":[{"floor":1,"key":"Block Potion"},{"floor":12,"key":"Block Potion"},{"floor":16,"key":"Regen Potion"}],"is_trial":false,"path_per_floor":["M","M","$","M","?","R","?","E","T","T","?","M","M","M","R","B",null,"M","$","?","M","M","R","M"],"character_chosen":"THE_SILENT","items_purchased":["Backstab","Well Laid Plans","Footwork"],"campfire_rested":1,"item_purchase_floors":[3,3,19],"current_hp_per_floor":[37,33,33,29,45,45,45,40,40,40,29,29,20,20,39,14,53,41,41,20,5,9,21,0],"gold":144,"neow_bonus":"HUNDRED_GOLD","is_prod":false,"is_daily":false,"chose_seed":false,"campfire_upgraded":2,"win_rate":0,"timestamp":1560454282,"path_taken":["M","M","$","M","?","R","?","E","T","?","?","M","M","M","R","BOSS","M","$","?","M","M","R","M"],"build_version":"2019-06-12","purchased_purges":1,"victory":false,"max_hp_per_floor":[66,66,66,66,66,66,66,66,66,66,66,66,66,66,66,66,66,66,66,66,66,66,66,66],"card_choices":[{"not_picked":["Caltrops","Skewer"],"picked":"Noxious Fumes","floor":1},{"not_picked":["Eviscerate","Blade Dance"],"picked":"Infinite Blades","floor":2},{"not_picked":["Setup","Underhanded Strike"],"picked":"Deflect","floor":4},{"not_picked":["Dodge and Roll","Crippling Poison"],"picked":"Slice","floor":8},{"not_picked":["Phantasmal Killer","Blur"],"picked":"Noxious Fumes","floor":11},{"not_picked":["Dash","Heel Hook"],"picked":"Cloak And Dagger","floor":12},{"not_picked":["Sucker Punch","PiercingWail"],"picked":"Dagger Spray","floor":13},{"not_picked":["Sucker Punch","Dodge and Roll"],"picked":"Backstab","floor":14},{"not_picked":["A Thousand Cuts","Burst"],"picked":"After Image","floor":16},{"not_picked":["Terror","Deflect","Dash"],"picked":"SKIP","floor":18},{"not_picked":["Flying Knee","Dagger Throw"],"picked":"Backflip","floor":21},{"not_picked":["Dash","Dagger Throw","Heel Hook"],"picked":"SKIP","floor":22}],"player_experience":824970,"relics_obtained":[{"floor":8,"key":"Dream Catcher"},{"floor":9,"key":"Bag of Marbles"},{"floor":10,"key":"Juzu Bracelet"},{"floor":11,"key":"Odd Mushroom"},{"floor":20,"key":"Nilry\u0027s Codex"}],"event_choices":[{"damage_healed":16,"gold_gain":0,"player_choice":"Healed","damage_taken":0,"max_hp_gain":0,"max_hp_loss":0,"event_name":"The Cleric","floor":5,"gold_loss":35},{"cards_removed":["Strike_G"],"damage_healed":0,"gold_gain":0,"player_choice":"Forget","damage_taken":0,"max_hp_gain":0,"max_hp_loss":0,"event_name":"Living Wall","floor":7,"gold_loss":0},{"damage_healed":0,"gold_gain":0,"player_choice":"Fought Mushrooms","damage_taken":0,"max_hp_gain":0,"max_hp_loss":0,"event_name":"Mushrooms","floor":11,"gold_loss":0},{"damage_healed":0,"gold_gain":0,"player_choice":"Obtained Book","damage_taken":21,"max_hp_gain":0,"max_hp_loss":0,"event_name":"Cursed Tome","floor":20,"gold_loss":0}],"is_beta":true,"boss_relics":[{"not_picked":["Runic Pyramid","Empty Cage"],"picked":"Eternal Feather"}],"items_purged_floors":[19],"is_endless":false,"potions_floor_spawned":[1,12,16],"killed_by":"Cultist and Chosen","ascension_level":20}