{"gold_per_floor":[109,17,29,44,18,47,16,44,90,90],"floor_reached":10,"playtime":582,"items_purged":[],"score":110,"play_id":"adec4530-0be4-4242-bcc6-a6a9ba4d8a98","local_time":"20190605193635","is_ascension_mode":true,"campfire_choices":[],"neow_cost":"CURSE","seed_source_timestamp":1363382615110108,"circlet_count":0,"master_deck":["Defend_G","Defend_G","Defend_G","Defend_G","Defend_G","Strike_G","Strike_G","Strike_G","Strike_G","Strike_G","Survivor","Neutralize","Writhe","Bullet Time","Poisoned Stab","Footwork","Dodge and Roll","Poisoned Stab","Noxious Fumes","Dagger Spray","A Thousand Cuts","Sucker Punch"],"relics":["Ring of the Snake","Darkstone Periapt","PreservedInsect","Blood Vial"],"potions_floor_usage":[8,10],"damage_taken":[{"damage":0,"enemies":"Small Slimes","floor":1,"turns":5},{"damage":2,"enemies":"Jaw Worm","floor":3,"turns":5},{"damage":0,"enemies":"2 Louse","floor":4,"turns":4},{"damage":46,"enemies":"Gremlin Nob","floor":6,"turns":6},{"damage":12,"enemies":"3 Sentries","floor":8,"turns":8},{"damage":9,"enemies":"Gremlin Nob","floor":10,"turns":2}],"seed_played":"-431990184338477386","potions_obtained":[{"floor":6,"key":"Dexterity Potion"},{"floor":8,"key":"SteroidPotion"}],"is_trial":false,"path_per_floor":["M","$","M","M","$","E","?","E","T","E"],"character_chosen":"THE_SILENT","items_purchased":["Footwork","Dodge and Roll","Dagger Spray"],"campfire_rested":0,"item_purchase_floors":[2,2,5],"current_hp_per_floor":[63,63,61,61,61,15,15,3,3,0],"gold":90,"neow_bonus":"THREE_RARE_CARDS","is_prod":false,"is_daily":false,"chose_seed":false,"campfire_upgraded":0,"win_rate":0,"timestamp":1559784995,"path_taken":["M","$","M","M","$","E","?","E","T","E"],"build_version":"2019-01-23","purchased_purges":0,"victory":false,"max_hp_per_floor":[70,70,70,70,70,70,70,70,70,70],"card_choices":[{"not_picked":["Doppelganger","Burst"],"picked":"Bullet Time","floor":0},{"not_picked":["Dodge and Roll","Slice"],"picked":"Poisoned Stab","floor":1},{"not_picked":["Deflect","Underhanded Strike"],"picked":"Poisoned Stab","floor":3},{"not_picked":["Setup","Skewer"],"picked":"Noxious Fumes","floor":4},{"not_picked":["Backflip","Setup"],"picked":"A Thousand Cuts","floor":6},{"not_picked":["All Out Attack","Dagger Throw"],"picked":"Sucker Punch","floor":8}],"player_experience":309796,"relics_obtained":[{"floor":6,"key":"Darkstone Periapt"},{"floor":8,"key":"PreservedInsect"},{"floor":9,"key":"Blood Vial"}],"event_choices":[{"damage_healed":0,"gold_gain":0,"player_choice":"Left Gold","damage_taken":0,"max_hp_gain":0,"max_hp_loss":0,"event_name":"World of Goop","floor":7,"gold_loss":31}],"is_beta":false,"boss_relics":[],"items_purged_floors":[],"is_endless":false,"potions_floor_spawned":[6,8],"killed_by":"Gremlin Nob","ascension_level":9}