{"gold_per_floor":[118,130,80,80,5,5,21,44,117,131,154,154,169,187,187,311,311,335,335,235,255,274,315,315,315,338,145,188,188,202,127,127,257,257,272,285,308,324,348,348,381,402,480,480,480,480,480,480,480,480],"floor_reached":51,"playtime":6680,"items_purged":["Injury","Writhe","Defend_G"],"score":711,"play_id":"d6f67f6a-230b-4dfe-ab34-75aaba874009","local_time":"20190614222106","is_ascension_mode":false,"campfire_choices":[{"floor":6.0,"key":"REST"},{"floor":12.0,"key":"REST"},{"floor":15.0,"key":"REST"},{"floor":25,"key":"RECALL"},{"floor":29,"key":"REST"},{"floor":32,"key":"REST"},{"floor":40,"key":"REST"},{"floor":47,"key":"REST"},{"floor":49,"key":"REST"}],"neow_cost":"NONE","seed_source_timestamp":0,"circlet_count":0,"master_deck":["Defend_G","Defend_G","Defend_G","Defend_G","Strike_G","Strike_G","Survivor","Neutralize","Well Laid Plans+1","Underhanded Strike","Flying Knee","Acrobatics","Backflip","Dagger Throw","Bullet Time","Tactician","Dagger Throw","Riddle With Holes","Predator","Eviscerate","Finisher","Eviscerate","Leg Sweep","Choke+1","Writhe"],"special_seed":0,"relics":["Snecko Eye","Golden Idol","Mercury Hourglass","Orrery","Strawberry","Smiling Mask","Lantern","Matryoshka","Fusion Hammer","Art of War","Dodecahedron","Bottled Flame"],"potions_floor_usage":[23,28,33,37,42,50,50],"damage_taken":[{"damage":44.0,"enemies":"Cultist","floor":1.0,"turns":9.0},{"damage":3.0,"enemies":"Small Slimes","floor":2.0,"turns":4.0},{"damage":0.0,"enemies":"2 Louse","floor":7.0,"turns":5.0},{"damage":0.0,"enemies":"Looter","floor":8.0,"turns":4.0},{"damage":8.0,"enemies":"Large Slime","floor":10.0,"turns":4.0},{"damage":0.0,"enemies":"Blue Slaver","floor":11.0,"turns":3.0},{"damage":0.0,"enemies":"Looter","floor":13.0,"turns":2.0},{"damage":1.0,"enemies":"3 Louse","floor":14.0,"turns":2.0},{"damage":6.0,"enemies":"Slime Boss","floor":16.0,"turns":7.0},{"damage":5.0,"enemies":"2 Thieves","floor":18.0,"turns":4.0},{"damage":0.0,"enemies":"Chosen","floor":21.0,"turns":4.0},{"damage":3,"enemies":"Snecko","floor":22,"turns":4},{"damage":0,"enemies":"Gremlin Leader","floor":23,"turns":5},{"damage":24,"enemies":"Slavers","floor":28,"turns":5},{"damage":18,"enemies":"Snake Plant","floor":30,"turns":4},{"damage":49,"enemies":"Champ","floor":33,"turns":8},{"damage":15,"enemies":"3 Darklings","floor":35,"turns":5},{"damage":10,"enemies":"3 Shapes","floor":36,"turns":2},{"damage":33,"enemies":"Sphere and 2 Shapes","floor":37,"turns":12},{"damage":14,"enemies":"4 Shapes","floor":38,"turns":6},{"damage":0,"enemies":"Transient","floor":39,"turns":5},{"damage":0,"enemies":"Reptomancer","floor":41,"turns":7},{"damage":2,"enemies":"Jaw Worm Horde","floor":42,"turns":3},{"damage":74,"enemies":"Time Eater","floor":50,"turns":11}],"seed_played":"-6143294032453269795","potions_obtained":[{"floor":1.0,"key":"Block Potion"},{"floor":7.0,"key":"GamblersBrew"},{"floor":10.0,"key":"Weak Potion"},{"floor":18.0,"key":"Poison Potion"},{"floor":22,"key":"Strength Potion"},{"floor":30,"key":"LiquidBronze"},{"floor":37,"key":"GamblersBrew"},{"floor":39,"key":"GhostInAJar"},{"floor":41,"key":"Block Potion"}],"is_trial":false,"path_per_floor":["M","M","?","?","$","R","M","M","T","M","M","R","M","M","R","B",null,"M","?","$","M","M","E","?","R","T","$","E","R","M","?","R","B",null,"M","M","M","M","M","R","E","M","T","?","?","?","R","?","R","B",null],"character_chosen":"THE_SILENT","items_purchased":["Lantern"],"campfire_rested":8,"item_purchase_floors":[27],"current_hp_per_floor":[26,23,23,23,23,44,44,44,44,36,36,57,57,56,70,64,70,65,72,72,72,69,69,69,69,69,69,45,68,50,50,73,24,77,62,52,19,5,5,28,28,26,26,26,26,45,68,68,77,3],"gold":480,"neow_bonus":"BOSS_RELIC","is_prod":false,"is_daily":false,"chose_seed":false,"campfire_upgraded":0,"win_rate":0,"timestamp":1560565266,"path_taken":["M","?","?","?","$","R","M","M","T","M","M","R","M","M","R","BOSS","M","?","$","M","M","E","?","R","T","$","E","R","M","?","R","BOSS","M","M","M","M","M","R","E","M","T","?","?","?","R","?","R","BOSS"],"build_version":"2019-01-23","purchased_purges":3,"victory":true,"max_hp_per_floor":[70,70,70,70,70,70,70,70,70,70,70,70,70,70,70,70,70,70,77,77,77,77,77,77,77,77,77,77,77,77,77,77,77,77,77,77,77,77,77,77,77,77,77,77,77,77,77,77,77,77],"card_choices":[{"not_picked":["Bane","Dodge and Roll"],"picked":"Well Laid Plans","floor":1.0},{"not_picked":["Bane","All Out Attack"],"picked":"Underhanded Strike","floor":2.0},{"not_picked":["Noxious Fumes","Backstab"],"picked":"Eviscerate","floor":7.0},{"not_picked":["PiercingWail","Infinite Blades"],"picked":"Flying Knee","floor":8.0},{"not_picked":["PiercingWail","Bane"],"picked":"Acrobatics","floor":10.0},{"not_picked":["Deflect","Dagger Spray","Accuracy"],"picked":"SKIP","floor":11.0},{"not_picked":["Prepared","Deflect"],"picked":"Backflip","floor":13.0},{"not_picked":["Noxious Fumes","Sucker Punch"],"picked":"Dagger Throw","floor":14.0},{"not_picked":["After Image","Die Die Die"],"picked":"Bullet Time","floor":16.0},{"not_picked":["Reflex","Outmaneuver"],"picked":"Tactician","floor":17.0},{"not_picked":["Blade Dance","Backflip"],"picked":"Dagger Throw","floor":17.0},{"not_picked":["Deadly Poison","Bane"],"picked":"Riddle With Holes","floor":17.0},{"not_picked":["Bane+1","Slice+1","Deflect"],"picked":"SKIP","floor":18.0},{"not_picked":["Heel Hook","Quick Slash"],"picked":"Predator","floor":21},{"not_picked":["Deflect+1","Acrobatics","Terror"],"picked":"SKIP","floor":22},{"not_picked":["Prepared","Footwork","Flying Knee+1"],"picked":"SKIP","floor":23},{"not_picked":["Flying Knee+1","Dash"],"picked":"Eviscerate","floor":28},{"not_picked":["Calculated Gamble","Prepared+1","Distraction"],"picked":"SKIP","floor":30},{"not_picked":["Footwork+1","Cloak And Dagger+1","Finisher"],"picked":"SKIP","floor":35},{"not_picked":["Outmaneuver+1","Slice"],"picked":"Finisher","floor":36},{"not_picked":["PiercingWail+1","Prepared+1","Flechettes+1"],"picked":"SKIP","floor":37},{"not_picked":["Unload","PiercingWail"],"picked":"Eviscerate","floor":38},{"not_picked":["Deadly Poison+1","Predator"],"picked":"Leg Sweep","floor":39},{"not_picked":["Eviscerate+1","Deadly Poison+1"],"picked":"Choke+1","floor":41},{"not_picked":["Escape Plan+1","Sucker Punch+1","PiercingWail"],"picked":"SKIP","floor":42}],"player_experience":73708,"relics_obtained":[{"floor":9.0,"key":"Mercury Hourglass"},{"floor":23,"key":"Smiling Mask"},{"floor":28,"key":"Matryoshka"},{"floor":41,"key":"Art of War"},{"floor":43,"key":"Dodecahedron"},{"floor":43,"key":"Bottled Flame"}],"event_choices":[{"cards_removed":["Strike_G"],"damage_healed":0.0,"max_hp_gain":0.0,"max_hp_loss":0.0,"gold_gain":0.0,"event_name":"The Cleric","player_choice":"Card Removal","floor":3.0,"gold_loss":50.0,"damage_taken":0.0},{"damage_healed":0.0,"max_hp_gain":0.0,"max_hp_loss":0.0,"gold_gain":0.0,"event_name":"Golden Idol","player_choice":"Take Wound","floor":4.0,"gold_loss":0.0,"damage_taken":0.0,"relics_obtained":["Golden Idol"],"cards_obtained":["Injury"]},{"damage_healed":0.0,"max_hp_gain":0.0,"max_hp_loss":0.0,"gold_gain":0.0,"event_name":"The Mausoleum","player_choice":"Opened","floor":19.0,"gold_loss":0.0,"damage_taken":0.0,"relics_obtained":["Strawberry"],"cards_obtained":["Writhe"]},{"cards_removed":["Strike_G"],"damage_healed":0,"gold_gain":0,"player_choice":"Elegance","damage_taken":0,"max_hp_gain":0,"max_hp_loss":0,"event_name":"Back to Basics","floor":24,"gold_loss":0},{"cards_removed":["Strike_G"],"damage_healed":0,"gold_gain":0,"player_choice":"Gave Gold","damage_taken":0,"max_hp_gain":0,"max_hp_loss":0,"event_name":"Beggar","floor":31,"gold_loss":75},{"cards_removed":["Eviscerate"],"damage_healed":0,"gold_gain":0,"player_choice":"Removed Attack","damage_taken":0,"max_hp_gain":0,"max_hp_loss":0,"event_name":"Falling","floor":44,"gold_loss":0},{"damage_healed":0,"gold_gain":0,"player_choice":"Memory 1","damage_taken":0,"max_hp_gain":0,"max_hp_loss":0,"event_name":"SensoryStone","floor":45,"gold_loss":0},{"damage_healed":19,"gold_gain":0,"player_choice":"Writhe","damage_taken":0,"max_hp_gain":0,"max_hp_loss":0,"event_name":"Winding Halls","floor":46,"gold_loss":0,"cards_obtained":["Writhe"]},{"damage_healed":0,"gold_gain":0,"player_choice":"Upgraded","damage_taken":0,"max_hp_gain":0,"max_hp_loss":0,"event_name":"Upgrade Shrine","floor":48,"gold_loss":0,"cards_upgraded":["Well Laid Plans"]}],"is_beta":false,"boss_relics":[{"not_picked":["Calling Bell","Velvet Choker"],"picked":"Orrery"},{"not_picked":["Runic Dome","HoveringKite"],"picked":"Fusion Hammer"}],"items_purged_floors":[5,20,27],"is_endless":false,"potions_floor_spawned":[1,7,10,14,18,22,30,37,39,41],"ascension_level":0}