{"gold_per_floor":[115,131,131,144,319,319,339,339,369,389,389,421,421,197,197,274,274,293,293,293,312,140,140],"floor_reached":23,"playtime":639,"items_purged":["Regret","Doubt"],"score":346,"play_id":"174597f1-b45c-435b-8e56-3a93ebe570aa","local_time":"20190507111059","is_ascension_mode":true,"campfire_choices":[{"floor":6,"key":"REST"},{"data":"Ball Lightning","floor":8,"key":"SMITH"},{"floor":13,"key":"REST"},{"floor":15,"key":"REST"}],"neow_cost":"NONE","seed_source_timestamp":96293059630200,"circlet_count":0,"master_deck":["AscendersBane","Defend_B","Defend_B","Defend_B","Defend_B","Zap","Dualcast","Panacea","Reinforced Body","Ball Lightning+1","Conserve Battery+1","Conserve Battery+1","FTL","Compile Driver","Bandage Up+1","Turbo+1","Electrodynamics","Conserve Battery+1","Bite","Bite","Bite","Bite","Bite","Necronomicurse","Coolheaded+1","Compile Driver","Leap+1"],"relics":["Cracked Core","Toxic Egg 2","Tiny Chest","Vajra","PreservedInsect","Inserter","Necronomicon"],"potions_floor_usage":[16,21],"damage_taken":[{"damage":7,"enemies":"2 Louse","floor":1,"turns":3},{"damage":13,"enemies":"Jaw Worm","floor":2,"turns":4},{"damage":10,"enemies":"Small Slimes","floor":4,"turns":4},{"damage":13,"enemies":"Looter","floor":7,"turns":3},{"damage":2,"enemies":"2 Fungi Beasts","floor":10,"turns":3},{"damage":23,"enemies":"Lagavulin","floor":12,"turns":6},{"damage":14,"enemies":"Slime Boss","floor":16,"turns":8},{"damage":9,"enemies":"Chosen","floor":18,"turns":5},{"damage":7,"enemies":"3 Byrds","floor":21,"turns":3},{"damage":54,"enemies":"Book of Stabbing","floor":23,"turns":5}],"seed_played":"-1524057770832296783","potions_obtained":[{"floor":1,"key":"Swift Potion"},{"floor":2,"key":"Fire Potion"},{"floor":16,"key":"Regen Potion"}],"is_trial":false,"path_per_floor":["M","M","?","M","?","R","M","R","T","M","?","E","R","$","R","B",null,"M","?","?","M","$","E"],"character_chosen":"DEFECT","items_purchased":["Bandage Up+1","Turbo+1","Compile Driver","Leap+1"],"campfire_rested":3,"item_purchase_floors":[14,14,22,22],"current_hp_per_floor":[57,44,44,34,34,55,42,42,42,40,37,14,35,35,56,48,65,62,49,33,40,40,0],"gold":140,"neow_bonus":"RANDOM_COLORLESS","is_prod":false,"is_daily":false,"chose_seed":false,"campfire_upgraded":1,"win_rate":0,"timestamp":1557220259,"path_taken":["M","M","?","M","?","R","M","R","T","M","?","E","R","?","R","BOSS","M","?","?","M","?","E"],"build_version":"2019-04-23","purchased_purges":2,"victory":false,"max_hp_per_floor":[71,71,71,71,71,71,71,71,71,71,71,71,71,71,71,71,71,71,49,49,49,49,49],"card_choices":[{"not_picked":["Coolheaded","Redo"],"picked":"Reinforced Body","floor":1},{"not_picked":["Blizzard","Sweeping Beam"],"picked":"Ball Lightning","floor":2},{"not_picked":["White Noise+1","Gash"],"picked":"Conserve Battery+1","floor":4},{"not_picked":["Undo+1","Go for the Eyes"],"picked":"Conserve Battery+1","floor":7},{"not_picked":["Barrage","Scrape"],"picked":"FTL","floor":10},{"not_picked":["Reinforced Body+1","Doom and Gloom"],"picked":"Compile Driver","floor":12},{"not_picked":["Buffer","Creative AI"],"picked":"Electrodynamics","floor":16},{"not_picked":["Ball Lightning","Barrage"],"picked":"Conserve Battery+1","floor":18},{"not_picked":["Glacier+1","Conserve Battery+1"],"picked":"Coolheaded+1","floor":21}],"player_experience":581427,"relics_obtained":[{"floor":9,"key":"Tiny Chest"},{"floor":12,"key":"PreservedInsect"},{"floor":20,"key":"Necronomicon"}],"event_choices":[{"damage_healed":0,"gold_gain":0,"player_choice":"Box","damage_taken":0,"relics_obtained":["Toxic Egg 2"],"max_hp_gain":0,"max_hp_loss":0,"event_name":"Big Fish","floor":3,"gold_loss":0,"cards_obtained":["Regret"]},{"damage_healed":0,"gold_gain":175,"player_choice":"AGREE","damage_taken":0,"max_hp_gain":0,"max_hp_loss":0,"event_name":"Liars Game","floor":5,"gold_loss":0,"cards_obtained":["Doubt"]},{"damage_healed":0,"gold_gain":0,"player_choice":"Success","damage_taken":3,"relics_obtained":["Vajra"],"max_hp_gain":0,"max_hp_loss":0,"event_name":"Scrap Ooze","floor":11,"gold_loss":0},{"damage_healed":0,"gold_gain":0,"player_choice":"Became a vampire","damage_taken":0,"max_hp_gain":0,"max_hp_loss":22,"event_name":"Vampires","floor":19,"gold_loss":0,"cards_obtained":["Bite","Bite","Bite","Bite","Bite"]},{"damage_healed":0,"gold_gain":0,"player_choice":"Obtained Book","damage_taken":16,"max_hp_gain":0,"max_hp_loss":0,"event_name":"Cursed Tome","floor":20,"gold_loss":0}],"is_beta":true,"boss_relics":[{"not_picked":["Coffee Dripper","Astrolabe"],"picked":"Inserter"}],"items_purged_floors":[14,22],"is_endless":false,"potions_floor_spawned":[1,2,4,10,16],"killed_by":"Book of Stabbing","ascension_level":14}