{"gold_per_floor":[112,132,132,132,148,180,28,49,103,128,128,154,21,41,41,41],"floor_reached":16,"playtime":873,"items_purged":[],"score":142,"play_id":"4acb7dcf-d6fd-46cc-b403-8f62da428c4b","local_time":"20190602185426","is_ascension_mode":true,"campfire_choices":[{"data":"Zap","floor":11,"key":"SMITH"},{"data":"Loop","floor":15,"key":"SMITH"}],"neow_cost":"NONE","seed_source_timestamp":1101310498176787,"circlet_count":0,"master_deck":["Strike_B+1","Strike_B","Strike_B","Strike_B+1","Defend_B","Defend_B+1","Defend_B","Defend_B+1","Zap+1","Dualcast","Sweeping Beam","Undo","Ball Lightning","Seek","Steam Power","Sweeping Beam","Chill+1","Good Instincts+1","Turbo+1","Loop+1"],"relics":["Cracked Core","NeowsBlessing","Regal Pillow","Oddly Smooth Stone","Odd Mushroom","Whetstone","Lantern","Toxic Egg 2"],"potions_floor_usage":[6,6,6,8,12,12,16],"damage_taken":[{"damage":0,"enemies":"Small Slimes","floor":1,"turns":1},{"damage":0,"enemies":"2 Louse","floor":2,"turns":1},{"damage":0,"enemies":"Jaw Worm","floor":5,"turns":1},{"damage":8,"enemies":"Gremlin Nob","floor":6,"turns":3},{"damage":4,"enemies":"The Mushroom Lair","floor":8,"turns":4},{"damage":10,"enemies":"3 Sentries","floor":10,"turns":6},{"damage":4,"enemies":"Gremlin Nob","floor":12,"turns":3},{"damage":0,"enemies":"Exordium Wildlife","floor":14,"turns":3},{"damage":34,"enemies":"Slime Boss","floor":16,"turns":8}],"seed_played":"4462376325349508390","potions_obtained":[{"floor":2,"key":"EntropicBrew"},{"floor":5,"key":"Explosive Potion"},{"floor":8,"key":"Block Potion"},{"floor":10,"key":"FearPotion"}],"is_trial":false,"path_per_floor":["M","M","?","?","M","E","$","?","T","E","R","E","$","M","R","B"],"character_chosen":"DEFECT","items_purchased":["Oddly Smooth Stone","Good Instincts+1","Turbo+1"],"campfire_rested":0,"item_purchase_floors":[7,13,13],"current_hp_per_floor":[75,75,75,60,60,52,52,48,48,38,38,34,34,34,34,0],"gold":41,"neow_bonus":"THREE_ENEMY_KILL","is_prod":false,"is_daily":false,"chose_seed":false,"campfire_upgraded":2,"win_rate":0,"timestamp":1559523266,"path_taken":["M","M","?","?","M","E","$","?","T","E","R","E","$","M","R","BOSS"],"build_version":"2019-01-23","purchased_purges":0,"victory":false,"max_hp_per_floor":[75,75,75,75,75,75,75,75,75,75,75,75,75,75,75,75],"card_choices":[{"not_picked":["Gash","Hologram"],"picked":"Sweeping Beam","floor":1},{"not_picked":["Doom and Gloom","Double Energy"],"picked":"Undo","floor":2},{"not_picked":["Conserve Battery","Sweeping Beam"],"picked":"Ball Lightning","floor":5},{"not_picked":["Cold Snap","Go for the Eyes"],"picked":"Seek","floor":6},{"not_picked":["Redo","Turbo"],"picked":"Steam Power","floor":8},{"not_picked":["Lockon","Rebound"],"picked":"Sweeping Beam","floor":10},{"not_picked":["Self Repair","Compile Driver"],"picked":"Chill","floor":12},{"not_picked":["Go for the Eyes","Steam Power+1"],"picked":"Loop","floor":14}],"player_experience":273873,"relics_obtained":[{"floor":6,"key":"Regal Pillow"},{"floor":8,"key":"Odd Mushroom"},{"floor":9,"key":"Whetstone"},{"floor":10,"key":"Lantern"},{"floor":12,"key":"Toxic Egg 2"}],"event_choices":[{"damage_healed":0,"gold_gain":0,"player_choice":"Leave","damage_taken":0,"max_hp_gain":0,"max_hp_loss":0,"event_name":"The Cleric","floor":3,"gold_loss":0},{"damage_healed":0,"gold_gain":0,"player_choice":"Entered Light","damage_taken":15,"max_hp_gain":0,"max_hp_loss":0,"event_name":"Shining Light","floor":4,"gold_loss":0,"cards_upgraded":["Defend_B","Defend_B"]},{"damage_healed":0,"gold_gain":0,"player_choice":"Fought Mushrooms","damage_taken":0,"max_hp_gain":0,"max_hp_loss":0,"event_name":"Mushrooms","floor":8,"gold_loss":0}],"is_beta":false,"boss_relics":[],"items_purged_floors":[],"is_endless":false,"potions_floor_spawned":[2,5,8,10],"killed_by":"Slime Boss","ascension_level":4}