{"gold_per_floor":[114,129,144,159,159,189,204,204,229,259,261,276,276,291,291,391,391,406,6,21,36,51,81,81,96,171,201,216,66,66,81,81,181,211,226,241,256,271,286,286,316,328,340,382,409,22,37,52,52,52],"floor_reached":51,"playtime":3889,"items_purged":[],"score":919,"play_id":"c652774b-8fa7-47d9-989f-2a55a7e20c7c","local_time":"20181022231848","daily_mods":["Specialized","Time Dilation","Night Terrors"],"is_ascension_mode":false,"campfire_choices":[{"data":"Fiend Fire","floor":8,"key":"SMITH"},{"data":"Fiend Fire","floor":13,"key":"SMITH"},{"data":"Feed","floor":15,"key":"SMITH"},{"data":"Barricade","floor":32,"key":"SMITH"},{"data":"Immolate","floor":40,"key":"SMITH"},{"floor":42,"key":"REST"},{"data":"Fiend Fire","floor":49,"key":"SMITH"}],"neow_cost":"","seed_source_timestamp":0,"circlet_count":0,"master_deck":["Strike_R+1","Strike_R+1","Strike_R+1","Strike_R+1","Strike_R+1","Defend_R+1","Defend_R+1","Defend_R+1","Defend_R+1","Bash","Fiend Fire+1","Fiend Fire+1","Fiend Fire+1","Fiend Fire+1","Fiend Fire","Cleave","Carnage","Rampage","Wild Strike","Rampage","Pommel Strike","Feed+1","Headbutt","Pommel Strike","Clash","Immolate+1","Power Through","Flame Barrier+1","Power Through","Clash","Feel No Pain","Rampage+1","Disarm","Barricade+1","Flame Barrier","Demon Form","Regret","Shame","Doubt","Perfected Strike+1","Reckless Charge+1","Rampage+1","Impervious","Twin Strike+1","Perfected Strike+1","Perfected Strike+1","Clash+1","Clash+1","Feel No Pain","Ghostly Armor","Parasite","Sentinel+1","Burning Pact+1"],"special_seed":17827,"relics":["Burning Blood","PreservedInsect","Lantern","Self Forming Clay","Odd Mushroom","Mark of Pain","Mercury Hourglass","Orichalcum","Strawberry","Dodecahedron","Molten Egg 2","Pear","Anchor","Calling Bell","Tiny Chest","Kunai","Bird Faced Urn","MawBank","Bottled Tornado","Centennial Puzzle","Toolbox"],"potions_floor_usage":[6,6,10,12,22,23,28,33,37,39,44,50,50],"damage_taken":[{"damage":6,"enemies":"Jaw Worm","floor":1,"turns":2},{"damage":6,"enemies":"2 Louse","floor":2,"turns":2},{"damage":15,"enemies":"Small Slimes","floor":3,"turns":3},{"damage":6,"enemies":"2 Fungi Beasts","floor":4,"turns":3},{"damage":22,"enemies":"Gremlin Nob","floor":6,"turns":4},{"damage":16,"enemies":"Large Slime","floor":7,"turns":4},{"damage":13,"enemies":"3 Sentries","floor":10,"turns":3},{"damage":10,"enemies":"The Mushroom Lair","floor":11,"turns":3},{"damage":5,"enemies":"Lots of Slimes","floor":12,"turns":3},{"damage":0,"enemies":"Exordium Thugs","floor":14,"turns":2},{"damage":29,"enemies":"Hexaghost","floor":16,"turns":6},{"damage":19,"enemies":"2 Thieves","floor":18,"turns":3},{"damage":0,"enemies":"Spheric Guardian","floor":20,"turns":1},{"damage":6,"enemies":"Centurion and Healer","floor":21,"turns":3},{"damage":0,"enemies":"Snake Plant","floor":22,"turns":3},{"damage":15,"enemies":"Book of Stabbing","floor":23,"turns":4},{"damage":3,"enemies":"Snecko","floor":25,"turns":3},{"damage":0,"enemies":"Gremlin Leader","floor":27,"turns":2},{"damage":6,"enemies":"Centurion and Healer","floor":28,"turns":3},{"damage":0,"enemies":"Chosen and Byrds","floor":31,"turns":4},{"damage":69,"enemies":"Collector","floor":33,"turns":11},{"damage":32,"enemies":"3 Darklings","floor":35,"turns":4},{"damage":0,"enemies":"3 Shapes","floor":36,"turns":3},{"damage":39,"enemies":"Spire Growth","floor":37,"turns":6},{"damage":15,"enemies":"4 Shapes","floor":38,"turns":7},{"damage":16,"enemies":"Maw","floor":39,"turns":7},{"damage":44,"enemies":"Reptomancer","floor":41,"turns":7},{"damage":29,"enemies":"Giant Head","floor":44,"turns":7},{"damage":3,"enemies":"Transient","floor":45,"turns":5},{"damage":12,"enemies":"Writhing Mass","floor":47,"turns":6},{"damage":0,"enemies":"Jaw Worm Horde","floor":48,"turns":4},{"damage":48,"enemies":"Awakened One","floor":50,"turns":13}],"seed_played":"6411126748383649417","potions_obtained":[{"floor":1,"key":"Dexterity Potion"},{"floor":4,"key":"PowerPotion"},{"floor":7,"key":"Swift Potion"},{"floor":11,"key":"Fire Potion"},{"floor":14,"key":"SpeedPotion"},{"floor":16,"key":"SpeedPotion"},{"floor":21,"key":"SkillPotion"},{"floor":25,"key":"Dexterity Potion"},{"floor":27,"key":"Swift Potion"},{"floor":31,"key":"Poison Potion"},{"floor":33,"key":"SmokeBomb"},{"floor":36,"key":"Regen Potion"},{"floor":39,"key":"Strength Potion"},{"floor":41,"key":"Regen Potion"},{"floor":47,"key":"SteroidPotion"}],"is_trial":false,"path_per_floor":["M","M","M","M","?","E","M","R","T","E","?","M","R","M","R","B",null,"M","$","M","M","M","E","T","M","T","E","M","$","?","M","R","B",null,"M","M","M","M","M","R","E","R","T","E","M","$","M","M","R","B"],"character_chosen":"IRONCLAD","items_purchased":["Mercury Hourglass","Orichalcum","Anchor","Toolbox","Clash+1","Feel No Pain","Ghostly Armor"],"campfire_rested":1,"item_purchase_floors":[19,19,29,46,46,46,46],"current_hp_per_floor":[80,80,71,71,71,55,45,45,45,38,37,41,41,47,47,24,86,73,73,79,83,89,87,87,90,90,106,106,106,106,107,107,44,107,81,87,71,68,64,64,28,110,110,103,108,108,112,114,114,78],"gold":52,"neow_bonus":"","is_prod":false,"is_daily":true,"chose_seed":false,"campfire_upgraded":6,"win_rate":0,"timestamp":1540271928,"path_taken":["M","M","M","M","?","E","M","R","T","E","?","M","R","M","R","BOSS","M","$","M","?","M","E","?","M","T","E","M","?","?","M","R","BOSS","M","M","M","?","M","R","E","R","T","E","M","$","M","M","R","BOSS"],"build_version":"2018-10-18","purchased_purges":0,"victory":true,"max_hp_per_floor":[80,80,80,80,80,80,80,80,80,80,83,86,86,86,86,86,86,86,86,86,90,90,97,97,97,97,107,107,107,107,107,107,107,107,107,107,107,111,115,115,115,110,110,110,110,110,114,114,114,114],"card_choices":[{"not_picked":["Anger","Armaments"],"picked":"Cleave","floor":1},{"not_picked":["Burning Pact","Headbutt"],"picked":"Carnage","floor":2},{"not_picked":["Limit Break","Shrug It Off"],"picked":"Rampage","floor":3},{"not_picked":["Clothesline","Searing Blow"],"picked":"Wild Strike","floor":4},{"not_picked":["Clothesline","Corruption"],"picked":"Rampage","floor":6},{"not_picked":["Warcry","Cleave"],"picked":"Pommel Strike","floor":7},{"not_picked":["Hemokinesis","Clash"],"picked":"Feed","floor":10},{"not_picked":["Hemokinesis","Evolve"],"picked":"Headbutt","floor":11},{"not_picked":["Sever Soul","True Grit"],"picked":"Pommel Strike","floor":12},{"not_picked":["Bloodletting","Sword Boomerang"],"picked":"Clash","floor":14},{"not_picked":["Brutality","Offering"],"picked":"Immolate","floor":16},{"not_picked":["Heavy Blade","True Grit"],"picked":"Power Through","floor":18},{"not_picked":["Blood for Blood","Warcry"],"picked":"Flame Barrier+1","floor":20},{"not_picked":["Shockwave","Whirlwind"],"picked":"Power Through","floor":21},{"not_picked":["Whirlwind","Ghostly Armor"],"picked":"Clash","floor":22},{"not_picked":["Armaments","Heavy Blade+1"],"picked":"Feel No Pain","floor":23},{"not_picked":["Armaments","Thunderclap"],"picked":"Rampage+1","floor":25},{"not_picked":["Second Wind","Intimidate"],"picked":"Disarm","floor":27},{"not_picked":["Body Slam+1","Clothesline+1"],"picked":"Barricade","floor":28},{"not_picked":["Pummel+1","Hemokinesis+1"],"picked":"Flame Barrier","floor":31},{"not_picked":["Double Tap","Limit Break"],"picked":"Demon Form","floor":33},{"not_picked":["Pummel+1","Flex"],"picked":"Perfected Strike+1","floor":35},{"not_picked":["Corruption+1","Shrug It Off"],"picked":"Reckless Charge+1","floor":36},{"not_picked":["Shrug It Off","Searing Blow+1"],"picked":"Rampage+1","floor":37},{"not_picked":["Seeing Red+1","Warcry+1"],"picked":"Impervious","floor":38},{"not_picked":["Thunderclap+1","Heavy Blade+1"],"picked":"Twin Strike+1","floor":39},{"not_picked":["Flame Barrier+1","Pommel Strike+1"],"picked":"Perfected Strike+1","floor":41},{"not_picked":["Juggernaut","Clothesline+1"],"picked":"Perfected Strike+1","floor":44},{"not_picked":["Havoc+1","Sword Boomerang+1"],"picked":"Clash+1","floor":45},{"not_picked":["Dropkick+1","Iron Wave+1"],"picked":"Sentinel+1","floor":47},{"not_picked":["Shockwave","True Grit+1"],"picked":"Burning Pact+1","floor":48}],"player_experience":117446,"relics_obtained":[{"floor":6,"key":"PreservedInsect"},{"floor":9,"key":"Lantern"},{"floor":10,"key":"Self Forming Clay"},{"floor":11,"key":"Odd Mushroom"},{"floor":23,"key":"Strawberry"},{"floor":24,"key":"Dodecahedron"},{"floor":26,"key":"Molten Egg 2"},{"floor":27,"key":"Pear"},{"floor":34,"key":"Tiny Chest"},{"floor":34,"key":"Kunai"},{"floor":34,"key":"Bird Faced Urn"},{"floor":41,"key":"MawBank"},{"floor":43,"key":"Bottled Tornado"},{"floor":44,"key":"Centennial Puzzle"}],"event_choices":[{"damage_healed":0,"gold_gain":0,"player_choice":"Grow","damage_taken":0,"max_hp_gain":0,"max_hp_loss":0,"event_name":"Living Wall","floor":5,"gold_loss":0,"cards_upgraded":["Fiend Fire"]},{"damage_healed":0,"gold_gain":0,"player_choice":"Fought Mushrooms","damage_taken":0,"max_hp_gain":0,"max_hp_loss":0,"event_name":"Mushrooms","floor":11,"gold_loss":0},{"damage_healed":0,"gold_gain":0,"player_choice":"Simplicity","damage_taken":0,"max_hp_gain":0,"max_hp_loss":0,"event_name":"Back to Basics","floor":30,"gold_loss":0,"cards_upgraded":["Strike_R","Strike_R","Strike_R","Strike_R","Strike_R","Defend_R","Defend_R","Defend_R","Defend_R"]}],"is_beta":false,"boss_relics":[{"not_picked":["Tiny House","Sozu"],"picked":"Mark of Pain"},{"not_picked":["Snecko Eye","Black Star"],"picked":"Calling Bell"}],"items_purged_floors":[],"is_endless":false,"potions_floor_spawned":[1,4,7,11,14,16,21,25,27,31,33,36,39,41,47],"ascension_level":0}