{"gold_per_floor":[137,137,175,213,251,251,289,289,314,314,352,390,12,87,87,337,337,375,413,451,489,52,52,90,90,140,140,215,253,291,329,329,579,579,617,221,229,229,96,96,171,183,195,282,332,394,481,593,605,617],"floor_reached":51,"playtime":4976,"items_purged":[],"score":884,"play_id":"bd4722fd-468d-453e-97c6-f1871fb6b8bc","local_time":"20181012214658","daily_mods":["Heirloom","Vintage","MonsterHunter"],"is_ascension_mode":false,"campfire_choices":[{"data":"Neutralize","floor":6,"key":"SMITH"},{"floor":15,"key":"REST"},{"data":"Transmutation","floor":23,"key":"SMITH"},{"data":"RitualDagger","floor":27,"key":"SMITH"},{"data":"Sucker Punch","floor":32,"key":"SMITH"},{"data":"Cloak And Dagger","floor":40,"key":"SMITH"},{"floor":49,"key":"REST"}],"neow_cost":"","seed_source_timestamp":0,"circlet_count":0,"master_deck":["Defend_G","Defend_G","Defend_G","Strike_G","Strike_G+1","Strike_G","Strike_G","Survivor","Neutralize+1","Prepared","Magnetism+1","Cloak And Dagger+1","Sucker Punch+1","Infinite Blades+1","Quick Slash","Infinite Blades+1","Unload","Accuracy+1","Quick Slash","Transmutation+1","Slice","Impatience","RitualDagger+1","Dodge and Roll","A Thousand Cuts+1","Panache+1","Dodge and Roll+1","Bandage Up+1","Well Laid Plans+1","Cloak And Dagger+1","Flechettes+1","Masterful Stab","Slice+1","Choke+1","Endless Agony+1","Panache+1","Deep Breath+1","Master of Strategy+1","Blade Dance+1","Backflip+1"],"special_seed":17817,"relics":["Ring of the Snake","Turnip","Frozen Egg 2","Paper Crane","Juzu Bracelet","Smiling Mask","Happy Flower","Lantern","Oddly Smooth Stone","Anchor","Dream Catcher","Bird Faced Urn","WristBlade","Mango","Snake Skull","Bottled Lightning","Bronze Scales","Kunai","Vajra","Regal Pillow","Du-Vu Doll","Boot","Ginger","Pen Nib","Sozu","Toxic Egg 2","Prayer Wheel","Dead Branch","MawBank","SsserpentHead","Question Card","Centennial Puzzle","Potion Belt","Omamori","Whetstone"],"potions_floor_usage":[4,14,19,21,21,24,30,50],"damage_taken":[{"damage":0,"enemies":"2 Louse","floor":1,"turns":3},{"damage":6,"enemies":"Cultist","floor":3,"turns":6},{"damage":3,"enemies":"Jaw Worm","floor":4,"turns":5},{"damage":7,"enemies":"Large Slime","floor":5,"turns":18},{"damage":6,"enemies":"2 Fungi Beasts","floor":7,"turns":6},{"damage":0,"enemies":"3 Louse","floor":11,"turns":5},{"damage":2,"enemies":"Blue Slaver","floor":12,"turns":7},{"damage":8,"enemies":"Gremlin Nob","floor":14,"turns":7},{"damage":15,"enemies":"Hexaghost","floor":16,"turns":12},{"damage":0,"enemies":"Shell Parasite","floor":18,"turns":5},{"damage":0,"enemies":"Chosen","floor":19,"turns":5},{"damage":0,"enemies":"Centurion and Healer","floor":20,"turns":6},{"damage":13,"enemies":"3 Cultists","floor":21,"turns":8},{"damage":12,"enemies":"Snake Plant","floor":24,"turns":5},{"damage":24,"enemies":"Book of Stabbing","floor":28,"turns":6},{"damage":3,"enemies":"Centurion and Healer","floor":29,"turns":6},{"damage":5,"enemies":"Snecko","floor":30,"turns":7},{"damage":10,"enemies":"Chosen and Byrds","floor":31,"turns":5},{"damage":8,"enemies":"Champ","floor":33,"turns":12},{"damage":3,"enemies":"Orb Walker","floor":35,"turns":3},{"damage":10,"enemies":"Mysterious Sphere","floor":37,"turns":4},{"damage":0,"enemies":"Mind Bloom Boss Battle","floor":38,"turns":5},{"damage":0,"enemies":"Nemesis","floor":41,"turns":5},{"damage":0,"enemies":"2 Orb Walkers","floor":44,"turns":4},{"damage":0,"enemies":"3 Darklings","floor":45,"turns":3},{"damage":67,"enemies":"Nemesis","floor":47,"turns":5},{"damage":30,"enemies":"Donu and Deca","floor":50,"turns":5}],"seed_played":"646402910628373304","potions_obtained":[{"floor":1,"key":"Explosive Potion"},{"floor":7,"key":"Block Potion"},{"floor":11,"key":"Weak Potion"},{"floor":16,"key":"EssenceOfSteel"},{"floor":19,"key":"Poison Potion"},{"floor":20,"key":"GamblersBrew"},{"floor":29,"key":"GamblersBrew"},{"floor":33,"key":"LiquidBronze"}],"is_trial":false,"path_per_floor":["M","?","M","M","M","R","M","?","T","?","M","M","$","E","R","B",null,"M","M","M","M","$","R","M","?","T","R","E","M","M","M","R","B",null,"M","$","?","?","$","R","E","?","T","E","M","?","E","T","R","B"],"character_chosen":"THE_SILENT","items_purchased":["Magnetism+1","Cloak And Dagger","Sucker Punch","Infinite Blades+1","Accuracy+1","Quick Slash","Transmutation","Slice","Impatience","Panache+1","Dodge and Roll+1","Bandage Up+1","Well Laid Plans+1","Masterful Stab","Slice"],"campfire_rested":2,"item_purchase_floors":[13,13,13,13,22,22,22,22,22,36,36,36,36,39,39],"current_hp_per_floor":[70,70,64,61,54,54,48,48,48,41,41,39,39,31,52,37,70,84,84,84,73,73,73,69,63,63,63,51,56,59,57,57,57,84,83,83,75,84,84,84,84,84,84,84,84,74,29,29,69,61],"gold":629,"neow_bonus":"","is_prod":false,"is_daily":true,"chose_seed":false,"campfire_upgraded":5,"win_rate":0,"timestamp":1539402418,"path_taken":["M","?","M","M","M","R","M","?","T","?","M","M","$","E","R","BOSS","M","M","M","M","$","R","M","?","T","R","E","M","M","M","R","BOSS","M","$","?","?","$","R","E","?","T","E","M","?","E","?","R","BOSS"],"build_version":"2018-10-11","purchased_purges":0,"victory":true,"max_hp_per_floor":[70,70,70,70,70,70,70,70,70,70,70,70,70,70,70,70,70,84,84,84,84,84,84,84,84,84,84,84,84,84,84,84,84,84,84,84,84,84,84,84,84,84,84,84,84,84,84,84,84,84],"card_choices":[{"not_picked":["Heel Hook","Outmaneuver"],"picked":"Quick Slash","floor":14},{"not_picked":["Bouncing Flask","Terror"],"picked":"Infinite Blades+1","floor":15},{"not_picked":["Glass Knife","Night Terror"],"picked":"Unload","floor":16},{"not_picked":["Burst","Concentrate"],"picked":"Dodge and Roll","floor":28},{"not_picked":["Storm of Steel","Burst"],"picked":"A Thousand Cuts+1","floor":33},{"not_picked":["Well Laid Plans+1","Sucker Punch"],"picked":"Cloak And Dagger+1","floor":37},{"not_picked":["Dagger Throw","Prepared+1"],"picked":"Flechettes+1","floor":38},{"not_picked":["Backflip+1","Leg Sweep+1"],"picked":"Choke+1","floor":41},{"not_picked":["Glass Knife","Heel Hook","Eviscerate"],"picked":"Endless Agony+1","floor":44},{"not_picked":["The Bomb+1","Enlightenment+1","Impatience+1"],"picked":"Panache+1","floor":46},{"not_picked":["Discovery+1","Panacea+1","Impatience+1"],"picked":"Deep Breath+1","floor":46},{"not_picked":["Madness+1","Swift Strike","PanicButton+1"],"picked":"Master of Strategy+1","floor":46},{"not_picked":["Glass Knife","Dagger Spray+1","Catalyst+1"],"picked":"Blade Dance+1","floor":47},{"not_picked":["Caltrops+1","Underhanded Strike+1","Noxious Fumes+1"],"picked":"Backflip+1","floor":49}],"player_experience":112470,"relics_obtained":[{"floor":1,"key":"Frozen Egg 2"},{"floor":3,"key":"Paper Crane"},{"floor":4,"key":"Juzu Bracelet"},{"floor":5,"key":"Smiling Mask"},{"floor":7,"key":"Happy Flower"},{"floor":9,"key":"Lantern"},{"floor":11,"key":"Oddly Smooth Stone"},{"floor":12,"key":"Anchor"},{"floor":14,"key":"Dream Catcher"},{"floor":16,"key":"Bird Faced Urn"},{"floor":18,"key":"Mango"},{"floor":19,"key":"Snake Skull"},{"floor":20,"key":"Bottled Lightning"},{"floor":21,"key":"Bronze Scales"},{"floor":24,"key":"Kunai"},{"floor":26,"key":"Vajra"},{"floor":28,"key":"Regal Pillow"},{"floor":29,"key":"Du-Vu Doll"},{"floor":30,"key":"Boot"},{"floor":31,"key":"Ginger"},{"floor":33,"key":"Pen Nib"},{"floor":35,"key":"Toxic Egg 2"},{"floor":37,"key":"Prayer Wheel"},{"floor":38,"key":"Dead Branch"},{"floor":41,"key":"MawBank"},{"floor":43,"key":"Question Card"},{"floor":44,"key":"Centennial Puzzle"},{"floor":45,"key":"Potion Belt"},{"floor":47,"key":"Omamori"},{"floor":48,"key":"Whetstone"}],"event_choices":[{"event_name":"Bonfire Elementals","player_choice":"BASIC","floor":2,"damage_taken":0},{"event_name":"Living Wall","player_choice":"Change","floor":8,"damage_taken":0},{"event_name":"Golden Wing","player_choice":"Card Removal","floor":10,"damage_taken":0},{"event_name":"Nest","player_choice":"Joined the Cult","floor":25,"damage_taken":0},{"event_name":"Mysterious Sphere","player_choice":"Fight","floor":37,"damage_taken":0},{"event_name":"MindBloom","player_choice":"Fight","floor":38,"damage_taken":0},{"event_name":"FaceTrader","player_choice":"Trade","floor":42,"damage_taken":0},{"event_name":"SensoryStone","player_choice":"Memory 3","floor":46,"damage_taken":0}],"is_beta":false,"boss_relics":[{"not_picked":["Runic Dome","Fusion Hammer"],"picked":"WristBlade"},{"not_picked":["Tiny House","White Beast Statue"],"picked":"Sozu"}],"items_purged_floors":[],"is_endless":false,"potions_floor_spawned":[1,7,11,16,19,20,29,33,35,37,41,44,47],"ascension_level":0}