{"gold_per_floor":[109,119,132,28,40,73,73,90,158,183,183,201,229,241,253,385,397,434,446,383,43,64,64,64],"floor_reached":24,"playtime":2483,"items_purged":["Shame"],"score":359,"play_id":"020a6a35-eb7f-4302-a670-cf6d850d969f","local_time":"20190529031627","is_ascension_mode":true,"campfire_choices":[{"data":"Doppelganger","floor":7,"key":"SMITH"},{"floor":11,"key":"REST"},{"floor":15,"key":"REST"},{"data":"Adrenaline","floor":23,"key":"SMITH"}],"neow_cost":"TEN_PERCENT_HP_LOSS","seed_source_timestamp":697715070575518,"circlet_count":0,"master_deck":["Defend_G","Defend_G","Defend_G","Defend_G","Defend_G","Strike_G","Strike_G","Strike_G","Survivor","Neutralize","Outmaneuver","Setup","Dagger Throw","Doppelganger+1","Caltrops","Well Laid Plans","Poisoned Stab","Dagger Spray","Leg Sweep","Terror","PiercingWail","Dodge and Roll","Blur","Adrenaline+1","Blur","Cloak And Dagger","Blade Dance","Backflip"],"relics":["Ring of the Snake","Happy Flower","Question Card","Ginger","MawBank","Golden Idol","Sozu","Thread and Needle","Paper Crane"],"potions_floor_usage":[6,8,10,18],"damage_taken":[{"damage":2,"enemies":"Jaw Worm","floor":1,"turns":9},{"damage":0,"enemies":"2 Louse","floor":2,"turns":4},{"damage":1,"enemies":"Cultist","floor":3,"turns":6},{"damage":8,"enemies":"3 Louse","floor":5,"turns":5},{"damage":14,"enemies":"3 Sentries","floor":6,"turns":9},{"damage":1,"enemies":"Exordium Thugs","floor":8,"turns":5},{"damage":10,"enemies":"Lagavulin","floor":10,"turns":5},{"damage":6,"enemies":"2 Fungi Beasts","floor":12,"turns":4},{"damage":24,"enemies":"Gremlin Nob","floor":13,"turns":5},{"damage":0,"enemies":"The Guardian","floor":16,"turns":13},{"damage":12,"enemies":"Spheric Guardian","floor":18,"turns":7},{"damage":1,"enemies":"2 Thieves","floor":20,"turns":5},{"damage":8,"enemies":"Shelled Parasite and Fungi","floor":22,"turns":9},{"damage":38,"enemies":"Gremlin Leader","floor":24,"turns":7}],"seed_played":"-2563881077386514414","potions_obtained":[{"floor":3,"key":"GhostInAJar"},{"floor":5,"key":"Block Potion"},{"floor":6,"key":"GamblersBrew"},{"floor":16,"key":"Dexterity Potion"}],"is_trial":false,"path_per_floor":["M","M","M","$","M","E","R","M","T","E","R","M","E","?","R","B",null,"M","?","M","$","M","R","E"],"character_chosen":"THE_SILENT","items_purchased":["Well Laid Plans","Poisoned Stab","Paper Crane","Blade Dance"],"campfire_rested":2,"item_purchase_floors":[4,4,21,21],"current_hp_per_floor":[61,61,60,60,52,38,38,37,37,27,45,39,15,15,32,32,52,40,40,39,39,31,31,0],"gold":64,"neow_bonus":"TRANSFORM_TWO_CARDS","is_prod":false,"is_daily":false,"chose_seed":false,"campfire_upgraded":2,"win_rate":0,"timestamp":1559121387,"path_taken":["M","M","M","$","M","E","R","M","T","E","R","M","E","?","R","BOSS","M","?","M","$","M","R","E"],"build_version":"2019-01-23","purchased_purges":1,"victory":false,"max_hp_per_floor":[63,63,63,63,63,63,63,63,63,63,63,63,63,58,58,58,58,58,58,58,58,58,58,58],"card_choices":[{"not_picked":["Catalyst","Deflect"],"picked":"Dagger Throw","floor":1},{"not_picked":["Backflip","Dagger Spray"],"picked":"Doppelganger","floor":2},{"not_picked":["Backflip","Infinite Blades"],"picked":"Caltrops","floor":3},{"not_picked":["Masterful Stab","Backstab"],"picked":"Dagger Spray","floor":5},{"not_picked":["Die Die Die","Dagger Spray"],"picked":"Leg Sweep","floor":6},{"not_picked":["Dodge and Roll","Backflip"],"picked":"Terror","floor":8},{"not_picked":["Choke","Masterful Stab","Poisoned Stab"],"picked":"PiercingWail","floor":10},{"not_picked":["Concentrate","Outmaneuver","Poisoned Stab"],"picked":"Dodge and Roll","floor":12},{"not_picked":["Acrobatics","Blade Dance","Bane"],"picked":"Blur","floor":13},{"not_picked":["Storm of Steel","Envenom","Unload"],"picked":"Adrenaline","floor":16},{"not_picked":["Prepared","Terror+1","Backstab"],"picked":"Blur","floor":18},{"not_picked":["Acrobatics","Dagger Spray+1","Outmaneuver"],"picked":"Cloak And Dagger","floor":20},{"not_picked":["Quick Slash+1","Bane","Dagger Spray"],"picked":"Backflip","floor":22}],"player_experience":255349,"relics_obtained":[{"floor":6,"key":"Happy Flower"},{"floor":9,"key":"Question Card"},{"floor":10,"key":"Ginger"},{"floor":13,"key":"MawBank"}],"event_choices":[{"damage_healed":0,"gold_gain":0,"player_choice":"Lose Max HP","damage_taken":0,"relics_obtained":["Golden Idol"],"max_hp_gain":0,"max_hp_loss":5,"event_name":"Golden Idol","floor":14,"gold_loss":0},{"damage_healed":0,"gold_gain":0,"player_choice":"Stole Relic","damage_taken":0,"relics_obtained":["Thread and Needle"],"max_hp_gain":0,"max_hp_loss":0,"event_name":"Addict","floor":19,"gold_loss":0,"cards_obtained":["Shame"]}],"is_beta":false,"boss_relics":[{"not_picked":["Coffee Dripper","Ectoplasm"],"picked":"Sozu"}],"items_purged_floors":[21],"is_endless":false,"potions_floor_spawned":[3,5,6,16,22],"killed_by":"Gremlin Leader","ascension_level":7}