{"gold_per_floor":[99,99,99,99,99,99,99,69,69,42,42,42,42,42,42,42,42,42,42,42,42],"floor_reached":21,"playtime":1597,"items_purged":[],"score":187,"play_id":"b05154e3-111b-417d-b2dc-13751d897390","local_time":"20181001232235","is_ascension_mode":false,"campfire_choices":[{"data":"Poisoned Stab","floor":6,"key":"SMITH"},{"data":"Choke","floor":15,"key":"SMITH"}],"neow_cost":"NONE","seed_source_timestamp":1366996078403222,"circlet_count":0,"master_deck":["Defend_G","Defend_G","Defend_G","Defend_G","Defend_G","Strike_G","Strike_G","Strike_G","Strike_G","Strike_G","Survivor","Neutralize","Infinite Blades","Quick Slash","Poisoned Stab+1","Poisoned Stab","Prepared","Choke+1","Dagger Spray","Dagger Spray","Outmaneuver","Flechettes","Venomology","Skewer","Bane+1","Sucker Punch+1"],"relics":["Ectoplasm","Oddly Smooth Stone","Paper Crane","Odd Mushroom","Philosopher\u0027s Stone"],"potions_floor_usage":[7,14,16,16,16,19,20],"damage_taken":[{"damage":0,"enemies":"Small Slimes","floor":1,"turns":5},{"damage":2,"enemies":"Jaw Worm","floor":2,"turns":4},{"damage":0,"enemies":"2 Louse","floor":3,"turns":2},{"damage":3,"enemies":"Exordium Wildlife","floor":4,"turns":4},{"damage":0,"enemies":"3 Louse","floor":5,"turns":3},{"damage":11,"enemies":"Lagavulin","floor":7,"turns":5},{"damage":0,"enemies":"Looter","floor":8,"turns":3},{"damage":3,"enemies":"The Mushroom Lair","floor":12,"turns":4},{"damage":1,"enemies":"Blue Slaver","floor":13,"turns":3},{"damage":0,"enemies":"Red Slaver","floor":14,"turns":1},{"damage":42,"enemies":"The Guardian","floor":16,"turns":11},{"damage":33,"enemies":"3 Byrds","floor":18,"turns":5},{"damage":8,"enemies":"Chosen","floor":19,"turns":3},{"damage":23,"enemies":"3 Cultists","floor":20,"turns":4}],"seed_played":"-730365016678328949","potions_obtained":[{"floor":1,"key":"SteroidPotion"},{"floor":2,"key":"Swift Potion"},{"floor":8,"key":"Explosive Potion"},{"floor":13,"key":"SkillPotion"},{"floor":14,"key":"Swift Potion"},{"floor":19,"key":"SneckoOil"}],"is_trial":false,"path_per_floor":["M","M","M","M","M","R","E","M","T","?","?","?","M","M","R","B",null,"M","M","M"],"character_chosen":"THE_SILENT","items_purchased":[],"campfire_rested":0,"item_purchase_floors":[],"current_hp_per_floor":[70,68,68,65,65,65,54,54,54,54,54,51,50,50,50,8,70,37,29,6,0],"gold":42,"neow_bonus":"BOSS_RELIC","is_prod":false,"is_daily":false,"chose_seed":false,"campfire_upgraded":2,"win_rate":0.0,"timestamp":1538457755,"path_taken":["M","M","M","M","M","R","E","M","T","?","?","?","M","M","R","BOSS","M","M","M","?"],"build_version":"2018-09-27","purchased_purges":0,"victory":false,"max_hp_per_floor":[70,70,70,70,70,70,70,70,70,70,70,70,70,70,70,70,70,70,70,70,70],"card_choices":[{"not_picked":["Distraction","Deadly Poison"],"picked":"Infinite Blades","floor":1},{"not_picked":["Dodge and Roll","Well Laid Plans"],"picked":"Quick Slash","floor":2},{"not_picked":["Terror","Dagger Throw"],"picked":"Poisoned Stab","floor":3},{"not_picked":["Bane","Dodge and Roll"],"picked":"Poisoned Stab","floor":4},{"not_picked":["Terror","Finisher"],"picked":"Prepared","floor":5},{"not_picked":["Deflect","Distraction"],"picked":"Choke","floor":7},{"not_picked":["Sucker Punch","Backflip"],"picked":"Dagger Spray","floor":8},{"not_picked":["Well Laid Plans","Backflip"],"picked":"Dagger Spray","floor":12},{"not_picked":["Well Laid Plans","Reflex"],"picked":"Outmaneuver","floor":13},{"not_picked":["Acrobatics","Terror"],"picked":"Flechettes","floor":14},{"not_picked":["Bullet Time","Die Die Die"],"picked":"Venomology","floor":16},{"not_picked":["Slice","All Out Attack+1"],"picked":"Skewer","floor":18},{"not_picked":["Outmaneuver","Prepared"],"picked":"Bane+1","floor":19},{"not_picked":["Reflex+1","Caltrops"],"picked":"Sucker Punch+1","floor":20}],"player_experience":29650,"relics_obtained":[{"floor":7,"key":"Oddly Smooth Stone"},{"floor":9,"key":"Paper Crane"},{"floor":12,"key":"Odd Mushroom"}],"event_choices":[{"event_name":"World of Goop","player_choice":"Left","floor":10,"damage_taken":0},{"event_name":"Liars Game","player_choice":"disagreed","floor":11,"damage_taken":0},{"event_name":"Mushrooms","player_choice":"Fought Mushrooms","floor":12,"damage_taken":0}],"is_beta":false,"boss_relics":[{"not_picked":["Runic Dome","Empty Cage"],"picked":"Philosopher\u0027s Stone"}],"items_purged_floors":[],"is_endless":false,"potions_floor_spawned":[1,2,8,13,14,19],"ascension_level":0}