{"gold_per_floor":[111,126,126,142,38,64,76,104,130,160,223,0,0,29,29,133,133,150,65,75,86,101,132,132,132],"floor_reached":25,"playtime":1832,"items_purged":[],"score":326,"play_id":"89059a0a-845d-4329-9e05-9643bf9f1f78","local_time":"20190519040433","is_ascension_mode":true,"campfire_choices":[{"floor":15,"key":"REST"}],"neow_cost":"NONE","seed_source_timestamp":257114460239075,"circlet_count":0,"master_deck":["Defend_G+1","Defend_G+1","Defend_G+1","Defend_G+1","Defend_G+1","Strike_G+1","Strike_G+1","Strike_G+1","Survivor","Neutralize","Backflip","Deadly Poison","Slice","Cloak And Dagger","Backstab","Caltrops","Bane","Cloak And Dagger","Bane","Leg Sweep","Bane","Apotheosis","Bane","Leg Sweep","Noxious Fumes","Envenom","Caltrops","Bane+1","Deadly Poison","Burst","Outmaneuver+1"],"relics":["Ring of the Serpent","NeowsBlessing","Question Card","Dream Catcher","PreservedInsect","Strawberry","Calipers","Juzu Bracelet","Tough Bandages","Blue Candle"],"potions_floor_usage":[8,8,11,14,20,21,21,25],"damage_taken":[{"damage":0,"enemies":"Small Slimes","floor":1,"turns":1},{"damage":0,"enemies":"Cultist","floor":2,"turns":1},{"damage":0,"enemies":"2 Louse","floor":4,"turns":1},{"damage":34,"enemies":"Gremlin Nob","floor":6,"turns":4},{"damage":7,"enemies":"Blue Slaver","floor":7,"turns":3},{"damage":9,"enemies":"Lagavulin","floor":8,"turns":6},{"damage":5,"enemies":"3 Sentries","floor":10,"turns":6},{"damage":1,"enemies":"Gremlin Nob","floor":11,"turns":4},{"damage":2,"enemies":"Lagavulin","floor":14,"turns":6},{"damage":12,"enemies":"The Guardian","floor":16,"turns":9},{"damage":0,"enemies":"Spheric Guardian","floor":18,"turns":4},{"damage":0,"enemies":"Chosen","floor":20,"turns":4},{"damage":3,"enemies":"3 Cultists","floor":21,"turns":5},{"damage":27,"enemies":"Snecko","floor":22,"turns":7},{"damage":31,"enemies":"Book of Stabbing","floor":23,"turns":6},{"damage":16,"enemies":"Gremlin Leader","floor":25,"turns":4}],"seed_played":"6387808577295617966","potions_obtained":[{"floor":1,"key":"GhostInAJar"},{"floor":2,"key":"GhostInAJar"},{"floor":4,"key":"GhostInAJar"},{"floor":8,"key":"EssenceOfSteel"},{"floor":14,"key":"SpeedPotion"},{"floor":16,"key":"EssenceOfSteel"},{"floor":20,"key":"SpeedPotion"},{"floor":22,"key":"Explosive Potion"}],"is_trial":false,"path_per_floor":["M","M","?","M","$","E","M","E","T","E","?","$","?","E","R","B",null,"M","?","M","M","M","E","?","E"],"character_chosen":"THE_SILENT","items_purchased":["Backstab","Caltrops","Apotheosis","Bane"],"campfire_rested":1,"item_purchase_floors":[5,5,12,12],"current_hp_per_floor":[70,70,70,70,70,36,29,20,20,22,21,21,21,19,42,30,77,77,77,77,74,47,16,16,0],"gold":132,"neow_bonus":"THREE_ENEMY_KILL","is_prod":false,"is_daily":false,"chose_seed":false,"campfire_upgraded":0,"win_rate":0,"timestamp":1558260273,"path_taken":["M","M","?","?","$","E","M","E","T","E","?","$","?","E","R","BOSS","M","?","M","M","M","E","?","E"],"build_version":"2019-01-23","purchased_purges":0,"victory":false,"max_hp_per_floor":[70,70,70,70,70,70,70,70,70,77,77,77,77,77,77,77,77,77,77,77,77,77,77,77,77],"card_choices":[{"not_picked":["Terror","Finisher"],"picked":"Backflip","floor":1},{"not_picked":["Dagger Spray","Bane"],"picked":"Deadly Poison","floor":2},{"not_picked":["Slice","Expertise"],"picked":"Cloak And Dagger","floor":4},{"not_picked":["Venomology","Dodge and Roll"],"picked":"Bane","floor":6},{"not_picked":["Bane","Underhanded Strike","Eviscerate"],"picked":"Cloak And Dagger","floor":7},{"not_picked":["Tactician","Finisher","Eviscerate"],"picked":"Bane","floor":8},{"not_picked":["Cloak And Dagger","All Out Attack","Backstab"],"picked":"Leg Sweep","floor":10},{"not_picked":["Endless Agony","Dagger Throw","Setup"],"picked":"Bane","floor":11},{"not_picked":["Flying Knee","Setup","Flechettes"],"picked":"Leg Sweep","floor":14},{"not_picked":["Deadly Poison","Wraith Form v2","Slice"],"picked":"Noxious Fumes","floor":15},{"not_picked":["Bullet Time","Grand Finale","Tools of the Trade"],"picked":"Envenom","floor":16},{"not_picked":["Deadly Poison","Concentrate","Underhanded Strike"],"picked":"Caltrops","floor":18},{"not_picked":["Blade Dance+1","Escape Plan+1","Masterful Stab+1"],"picked":"Bane+1","floor":20},{"not_picked":["Blade Dance+1","Outmaneuver","Poisoned Stab"],"picked":"Deadly Poison","floor":21},{"not_picked":["PiercingWail","Deflect+1","Dagger Spray"],"picked":"Burst","floor":22},{"not_picked":["Concentrate+1","Accuracy+1","Underhanded Strike"],"picked":"Outmaneuver+1","floor":23}],"player_experience":210097,"relics_obtained":[{"floor":6,"key":"Question Card"},{"floor":8,"key":"Dream Catcher"},{"floor":9,"key":"PreservedInsect"},{"floor":10,"key":"Strawberry"},{"floor":11,"key":"Calipers"},{"floor":14,"key":"Juzu Bracelet"},{"floor":23,"key":"Blue Candle"}],"event_choices":[{"damage_healed":0,"gold_gain":0,"cards_transformed":["Strike_G"],"player_choice":"Transformed","damage_taken":0,"max_hp_gain":0,"max_hp_loss":0,"event_name":"Transmorgrifier","floor":3,"gold_loss":0,"cards_obtained":["Slice"]},{"damage_healed":0,"gold_gain":0,"player_choice":"Searched \u00271\u0027 times","damage_taken":0,"max_hp_gain":0,"max_hp_loss":0,"event_name":"Dead Adventurer","floor":11,"gold_loss":0},{"cards_removed":["Strike_G"],"damage_healed":0,"gold_gain":0,"player_choice":"Purged","damage_taken":0,"max_hp_gain":0,"max_hp_loss":0,"event_name":"Purifier","floor":13,"gold_loss":0},{"damage_healed":0,"gold_gain":0,"player_choice":"Obtained Relic","damage_taken":0,"relics_obtained":["Tough Bandages"],"max_hp_gain":0,"max_hp_loss":0,"event_name":"Addict","floor":19,"gold_loss":85},{"damage_healed":0,"gold_gain":0,"player_choice":"Simplicity","damage_taken":0,"max_hp_gain":0,"max_hp_loss":0,"event_name":"Back to Basics","floor":24,"gold_loss":0,"cards_upgraded":["Defend_G","Defend_G","Defend_G","Defend_G","Defend_G","Strike_G","Strike_G","Strike_G"]}],"is_beta":false,"boss_relics":[{"not_picked":["Philosopher\u0027s Stone","Ectoplasm"],"picked":"Ring of the Serpent"}],"items_purged_floors":[],"is_endless":false,"potions_floor_spawned":[1,2,4,8,14,16,20,22],"killed_by":"Gremlin Leader","ascension_level":4}