{"gold_per_floor":[115,290,94,112,129,129,141,156,156,175,175,250,264,275,275,380,380,355,374,390,340,340],"floor_reached":22,"playtime":2372,"items_purged":[],"score":182,"play_id":"9402e623-d200-470c-8bbf-8e0c1e57aba7","local_time":"20180930025244","is_ascension_mode":false,"campfire_choices":[{"data":"Noxious Fumes","floor":6,"key":"SMITH"},{"data":"Prepared","floor":11,"key":"SMITH"},{"floor":15,"key":"REST"}],"neow_cost":"NONE","seed_source_timestamp":1205970345591581,"circlet_count":0,"master_deck":["Defend_G","Defend_G","Defend_G","Defend_G","Defend_G","Strike_G","Strike_G","Strike_G","Strike_G","Strike_G","Survivor","Neutralize","Choke","Backflip","Doubt","Master of Strategy","Noxious Fumes+1","Poisoned Stab","Prepared+1","Escape Plan","Prepared","Blade Dance","Underhanded Strike","Wraith Form v2","Backstab","Poisoned Stab","Deadly Poison+1"],"relics":["Ring of the Snake","Paper Crane","Black Star"],"potions_floor_usage":[7,16,20,22,22,22],"damage_taken":[{"damage":4,"enemies":"Small Slimes","floor":1,"turns":4},{"damage":0,"enemies":"Cultist","floor":4,"turns":5},{"damage":1,"enemies":"Jaw Worm","floor":5,"turns":4},{"damage":0,"enemies":"Blue Slaver","floor":7,"turns":2},{"damage":5,"enemies":"Looter","floor":8,"turns":3},{"damage":3,"enemies":"Lots of Slimes","floor":10,"turns":5},{"damage":7,"enemies":"2 Fungi Beasts","floor":13,"turns":3},{"damage":8,"enemies":"Large Slime","floor":14,"turns":5},{"damage":30,"enemies":"The Guardian","floor":16,"turns":11},{"damage":16,"enemies":"2 Thieves","floor":18,"turns":5},{"damage":22,"enemies":"3 Byrds","floor":19,"turns":6},{"damage":10,"enemies":"Snake Plant","floor":20,"turns":4},{"damage":33,"enemies":"Chosen and Byrds","floor":22,"turns":4}],"seed_played":"-8123815930992283689","potions_obtained":[{"floor":1,"key":"AttackPotion"},{"floor":4,"key":"Fire Potion"},{"floor":5,"key":"Explosive Potion"},{"floor":10,"key":"SpeedPotion"},{"floor":16,"key":"Strength Potion"},{"floor":20,"key":"Strength Potion"}],"is_trial":false,"path_per_floor":["M","?","$","M","M","R","M","M","T","M","R","?","M","M","R","B",null,"M","M","M","?"],"character_chosen":"THE_SILENT","items_purchased":["Master of Strategy"],"campfire_rested":1,"item_purchase_floors":[3],"current_hp_per_floor":[66,66,66,66,65,65,65,60,60,57,57,46,39,31,52,22,70,54,32,22,22,0],"gold":340,"neow_bonus":"THREE_CARDS","is_prod":false,"is_daily":false,"chose_seed":false,"campfire_upgraded":2,"win_rate":0.0,"timestamp":1538297564,"path_taken":["M","?","$","M","M","R","M","M","T","M","R","?","M","M","R","BOSS","M","M","M","?","M"],"build_version":"2018-09-27","purchased_purges":0,"victory":false,"max_hp_per_floor":[70,70,70,70,70,70,70,70,70,70,70,70,70,70,70,70,70,70,70,70,70,70],"card_choices":[{"not_picked":["Prepared","Quick Slash"],"picked":"Choke","floor":0},{"not_picked":["Terror","Dash"],"picked":"Backflip","floor":1},{"not_picked":["Dodge and Roll","Distraction"],"picked":"Noxious Fumes","floor":4},{"not_picked":["Outmaneuver","Sucker Punch"],"picked":"Poisoned Stab","floor":5},{"not_picked":["Sucker Punch","Dagger Throw"],"picked":"Prepared","floor":7},{"not_picked":["Prepared","Distraction"],"picked":"Escape Plan","floor":8},{"not_picked":["Blur","Flying Knee"],"picked":"Prepared","floor":10},{"not_picked":["Distraction","Outmaneuver"],"picked":"Blade Dance","floor":13},{"not_picked":["Bouncing Flask","Dagger Spray"],"picked":"Underhanded Strike","floor":14},{"not_picked":["Tools of the Trade","Die Die Die"],"picked":"Wraith Form v2","floor":16},{"not_picked":["Slice","PiercingWail+1"],"picked":"Backstab","floor":18},{"not_picked":["Backflip","Masterful Stab"],"picked":"Poisoned Stab","floor":19},{"not_picked":["Blade Dance","Endless Agony"],"picked":"Deadly Poison+1","floor":20}],"player_experience":8285,"relics_obtained":[{"floor":9,"key":"Paper Crane"}],"event_choices":[{"event_name":"Liars Game","player_choice":"agreed","floor":2,"damage_taken":0},{"event_name":"World of Goop","player_choice":"Gather Gold","floor":12,"damage_taken":0},{"event_name":"The Joust","player_choice":"Bet on Murderer","floor":21,"damage_taken":0}],"is_beta":false,"boss_relics":[{"not_picked":["Snecko Eye","Busted Crown"],"picked":"Black Star"}],"items_purged_floors":[],"is_endless":false,"potions_floor_spawned":[1,4,5,10,16,20],"killed_by":"Chosen and Byrds","ascension_level":0}