{"gold_per_floor":[16,36,51,67,79,79,104,104,127,157,7,32,52,67,67,170,170,186,202,222,232,232],"floor_reached":22,"playtime":1438,"items_purged":[],"score":339,"play_id":"f355fd09-1e79-455d-8299-af735940d834","local_time":"20190613190022","is_ascension_mode":true,"campfire_choices":[{"data":"Noxious Fumes","floor":6,"key":"SMITH"},{"data":"Neutralize","floor":8,"key":"SMITH"},{"floor":15,"key":"REST"}],"neow_cost":"NO_GOLD","seed_source_timestamp":138110544699403,"circlet_count":0,"master_deck":["AscendersBane","Defend_G","Defend_G","Defend_G","Defend_G","Defend_G","Strike_G","Strike_G","Strike_G","Strike_G","Strike_G","Survivor","Neutralize+1","Blade Dance","Accuracy","Skewer","Noxious Fumes+1","Cloak And Dagger","Caltrops","Well Laid Plans","Footwork","Backflip","Acrobatics","Blur","Backflip","Poisoned Stab","Adrenaline","Crippling Poison+1","PiercingWail","Cloak And Dagger","PiercingWail+1"],"relics":["Ring of the Snake","Ginger","Matryoshka","Orichalcum","PreservedInsect","Regal Pillow","Oddly Smooth Stone","Black Star"],"potions_floor_usage":[7,7,10,16,22],"damage_taken":[{"damage":0,"enemies":"Cultist","floor":1,"turns":5},{"damage":3,"enemies":"Small Slimes","floor":2,"turns":5},{"damage":8,"enemies":"Jaw Worm","floor":3,"turns":6},{"damage":4,"enemies":"2 Fungi Beasts","floor":4,"turns":3},{"damage":6,"enemies":"Looter","floor":5,"turns":4},{"damage":17,"enemies":"3 Sentries","floor":7,"turns":8},{"damage":14,"enemies":"Gremlin Nob","floor":10,"turns":4},{"damage":10,"enemies":"3 Sentries","floor":12,"turns":7},{"damage":0,"enemies":"Exordium Wildlife","floor":13,"turns":6},{"damage":0,"enemies":"Red Slaver","floor":14,"turns":6},{"damage":31,"enemies":"The Guardian","floor":16,"turns":9},{"damage":8,"enemies":"Shell Parasite","floor":18,"turns":8},{"damage":5,"enemies":"3 Byrds","floor":19,"turns":4},{"damage":30,"enemies":"3 Cultists","floor":20,"turns":6},{"damage":6,"enemies":"Snecko","floor":21,"turns":6},{"damage":9,"enemies":"Shelled Parasite and Fungi","floor":22,"turns":2}],"seed_played":"5284682571604616038","potions_obtained":[{"floor":1,"key":"GhostInAJar"},{"floor":3,"key":"Poison Potion"},{"floor":7,"key":"GamblersBrew"},{"floor":13,"key":"LiquidBronze"},{"floor":14,"key":"Poison Potion"},{"floor":18,"key":"Explosive Potion"},{"floor":19,"key":"LiquidBronze"},{"floor":20,"key":"SteroidPotion"}],"is_trial":false,"path_per_floor":["M","M","M","M","M","R","E","R","T","E","$","E","M","M","R","B",null,"M","M","M","M","M"],"character_chosen":"THE_SILENT","items_purchased":["Footwork","Backflip","Acrobatics"],"campfire_rested":1,"item_purchase_floors":[11,11,11],"current_hp_per_floor":[63,60,52,48,42,42,25,25,25,11,11,1,1,1,37,6,54,46,41,11,5,0],"gold":232,"neow_bonus":"ONE_RARE_RELIC","is_prod":false,"is_daily":false,"chose_seed":false,"campfire_upgraded":2,"win_rate":0,"timestamp":1560474022,"path_taken":["M","?","M","M","M","R","E","R","T","E","$","E","M","M","R","BOSS","M","M","M","M","?"],"build_version":"2019-01-23","purchased_purges":0,"victory":false,"max_hp_per_floor":[70,70,70,70,70,70,70,70,70,70,70,70,70,70,70,70,70,70,70,70,70,70],"card_choices":[{"not_picked":["Eviscerate","Prepared"],"picked":"Blade Dance","floor":1},{"not_picked":["Flying Knee","Underhanded Strike"],"picked":"Accuracy","floor":2},{"not_picked":["Dagger Spray","Quick Slash"],"picked":"Skewer","floor":3},{"not_picked":["Quick Slash","Slice"],"picked":"Noxious Fumes","floor":4},{"not_picked":["Deflect","Dagger Spray"],"picked":"Cloak And Dagger","floor":5},{"not_picked":["Calculated Gamble","Deadly Poison"],"picked":"Caltrops","floor":7},{"not_picked":["PiercingWail","Wraith Form v2"],"picked":"Well Laid Plans","floor":10},{"not_picked":["Prepared","Deflect"],"picked":"Blur","floor":12},{"not_picked":["Poisoned Stab","Deadly Poison"],"picked":"Backflip","floor":13},{"not_picked":["Reflex","Eviscerate"],"picked":"Poisoned Stab","floor":14},{"not_picked":["Malaise","Venomology"],"picked":"Adrenaline","floor":16},{"not_picked":["Dodge and Roll","Escape Plan"],"picked":"Crippling Poison+1","floor":18},{"not_picked":["Dagger Throw","Calculated Gamble"],"picked":"PiercingWail","floor":19},{"not_picked":["Prepared+1","Underhanded Strike"],"picked":"Cloak And Dagger","floor":20},{"not_picked":["Blade Dance","Accuracy"],"picked":"PiercingWail+1","floor":21}],"player_experience":362025,"relics_obtained":[{"floor":7,"key":"Matryoshka"},{"floor":9,"key":"Orichalcum"},{"floor":9,"key":"PreservedInsect"},{"floor":10,"key":"Regal Pillow"},{"floor":12,"key":"Oddly Smooth Stone"}],"event_choices":[],"is_beta":false,"boss_relics":[{"not_picked":["Empty Cage","Coffee Dripper"],"picked":"Black Star"}],"items_purged_floors":[],"is_endless":false,"potions_floor_spawned":[1,3,7,13,14,18,19,20],"killed_by":"Shelled Parasite and Fungi","ascension_level":12}