{"gold_per_floor":[116,126,140,155,155,188,235,273,309,279,311,323],"floor_reached":12,"playtime":901,"items_purged":[],"score":95,"play_id":"07c0f89c-a635-4477-a784-d9fb6e048248","local_time":"20181007150241","is_ascension_mode":true,"campfire_choices":[],"neow_cost":"CURSE","seed_source_timestamp":1856177675360928,"circlet_count":0,"master_deck":["Strike_R","Strike_R","Strike_R","Defend_R","Defend_R","Defend_R","Defend_R","Bash","Shame","Evolve","Infernal Blade","Heavy Blade","Pommel Strike","True Grit","Hemokinesis","Regret","Demon Form","Flex","Burning Pact","Clash"],"relics":["Burning Blood","Bag of Marbles","MawBank","Juzu Bracelet","PreservedInsect","Smiling Mask"],"potions_floor_usage":[4,8],"damage_taken":[{"damage":2,"enemies":"Jaw Worm","floor":1,"turns":4},{"damage":7,"enemies":"2 Louse","floor":2,"turns":4},{"damage":0,"enemies":"Cultist","floor":3,"turns":2},{"damage":16,"enemies":"Exordium Wildlife","floor":4,"turns":4},{"damage":36,"enemies":"3 Sentries","floor":6,"turns":8},{"damage":22,"enemies":"Gremlin Nob","floor":7,"turns":3},{"damage":22,"enemies":"Lagavulin","floor":8,"turns":5},{"damage":17,"enemies":"Blue Slaver","floor":11,"turns":3},{"damage":10,"enemies":"Large Slime","floor":12,"turns":4}],"seed_played":"8232722432691131253","potions_obtained":[{"floor":2,"key":"Ancient Potion"},{"floor":3,"key":"Strength Potion"},{"floor":4,"key":"FairyPotion"},{"floor":7,"key":"Weak Potion"},{"floor":11,"key":"Explosive Potion"}],"is_trial":false,"path_per_floor":["M","M","M","M","?","E","?","E","T","?","M"],"character_chosen":"IRONCLAD","items_purchased":[],"campfire_rested":0,"item_purchase_floors":[],"current_hp_per_floor":[80,79,80,70,70,40,24,8,8,8,8,0],"gold":323,"neow_bonus":"TRANSFORM_TWO_CARDS","is_prod":false,"is_daily":false,"chose_seed":false,"campfire_upgraded":0,"win_rate":0,"timestamp":1538946161,"path_taken":["M","M","M","M","?","E","?","E","T","?","M","M"],"build_version":"2018-10-04v2","purchased_purges":0,"victory":false,"max_hp_per_floor":[80,80,80,80,80,80,80,80,80,80,80,80],"card_choices":[{"not_picked":["Clothesline","Searing Blow"],"picked":"Heavy Blade","floor":1},{"not_picked":["Shockwave","Sword Boomerang"],"picked":"Pommel Strike","floor":2},{"not_picked":["Armaments","Blood for Blood"],"picked":"True Grit","floor":3},{"not_picked":["Shockwave","Sword Boomerang"],"picked":"Hemokinesis","floor":4},{"not_picked":["Pommel Strike","Dropkick"],"picked":"Demon Form","floor":6},{"not_picked":["Wild Strike","Body Slam"],"picked":"Flex","floor":7},{"not_picked":["Rupture","Shrug It Off"],"picked":"Burning Pact","floor":8},{"not_picked":["Uppercut","Anger"],"picked":"Clash","floor":11}],"player_experience":67233,"relics_obtained":[{"floor":6,"key":"MawBank"},{"floor":7,"key":"Juzu Bracelet"},{"floor":8,"key":"PreservedInsect"},{"floor":9,"key":"Smiling Mask"}],"event_choices":[{"event_name":"Big Fish","player_choice":"Box","floor":5,"damage_taken":0},{"event_name":"Dead Adventurer","player_choice":"Searched \u00272\u0027 times","floor":7,"damage_taken":0},{"event_name":"World of Goop","player_choice":"Left","floor":10,"damage_taken":0}],"is_beta":false,"boss_relics":[],"items_purged_floors":[],"is_endless":false,"potions_floor_spawned":[2,3,4,7,11],"killed_by":"Large Slime","ascension_level":1}