{"gold_per_floor":[113,113,124,199,199,258,276,311,338,350,380,407,407,422,422,523,523,533,533,533,546,559,590,590,624,624,641,675,722,5,5],"floor_reached":31,"playtime":2557,"items_purged":["Pain"],"score":372,"play_id":"0ce8a457-4531-4c96-b8f5-0c67bcc37edf","local_time":"20181009020853","is_ascension_mode":true,"campfire_choices":[{"floor":13,"key":"REST"},{"floor":15,"key":"REST"},{"data":"1","floor":24,"key":"LIFT"}],"neow_cost":"NONE","seed_source_timestamp":1980923620724638,"circlet_count":0,"master_deck":["Defend_G","Defend_G+1","Defend_G+1","Defend_G","Defend_G","Strike_G","Strike_G","Strike_G","Strike_G","Survivor","Neutralize","All Out Attack","Backflip","Flying Knee","Cloak And Dagger","Reflex","Infinite Blades","Outmaneuver","Unload","Dagger Throw","Unload","Footwork","Backstab","Cloak And Dagger+1","Dagger Throw","Prepared+1","After Image+1","Blur","Eviscerate","Apotheosis"],"relics":["Ring of the Snake","WarpedTongs","Tiny Chest","Smiling Mask","Bag of Marbles","Torii","Vajra","Runic Pyramid","Girya","Frozen Egg 2","Bottled Flame","Centennial Puzzle","Bag of Preparation","Calipers","Boot"],"potions_floor_usage":[6,8,11,23,28,28],"damage_taken":[{"damage":0,"enemies":"Jaw Worm","floor":1,"turns":4},{"damage":4,"enemies":"Cultist","floor":3,"turns":4},{"damage":11,"enemies":"Lagavulin","floor":6,"turns":8},{"damage":2,"enemies":"Small Slimes","floor":7,"turns":3},{"damage":3,"enemies":"3 Sentries","floor":8,"turns":9},{"damage":0,"enemies":"3 Louse","floor":10,"turns":1},{"damage":19,"enemies":"Gremlin Nob","floor":11,"turns":5},{"damage":0,"enemies":"Lots of Slimes","floor":14,"turns":1},{"damage":35,"enemies":"The Guardian","floor":16,"turns":15},{"damage":17,"enemies":"Shell Parasite","floor":18,"turns":6},{"damage":0,"enemies":"Chosen","floor":21,"turns":3},{"damage":13,"enemies":"Snake Plant","floor":22,"turns":3},{"damage":24,"enemies":"Gremlin Leader","floor":23,"turns":6},{"damage":9,"enemies":"Book of Stabbing","floor":25,"turns":6},{"damage":1,"enemies":"Centurion and Healer","floor":27,"turns":4},{"damage":2,"enemies":"Slavers","floor":28,"turns":3},{"damage":21,"enemies":"Book of Stabbing","floor":31,"turns":5}],"seed_played":"-239726747123626485","potions_obtained":[{"floor":1,"key":"SkillPotion"},{"floor":7,"key":"SpeedPotion"},{"floor":8,"key":"Block Potion"},{"floor":21,"key":"Regen Potion"},{"floor":23,"key":"Explosive Potion"},{"floor":27,"key":"Dexterity Potion"}],"is_trial":false,"path_per_floor":["M","?","M","?","?","E","M","E","T","M","E","T","R","M","R","B",null,"M","?","?","M","M","E","R","E","T","M","E","T","$"],"character_chosen":"THE_SILENT","items_purchased":["Apotheosis","Calipers","Boot"],"campfire_rested":2,"item_purchase_floors":[30,30,30],"current_hp_per_floor":[70,70,66,55,41,30,28,25,25,25,6,6,27,27,48,13,70,53,53,53,53,40,31,31,22,22,21,19,19,19,0],"gold":5,"neow_bonus":"TRANSFORM_CARD","is_prod":false,"is_daily":false,"chose_seed":false,"campfire_upgraded":0,"win_rate":0,"timestamp":1539072533,"path_taken":["M","?","M","?","?","E","M","E","T","M","E","?","R","?","R","BOSS","M","?","?","M","M","E","R","E","T","?","E","?","$","E"],"build_version":"2018-10-04v2","purchased_purges":1,"victory":false,"max_hp_per_floor":[70,70,70,70,70,70,70,70,70,70,70,70,70,70,70,70,70,70,70,70,70,70,70,70,70,70,70,70,70,70,70],"card_choices":[{"not_picked":["Leg Sweep","Deadly Poison"],"picked":"Backflip","floor":1},{"not_picked":["Bouncing Flask","Expertise"],"picked":"Flying Knee","floor":3},{"not_picked":["Outmaneuver","Blade Dance"],"picked":"Cloak And Dagger","floor":6},{"not_picked":["Sucker Punch","Backflip"],"picked":"Reflex","floor":7},{"not_picked":["Wraith Form v2","Slice"],"picked":"Infinite Blades","floor":8},{"not_picked":["Crippling Poison","Deadly Poison"],"picked":"Outmaneuver","floor":10},{"not_picked":["PiercingWail","Quick Slash"],"picked":"Unload","floor":11},{"not_picked":["Calculated Gamble","Bane"],"picked":"Dagger Throw","floor":14},{"not_picked":["A Thousand Cuts","Bullet Time"],"picked":"Unload","floor":16},{"not_picked":["Well Laid Plans","Bouncing Flask"],"picked":"Footwork","floor":18},{"not_picked":["All Out Attack","Slice"],"picked":"Cloak And Dagger+1","floor":21},{"not_picked":["Dagger Spray","Cloak And Dagger"],"picked":"Dagger Throw","floor":22},{"not_picked":["Quick Slash","Flying Knee+1"],"picked":"Prepared+1","floor":23},{"not_picked":["Backflip","Bouncing Flask"],"picked":"After Image","floor":25},{"not_picked":["Escape Plan","Skewer+1"],"picked":"Blur","floor":27},{"not_picked":["Deflect+1","Blade Dance"],"picked":"Eviscerate","floor":28}],"player_experience":87145,"relics_obtained":[{"floor":6,"key":"Tiny Chest"},{"floor":8,"key":"Smiling Mask"},{"floor":9,"key":"Bag of Marbles"},{"floor":11,"key":"Torii"},{"floor":12,"key":"Vajra"},{"floor":23,"key":"Girya"},{"floor":25,"key":"Frozen Egg 2"},{"floor":26,"key":"Bottled Flame"},{"floor":28,"key":"Centennial Puzzle"},{"floor":29,"key":"Bag of Preparation"}],"event_choices":[{"event_name":"Accursed Blacksmith","player_choice":"Rummage","floor":2,"damage_taken":0},{"event_name":"World of Goop","player_choice":"Gather Gold","floor":4,"damage_taken":0},{"event_name":"Shining Light","player_choice":"Entered Light","floor":5,"damage_taken":0},{"event_name":"Ghosts","player_choice":"Ignored","floor":19,"damage_taken":0},{"event_name":"The Library","player_choice":"Read","floor":20,"damage_taken":0}],"is_beta":false,"boss_relics":[{"not_picked":["Velvet Choker","Calling Bell"],"picked":"Runic Pyramid"}],"items_purged_floors":[30],"is_endless":false,"potions_floor_spawned":[1,7,8,21,23,27],"killed_by":"Book of Stabbing","ascension_level":2}