{"gold_per_floor":[114,132,162,162,162,162,203,128,128,128],"floor_reached":10,"playtime":157,"items_purged":["Regret"],"score":115,"play_id":"10feb2fb-06a8-429c-8d74-d6a3f35b2510","local_time":"20190615225000","is_ascension_mode":true,"campfire_choices":[{"floor":6,"key":"REST"}],"neow_cost":"NONE","seed_source_timestamp":219081924391100,"circlet_count":0,"master_deck":["AscendersBane","Strike_B","Strike_B","Strike_B","Strike_B","Defend_B","Defend_B","Defend_B","Defend_B","Zap","Dualcast","Leap","Go for the Eyes","Chill"],"relics":["Cracked Core","Lantern","Tiny Chest","Golden Idol","Bottled Flame","Letter Opener","Oddly Smooth Stone"],"potions_floor_usage":[],"damage_taken":[{"damage":7,"enemies":"Jaw Worm","floor":1,"turns":3},{"damage":1,"enemies":"2 Louse","floor":2,"turns":3},{"damage":46,"enemies":"Lagavulin","floor":7,"turns":8},{"damage":7,"enemies":"Small Slimes","floor":10,"turns":1}],"seed_played":"-4092994882752294037","potions_obtained":[{"floor":7,"key":"Ancient Potion"}],"is_trial":false,"path_per_floor":["M","M","?","?","T","R","E","$","T","M"],"character_chosen":"DEFECT","items_purchased":[],"campfire_rested":1,"item_purchase_floors":[],"current_hp_per_floor":[57,56,56,32,32,53,7,7,7,0],"gold":128,"neow_bonus":"RANDOM_COMMON_RELIC","is_prod":false,"is_daily":false,"chose_seed":false,"campfire_upgraded":0,"win_rate":0,"timestamp":1560631800,"path_taken":["M","M","?","?","?","R","E","?","T","M"],"build_version":"2019-06-13","purchased_purges":1,"victory":false,"max_hp_per_floor":[71,71,71,71,71,71,71,71,71,71],"card_choices":[{"not_picked":["Streamline","Steam"],"picked":"Leap","floor":1},{"not_picked":["Rip and Tear","Turbo"],"picked":"Go for the Eyes","floor":2},{"not_picked":["Thunder Strike","Hologram"],"picked":"Chill","floor":7}],"player_experience":850060,"relics_obtained":[{"floor":5,"key":"Bottled Flame"},{"floor":7,"key":"Letter Opener"},{"floor":9,"key":"Oddly Smooth Stone"}],"event_choices":[{"damage_healed":0,"gold_gain":0,"player_choice":"Box","damage_taken":0,"relics_obtained":["Tiny Chest"],"max_hp_gain":0,"max_hp_loss":0,"event_name":"Big Fish","floor":3,"gold_loss":0,"cards_obtained":["Regret"]},{"damage_healed":0,"gold_gain":0,"player_choice":"Take Damage","damage_taken":24,"relics_obtained":["Golden Idol"],"max_hp_gain":0,"max_hp_loss":0,"event_name":"Golden Idol","floor":4,"gold_loss":0}],"is_beta":true,"boss_relics":[],"items_purged_floors":[8],"is_endless":false,"potions_floor_spawned":[7],"killed_by":"Small Slimes","ascension_level":16}