{"gold_per_floor":[109,122,122,140,151,151,180,180,180,191,191,211,94,10,10,81,81,100,113,131,146,181,181,181,201,252,16,16,29,29,129,129,203,203,223,223,240,257,257,257,287,287,287,310,7,61,90,105,105,105],"floor_reached":51,"playtime":2477,"items_purged":["Regret","Strike_R","Clumsy"],"score":1576,"play_id":"b19acb4e-6f7d-43fa-803b-21e7e48025da","local_time":"20190513110902","is_ascension_mode":true,"campfire_choices":[{"data":"Wild Strike","floor":6.0,"key":"SMITH"},{"floor":8.0,"key":"REST"},{"data":"Shrug It Off","floor":11.0,"key":"SMITH"},{"data":"Bash","floor":15.0,"key":"SMITH"},{"data":"Feel No Pain","floor":23.0,"key":"SMITH"},{"data":"Body Slam","floor":30.0,"key":"SMITH"},{"data":"Corruption","floor":32.0,"key":"SMITH"},{"data":"Evolve","floor":40,"key":"SMITH"},{"data":"Whirlwind","floor":42,"key":"SMITH"},{"data":"Twin Strike","floor":49,"key":"SMITH"}],"neow_cost":"NONE","seed_source_timestamp":168136616652200,"circlet_count":0,"master_deck":["AscendersBane","Strike_R","Strike_R","Strike_R","Defend_R","Defend_R","Defend_R","Defend_R","Bash+1","Wild Strike+1","Shrug It Off+1","Cleave","Corruption+1","Whirlwind+1","True Grit+1","Twin Strike+1","Power Through+1","Battle Trance+1","Offering+1","Ghostly Armor+1","Feel No Pain+1","Body Slam+1","Power Through+1","Twin Strike","Warcry+1","Evolve+1","Havoc+1","Limit Break+1","Flame Barrier+1","True Grit+1","Madness+1","Madness+1","True Grit+1","Ghostly Armor+1","Body Slam"],"special_seed":0,"relics":["Burning Blood","Centennial Puzzle","Toxic Egg 2","Bird Faced Urn","Champion Belt","Odd Mushroom","Snecko Eye","Red Mask","Bag of Marbles","Dead Branch","Pear","Cursed Key","Smiling Mask","MawBank","Shuriken","Mango","Ornamental Fan"],"potions_floor_usage":[],"damage_taken":[{"damage":11.0,"enemies":"Small Slimes","floor":1.0,"turns":5.0},{"damage":7.0,"enemies":"Jaw Worm","floor":2.0,"turns":2.0},{"damage":9.0,"enemies":"2 Louse","floor":4.0,"turns":3.0},{"damage":17.0,"enemies":"2 Fungi Beasts","floor":5.0,"turns":5.0},{"damage":34.0,"enemies":"Gremlin Nob","floor":7.0,"turns":4.0},{"damage":0.0,"enemies":"Lots of Slimes","floor":10.0,"turns":1.0},{"damage":25.0,"enemies":"The Mushroom Lair","floor":12.0,"turns":4.0},{"damage":22.0,"enemies":"Slime Boss","floor":16.0,"turns":9.0},{"damage":12.0,"enemies":"Spheric Guardian","floor":18.0,"turns":5.0},{"damage":6.0,"enemies":"Shell Parasite","floor":19.0,"turns":4.0},{"damage":13.0,"enemies":"Cultist and Chosen","floor":20.0,"turns":7.0},{"damage":22.0,"enemies":"Snake Plant","floor":21.0,"turns":3.0},{"damage":6.0,"enemies":"Masked Bandits","floor":22.0,"turns":5.0},{"damage":6.0,"enemies":"Snecko","floor":25.0,"turns":4.0},{"damage":6.0,"enemies":"Centurion and Healer","floor":29.0,"turns":5.0},{"damage":16.0,"enemies":"Colosseum Slavers","floor":31.0,"turns":3.0},{"damage":18.0,"enemies":"Colosseum Nobs","floor":31.0,"turns":4.0},{"damage":9.0,"enemies":"Champ","floor":33.0,"turns":7.0},{"damage":6,"enemies":"3 Shapes","floor":35,"turns":2},{"damage":6,"enemies":"Orb Walker","floor":37,"turns":2},{"damage":15,"enemies":"4 Shapes","floor":38,"turns":7},{"damage":16,"enemies":"Giant Head","floor":41,"turns":5},{"damage":6,"enemies":"Maw","floor":44,"turns":7},{"damage":0,"enemies":"2 Orb Walkers","floor":46,"turns":1},{"damage":6,"enemies":"Reptomancer","floor":47,"turns":1},{"damage":6,"enemies":"Transient","floor":48,"turns":6},{"damage":13,"enemies":"Time Eater","floor":50,"turns":7}],"seed_played":"8927173427267802728","potions_obtained":[{"floor":7.0,"key":"Explosive Potion"},{"floor":10.0,"key":"SteroidPotion"},{"floor":12.0,"key":"Block Potion"},{"floor":19.0,"key":"Energy Potion"},{"floor":22.0,"key":"BloodPotion"},{"floor":25.0,"key":"PowerPotion"},{"floor":31.0,"key":"Weak Potion"},{"floor":35,"key":"EssenceOfSteel"}],"is_trial":false,"path_per_floor":["M","M","?","M","M","R","E","R","T","M","R","?","$","$","R","B",null,"M","M","M","M","?","R","?","M","T","$","?","M","R","?","R","B",null,"M","?","M","M","?","R","E","R","T","M","$","?","E","M","R","B",null],"character_chosen":"IRONCLAD","items_purchased":["Power Through+1","Battle Trance+1","Evolve","Havoc+1","Shuriken"],"campfire_rested":1,"item_purchase_floors":[13,14,27,27,45],"current_hp_per_floor":[63,62,62,59,48,48,20,42,42,48,48,29,29,29,29,13,60,56,58,55,43,47,47,47,51,51,51,51,57,57,66,66,77,83,85,85,85,82,67,67,69,69,69,79,79,99,99,99,99,93],"gold":105,"neow_bonus":"RANDOM_COMMON_RELIC","is_prod":false,"is_daily":false,"chose_seed":false,"campfire_upgraded":9,"win_rate":0,"timestamp":1557738542,"path_taken":["M","M","?","M","M","R","E","R","T","M","R","?","?","$","R","BOSS","M","M","M","M","?","R","?","?","T","$","?","M","R","?","R","BOSS","M","?","?","M","?","R","E","R","T","M","$","?","E","M","R","BOSS"],"build_version":"2019-05-07","purchased_purges":3,"victory":true,"max_hp_per_floor":[75,75,75,75,75,75,75,75,75,75,75,75,75,75,75,75,75,75,75,75,75,75,75,75,75,75,75,75,75,75,85,85,85,85,85,85,85,85,85,85,85,85,85,85,85,99,99,99,99,99],"card_choices":[{"not_picked":["Shrug It Off","Thunderclap"],"picked":"Wild Strike","floor":1.0},{"not_picked":["Body Slam","Warcry"],"picked":"Shrug It Off","floor":2.0},{"not_picked":["Dual Wield+1","Wild Strike"],"picked":"Cleave","floor":4.0},{"not_picked":["Headbutt","Exhume+1"],"picked":"Corruption","floor":5.0},{"not_picked":["Rampage","Cleave"],"picked":"Whirlwind","floor":7.0},{"not_picked":["Sword Boomerang","Rampage"],"picked":"True Grit+1","floor":10.0},{"not_picked":["Anger","Thunderclap"],"picked":"Twin Strike","floor":12.0},{"not_picked":["Reaper","Juggernaut"],"picked":"Offering+1","floor":16.0},{"not_picked":["Searing Blow","Seeing Red+1"],"picked":"Ghostly Armor+1","floor":18.0},{"not_picked":["Thunderclap","Twin Strike+1"],"picked":"Feel No Pain","floor":19.0},{"not_picked":["Infernal Blade+1","Sword Boomerang","Thunderclap+1"],"picked":"SKIP","floor":20.0},{"not_picked":["Heavy Blade+1","Rampage"],"picked":"Body Slam","floor":21.0},{"not_picked":["Thunderclap+1","Warcry+1"],"picked":"Power Through+1","floor":22.0},{"not_picked":["Ghostly Armor+1","Twin Strike"],"picked":"Warcry+1","floor":25.0},{"not_picked":["Spot Weakness+1","Armaments+1","Body Slam"],"picked":"SKIP","floor":29.0},{"not_picked":["Exhume+1","Reaper"],"picked":"Limit Break+1","floor":33.0},{"not_picked":["Heavy Blade","Combust","Cleave+1"],"picked":"SKIP","floor":35},{"not_picked":["Pommel Strike","Hemokinesis+1"],"picked":"Flame Barrier+1","floor":37},{"not_picked":["Pommel Strike","Body Slam+1"],"picked":"True Grit+1","floor":38},{"not_picked":["Ghostly Armor+1","Cleave"],"picked":"True Grit+1","floor":41},{"not_picked":["Searing Blow","Combust"],"picked":"Ghostly Armor+1","floor":44},{"not_picked":["Reckless Charge","Flex+1"],"picked":"Body Slam","floor":46},{"not_picked":["Sword Boomerang","Perfected Strike","Rupture"],"picked":"SKIP","floor":47},{"not_picked":["Hemokinesis","Evolve","Sword Boomerang"],"picked":"SKIP","floor":48}],"player_experience":692663,"relics_obtained":[{"floor":7.0,"key":"Bird Faced Urn"},{"floor":9.0,"key":"Champion Belt"},{"floor":12.0,"key":"Odd Mushroom"},{"floor":22.0,"key":"Red Mask"},{"floor":26.0,"key":"Bag of Marbles"},{"floor":31.0,"key":"Dead Branch"},{"floor":31.0,"key":"Pear"},{"floor":41,"key":"Smiling Mask"},{"floor":43,"key":"MawBank"},{"floor":46,"key":"Mango"},{"floor":47,"key":"Ornamental Fan"}],"event_choices":[{"damage_healed":0.0,"max_hp_gain":0.0,"max_hp_loss":0.0,"gold_gain":0.0,"event_name":"Big Fish","player_choice":"Box","floor":3.0,"gold_loss":0.0,"damage_taken":0.0,"relics_obtained":["Toxic Egg 2"],"cards_obtained":["Regret"]},{"damage_healed":0.0,"max_hp_gain":0.0,"max_hp_loss":0.0,"gold_gain":0.0,"event_name":"Mushrooms","player_choice":"Fought Mushrooms","floor":12.0,"gold_loss":0.0,"damage_taken":0.0},{"damage_healed":0.0,"max_hp_gain":0.0,"max_hp_loss":0.0,"gold_gain":0.0,"event_name":"Masked Bandits","player_choice":"Fought Bandits","floor":22.0,"gold_loss":0.0,"damage_taken":0.0},{"damage_healed":0.0,"max_hp_gain":0.0,"max_hp_loss":0.0,"gold_gain":0.0,"event_name":"Match and Keep!","player_choice":"1 cards matched","floor":24.0,"gold_loss":0.0,"damage_taken":0.0,"cards_obtained":["Twin Strike"]},{"damage_healed":0.0,"max_hp_gain":0.0,"max_hp_loss":0.0,"gold_gain":0.0,"event_name":"Vampires","player_choice":"Ignored","floor":28.0,"gold_loss":0.0,"damage_taken":0.0},{"damage_healed":0.0,"max_hp_gain":0.0,"max_hp_loss":0.0,"gold_gain":0.0,"event_name":"Colosseum","player_choice":"Fight","floor":31.0,"gold_loss":0.0,"damage_taken":0.0},{"damage_healed":0.0,"max_hp_gain":0.0,"max_hp_loss":0.0,"gold_gain":0.0,"event_name":"Colosseum","player_choice":"Fought Nobs","floor":31.0,"gold_loss":0.0,"damage_taken":0.0},{"cards_removed":["Strike_R"],"damage_healed":0,"gold_gain":0,"player_choice":"Offered Basic","damage_taken":0,"max_hp_gain":0,"max_hp_loss":0,"event_name":"Bonfire Elementals","floor":36,"gold_loss":0},{"damage_healed":0,"gold_gain":0,"player_choice":"Embrace Madness","damage_taken":15,"max_hp_gain":0,"max_hp_loss":0,"event_name":"Winding Halls","floor":39,"gold_loss":0,"cards_obtained":["Madness","Madness"]},{"damage_healed":0,"gold_gain":0,"player_choice":"Fight","damage_taken":0,"max_hp_gain":0,"max_hp_loss":0,"event_name":"Mysterious Sphere","floor":46,"gold_loss":0}],"is_beta":true,"boss_relics":[{"not_picked":["Lizard Tail","Coffee Dripper"],"picked":"Snecko Eye"},{"not_picked":["Astrolabe","Philosopher\u0027s Stone"],"picked":"Cursed Key"}],"items_purged_floors":[13,27,45],"is_endless":false,"potions_floor_spawned":[7,10,12,19,22,25,29,31,35,44,46,48],"ascension_level":19}