{"gold_per_floor":[110,126,144,158,172,200,214,241,294,329,329,349,429,64,64,159,159,179,194,205,216,234,266,266,266,266,277,296,325,325,325,325,421,421,433,444,143,157,175,207,232,265,292,324,324,353,9,24,24,24],"floor_reached":51,"playtime":5313,"items_purged":[],"score":1144,"play_id":"3e101630-ef18-4010-9fc5-3a5bfe456d3b","local_time":"20190528051545","is_ascension_mode":true,"campfire_choices":[{"data":"Bullet Time","floor":11,"key":"SMITH"},{"data":"Neutralize","floor":15,"key":"SMITH"},{"floor":24,"key":"REST"},{"data":"After Image","floor":30,"key":"SMITH"},{"data":"Setup","floor":32,"key":"SMITH"},{"data":"A Thousand Cuts","floor":45,"key":"SMITH"},{"floor":49,"key":"REST"}],"neow_cost":"NONE","seed_source_timestamp":615604846756498,"circlet_count":0,"master_deck":["Defend_G","Defend_G","Defend_G","Defend_G","Defend_G+1","Strike_G","Strike_G","Survivor","Neutralize+1","Quick Slash","Acrobatics","Predator","Quick Slash","Crippling Poison","Dagger Spray","Leg Sweep+1","Deadly Poison","Bullet Time+1","Bane","Dagger Throw","Deadly Poison","After Image+1","Doppelganger+1","Caltrops+1","Bouncing Flask+1","Setup+1","Outmaneuver+1","Sucker Punch+1","Well Laid Plans","Caltrops+1","Blur","Terror+1","Leg Sweep","Backflip+1","A Thousand Cuts+1","Footwork","Bandage Up","Well Laid Plans","Backflip","Dagger Spray+1","Cloak And Dagger","Quick Slash+1","Footwork","Wraith Form v2","Setup+1","Backflip","Poisoned Stab+1"],"relics":["Ring of the Snake","Meat on the Bone","Letter Opener","Oddly Smooth Stone","Centennial Puzzle","Odd Mushroom","Bronze Scales","War Paint","Astrolabe","Question Card","MutagenicStrength","Singing Bowl","Art of War","White Beast Statue","Blood Vial","WingedGreaves","Orichalcum","Dream Catcher","Bag of Marbles","Pantograph","Lantern","Frozen Eye","Regal Pillow"],"potions_floor_usage":[4,6,8,16,21,22,23,23,28,40,41,44,44,44,48,48,50],"damage_taken":[{"damage":6,"enemies":"Jaw Worm","floor":1,"turns":4},{"damage":1,"enemies":"Small Slimes","floor":2,"turns":4},{"damage":2,"enemies":"2 Louse","floor":3,"turns":3},{"damage":0,"enemies":"Red Slaver","floor":4,"turns":4},{"damage":11,"enemies":"Exordium Wildlife","floor":5,"turns":6},{"damage":13,"enemies":"Gremlin Nob","floor":6,"turns":3},{"damage":10,"enemies":"Gremlin Gang","floor":7,"turns":3},{"damage":0,"enemies":"3 Sentries","floor":8,"turns":2},{"damage":30,"enemies":"Gremlin Nob","floor":10,"turns":5},{"damage":8,"enemies":"The Mushroom Lair","floor":12,"turns":3},{"damage":4,"enemies":"Hexaghost","floor":16,"turns":8},{"damage":0,"enemies":"3 Byrds","floor":18,"turns":2},{"damage":0,"enemies":"Chosen","floor":19,"turns":3},{"damage":15,"enemies":"Snake Plant","floor":20,"turns":3},{"damage":0,"enemies":"Chosen and Byrds","floor":21,"turns":4},{"damage":5,"enemies":"Snecko","floor":22,"turns":4},{"damage":38,"enemies":"Slavers","floor":23,"turns":4},{"damage":11,"enemies":"Centurion and Healer","floor":27,"turns":8},{"damage":0,"enemies":"Chosen and Byrds","floor":28,"turns":5},{"damage":27,"enemies":"Book of Stabbing","floor":29,"turns":6},{"damage":10,"enemies":"Automaton","floor":33,"turns":9},{"damage":0,"enemies":"Orb Walker","floor":35,"turns":4},{"damage":5,"enemies":"3 Shapes","floor":36,"turns":3},{"damage":17,"enemies":"Spire Growth","floor":38,"turns":7},{"damage":20,"enemies":"Writhing Mass","floor":39,"turns":6},{"damage":26,"enemies":"Nemesis","floor":40,"turns":9},{"damage":15,"enemies":"Reptomancer","floor":41,"turns":7},{"damage":0,"enemies":"Nemesis","floor":42,"turns":8},{"damage":31,"enemies":"Reptomancer","floor":44,"turns":8},{"damage":35,"enemies":"Giant Head","floor":46,"turns":9},{"damage":9,"enemies":"Transient","floor":48,"turns":5},{"damage":72,"enemies":"Donu and Deca","floor":50,"turns":12}],"seed_played":"5852462300800468149","potions_obtained":[{"floor":1,"key":"EssenceOfSteel"},{"floor":2,"key":"Fire Potion"},{"floor":5,"key":"Ancient Potion"},{"floor":7,"key":"SkillPotion"},{"floor":10,"key":"Weak Potion"},{"floor":12,"key":"PowerPotion"},{"floor":16,"key":"Energy Potion"},{"floor":19,"key":"Fire Potion"},{"floor":22,"key":"Strength Potion"},{"floor":23,"key":"GamblersBrew"},{"floor":29,"key":"SteroidPotion"},{"floor":35,"key":"Ancient Potion"},{"floor":36,"key":"FearPotion"},{"floor":38,"key":"GhostInAJar"},{"floor":39,"key":"SpeedPotion"},{"floor":40,"key":"GhostInAJar"},{"floor":41,"key":"FearPotion"},{"floor":42,"key":"Energy Potion"},{"floor":44,"key":"SteroidPotion"},{"floor":46,"key":"Poison Potion"},{"floor":48,"key":"Energy Potion"}],"is_trial":false,"path_per_floor":["M","M","M","M","M","E","M","E","T","E","R","?","?","$","R","B",null,"M","M","M","M","M","E","R","?","T","M","M","E","R","?","R","B",null,"M","M","$","M","M","E","E","E","T","E","R","E","$","M","R","B",null],"character_chosen":"THE_SILENT","items_purchased":["Deadly Poison","Bronze Scales","War Paint","Bandage Up","Well Laid Plans","Blood Vial","Frozen Eye","Regal Pillow"],"campfire_rested":2,"item_purchase_floors":[14,14,14,37,37,37,47,47],"current_hp_per_floor":[57,56,54,54,43,30,32,44,44,26,26,30,30,30,30,38,62,62,62,47,47,42,16,37,37,37,38,38,23,23,46,46,36,62,62,59,59,48,46,38,41,47,47,34,34,17,17,26,62,16],"gold":24,"neow_bonus":"THREE_CARDS","is_prod":false,"is_daily":false,"chose_seed":false,"campfire_upgraded":5,"win_rate":0,"timestamp":1559042145,"path_taken":["M","M","M","M","M","E","M","E","T","E","R","?","?","$","R","BOSS","M","M","M","M","M","E","R","?","T","M","M","E","R","?","R","BOSS","M","M","$","M","M","E","E","E","T","E","R","E","$","M","R","BOSS"],"build_version":"2019-01-23","purchased_purges":0,"victory":true,"max_hp_per_floor":[70,70,70,70,70,70,70,70,70,70,70,70,70,70,70,70,70,70,70,70,70,70,70,70,70,70,70,70,70,70,70,70,70,70,70,72,72,72,72,72,72,72,72,72,72,72,72,72,72,72],"card_choices":[{"not_picked":["Heel Hook","Distraction"],"picked":"Quick Slash","floor":0},{"not_picked":["Heel Hook","Tactician"],"picked":"Acrobatics","floor":1},{"not_picked":["Distraction","Quick Slash"],"picked":"Predator","floor":2},{"not_picked":["Acrobatics","Bane"],"picked":"Quick Slash","floor":3},{"not_picked":["Quick Slash","Reflex"],"picked":"Crippling Poison","floor":4},{"not_picked":["Prepared","Acrobatics"],"picked":"Dagger Spray","floor":5},{"not_picked":["Skewer","Poisoned Stab"],"picked":"Leg Sweep","floor":6},{"not_picked":["Accuracy","All Out Attack"],"picked":"Deadly Poison","floor":7},{"not_picked":["Quick Slash","Eviscerate"],"picked":"Bullet Time","floor":8},{"not_picked":["Dagger Throw","Dodge and Roll"],"picked":"Bane","floor":10},{"not_picked":["Prepared","Concentrate"],"picked":"Dagger Throw","floor":12},{"not_picked":["Unload","Doppelganger"],"picked":"After Image","floor":16},{"not_picked":["Slice+1","Deflect"],"picked":"Setup","floor":18},{"not_picked":["Dagger Throw","Blade Dance+1"],"picked":"Outmaneuver+1","floor":19},{"not_picked":["Riddle With Holes","Underhanded Strike"],"picked":"Sucker Punch+1","floor":20},{"not_picked":["Accuracy+1","Expertise+1"],"picked":"Well Laid Plans","floor":21},{"not_picked":["Outmaneuver","Reflex"],"picked":"Caltrops+1","floor":22},{"not_picked":["Escape Plan","Cloak And Dagger"],"picked":"Blur","floor":23},{"not_picked":["Underhanded Strike+1","Deflect","Heel Hook+1"],"picked":"Terror+1","floor":27},{"not_picked":["Reflex","Finisher","Acrobatics"],"picked":"Leg Sweep","floor":28},{"not_picked":["Flying Knee","Riddle With Holes","Caltrops"],"picked":"Backflip+1","floor":29},{"not_picked":["Malaise","Glass Knife","Burst"],"picked":"A Thousand Cuts","floor":33},{"not_picked":["All Out Attack+1","Finisher","Deadly Poison+1"],"picked":"Footwork","floor":35},{"not_picked":["Tactician","Sucker Punch+1","Blade Dance","Deflect+1"],"picked":"Singing Bowl","floor":36},{"not_picked":["Eviscerate+1","Outmaneuver+1","Choke+1"],"picked":"Backflip","floor":38},{"not_picked":["Blade Dance+1","Well Laid Plans","Slice+1"],"picked":"Dagger Spray+1","floor":39},{"not_picked":["Dagger Throw+1","Acrobatics","Predator"],"picked":"Cloak And Dagger","floor":40},{"not_picked":["Dash","Reflex","Flechettes"],"picked":"Quick Slash+1","floor":41},{"not_picked":["Crippling Poison","Poisoned Stab+1","Expertise+1"],"picked":"Footwork","floor":42},{"not_picked":["Slice+1","Expertise","Backstab+1"],"picked":"Wraith Form v2","floor":44},{"not_picked":["Storm of Steel","Reflex","Accuracy+1"],"picked":"Setup+1","floor":46},{"not_picked":["Outmaneuver+1","Backstab+1","Acrobatics+1"],"picked":"Backflip","floor":48},{"not_picked":["Riddle With Holes+1","Acrobatics","Slice+1"],"picked":"Poisoned Stab+1","floor":49}],"player_experience":247441,"relics_obtained":[{"floor":6,"key":"Meat on the Bone"},{"floor":8,"key":"Letter Opener"},{"floor":9,"key":"Oddly Smooth Stone"},{"floor":10,"key":"Centennial Puzzle"},{"floor":12,"key":"Odd Mushroom"},{"floor":23,"key":"Question Card"},{"floor":26,"key":"Singing Bowl"},{"floor":29,"key":"Art of War"},{"floor":40,"key":"WingedGreaves"},{"floor":41,"key":"Orichalcum"},{"floor":42,"key":"Dream Catcher"},{"floor":43,"key":"Bag of Marbles"},{"floor":44,"key":"Pantograph"},{"floor":46,"key":"Lantern"}],"event_choices":[{"damage_healed":0,"gold_gain":0,"player_choice":"Fought Mushrooms","damage_taken":0,"max_hp_gain":0,"max_hp_loss":0,"event_name":"Mushrooms","floor":12,"gold_loss":0},{"damage_healed":0,"gold_gain":80,"player_choice":"Gained Gold","damage_taken":0,"max_hp_gain":0,"max_hp_loss":0,"event_name":"Golden Wing","floor":13,"gold_loss":0},{"damage_healed":0,"gold_gain":0,"player_choice":"Inject Mutagens","damage_taken":0,"relics_obtained":["MutagenicStrength"],"max_hp_gain":0,"max_hp_loss":0,"event_name":"Drug Dealer","floor":25,"gold_loss":0},{"damage_healed":23,"gold_gain":0,"player_choice":"Heal","damage_taken":0,"max_hp_gain":0,"max_hp_loss":0,"event_name":"The Library","floor":31,"gold_loss":0}],"is_beta":false,"boss_relics":[{"not_picked":["Snecko Eye","Runic Dome"],"picked":"Astrolabe"},{"not_picked":["Busted Crown","HoveringKite"],"picked":"White Beast Statue"}],"items_purged_floors":[],"is_endless":false,"potions_floor_spawned":[1,2,5,7,10,12,16,19,22,23,29,35,36,38,39,40,41,42,44,46,48],"ascension_level":6}