{"gold_per_floor":[119,119,119,129,16,45,62,78,101,111,137,102,114,133,133,228,278,292,312,19,19,34,68,68,93,116,116,116],"floor_reached":28,"playtime":1201,"items_purged":["Regret"],"score":348,"play_id":"45efb29a-9da2-4f45-ba5c-dbfe2310eb07","local_time":"20190606003923","is_ascension_mode":true,"campfire_choices":[{"data":"Tempest","floor":15.0,"key":"SMITH"},{"floor":24.0,"key":"REST"}],"neow_cost":"NONE","seed_source_timestamp":1380883923823287,"circlet_count":0,"master_deck":["Strike_B","Strike_B","Strike_B","Defend_B","Defend_B+1","Defend_B","Defend_B","Zap","Dualcast+1","Self Repair","FTL","Sunder+1","Ball Lightning","Streamline","Scrape","Barrage","Gash","Reboot","Tempest+1","Electrodynamics","Beam Cell","Turbo+1","Defragment","FTL","Gash","Gash","Leap+1","Go for the Eyes"],"special_seed":0,"relics":["Cracked Core","War Paint","Pen Nib","Bag of Marbles","Bronze Scales","Dream Catcher","Tiny House","Kunai","Smiling Mask","Happy Flower","Vajra"],"potions_floor_usage":[28],"damage_taken":[{"damage":7.0,"enemies":"Small Slimes","floor":1.0,"turns":3.0},{"damage":0.0,"enemies":"2 Louse","floor":4.0,"turns":2.0},{"damage":14.0,"enemies":"3 Sentries","floor":6.0,"turns":6.0},{"damage":0.0,"enemies":"Jaw Worm","floor":7.0,"turns":1.0},{"damage":0.0,"enemies":"Looter","floor":8.0,"turns":1.0},{"damage":0.0,"enemies":"Red Slaver","floor":10.0,"turns":1.0},{"damage":16.0,"enemies":"Gremlin Nob","floor":11.0,"turns":3.0},{"damage":5.0,"enemies":"Lots of Slimes","floor":13.0,"turns":3.0},{"damage":0.0,"enemies":"Exordium Thugs","floor":14.0,"turns":1.0},{"damage":26.0,"enemies":"Slime Boss","floor":16.0,"turns":6.0},{"damage":18.0,"enemies":"Shell Parasite","floor":18.0,"turns":4.0},{"damage":0.0,"enemies":"Spheric Guardian","floor":19.0,"turns":1.0},{"damage":23.0,"enemies":"Shelled Parasite and Fungi","floor":22.0,"turns":3.0},{"damage":26.0,"enemies":"Slavers","floor":23.0,"turns":3.0},{"damage":28.0,"enemies":"Book of Stabbing","floor":25.0,"turns":4.0},{"damage":0.0,"enemies":"Gremlin Leader","floor":27.0,"turns":1.0},{"damage":14,"enemies":"Snake Plant","floor":28,"turns":2}],"seed_played":"-8886615168892517074","potions_obtained":[{"floor":4.0,"key":"Strength Potion"},{"floor":6.0,"key":"EssenceOfSteel"},{"floor":8.0,"key":"GamblersBrew"},{"floor":11.0,"key":"PowerPotion"},{"floor":17.0,"key":"SmokeBomb"},{"floor":22.0,"key":"SpeedPotion"},{"floor":23.0,"key":"FocusPotion"},{"floor":25.0,"key":"Explosive Potion"}],"is_trial":false,"path_per_floor":["M","?","?","M","$","E","M","M","T","M","E","?","M","M","R","B",null,"M","M","$","?","M","E","R","E","T","E","M"],"character_chosen":"DEFECT","items_purchased":["Sunder","Kunai","FTL"],"campfire_rested":1,"item_purchase_floors":[5,20,20],"current_hp_per_floor":[68,61,61,68,68,61,61,61,61,61,52,70,72,72,72,46,80,69,69,69,54,31,5,30,9,9,9,0],"gold":116,"neow_bonus":"RANDOM_COMMON_RELIC","is_prod":false,"is_daily":false,"chose_seed":false,"campfire_upgraded":1,"win_rate":0,"timestamp":1559803163,"path_taken":["M","?","?","M","$","E","M","M","T","M","E","?","M","M","R","BOSS","M","M","$","?","M","E","R","E","T","E","M"],"build_version":"2019-01-23","purchased_purges":1,"victory":false,"max_hp_per_floor":[75,75,75,75,75,75,75,75,75,75,75,75,75,75,75,75,80,80,80,80,85,85,85,85,85,85,85,85],"card_choices":[{"not_picked":["Leap","Storm"],"picked":"Self Repair","floor":1.0},{"not_picked":["Fusion","Lockon"],"picked":"FTL","floor":4.0},{"not_picked":["Cold Snap","Chill"],"picked":"Ball Lightning","floor":6.0},{"not_picked":["Compile Driver","Hyperbeam"],"picked":"Streamline","floor":7.0},{"not_picked":["Steam Power","Chill"],"picked":"Scrape","floor":8.0},{"not_picked":["Auto Shields","Steam"],"picked":"Barrage","floor":10.0},{"not_picked":["Multi-Cast","Streamline"],"picked":"Gash","floor":11.0},{"not_picked":["Hologram","Self Repair"],"picked":"Reboot","floor":13.0},{"not_picked":["Sweeping Beam","Reinforced Body"],"picked":"Tempest","floor":14.0},{"not_picked":["Seek","Rainbow"],"picked":"Electrodynamics","floor":16.0},{"not_picked":["Sweeping Beam","Coolheaded"],"picked":"Beam Cell","floor":17.0},{"not_picked":["Coolheaded","Hologram"],"picked":"Turbo+1","floor":18.0},{"not_picked":["Double Energy","Reinforced Body"],"picked":"Defragment","floor":19.0},{"not_picked":["Conserve Battery","Defragment"],"picked":"Gash","floor":22.0},{"not_picked":["Leap","Compile Driver+1"],"picked":"Gash","floor":23.0},{"not_picked":["Static Discharge","White Noise"],"picked":"Leap+1","floor":24.0},{"not_picked":["Darkness","Redo"],"picked":"Go for the Eyes","floor":25.0}],"player_experience":317675,"relics_obtained":[{"floor":6.0,"key":"Bag of Marbles"},{"floor":9.0,"key":"Bronze Scales"},{"floor":11.0,"key":"Dream Catcher"},{"floor":23.0,"key":"Smiling Mask"},{"floor":25.0,"key":"Happy Flower"},{"floor":26.0,"key":"Vajra"}],"event_choices":[{"cards_removed":["Strike_B"],"damage_healed":0.0,"max_hp_gain":0.0,"max_hp_loss":0.0,"gold_gain":0.0,"event_name":"Golden Wing","player_choice":"Card Removal","floor":2.0,"gold_loss":0.0,"damage_taken":7.0},{"damage_healed":0.0,"max_hp_gain":0.0,"max_hp_loss":0.0,"gold_gain":0.0,"event_name":"Big Fish","player_choice":"Box","floor":3.0,"gold_loss":0.0,"damage_taken":0.0,"relics_obtained":["Pen Nib"],"cards_obtained":["Regret"]},{"damage_healed":18.0,"max_hp_gain":0.0,"max_hp_loss":0.0,"gold_gain":0.0,"event_name":"The Cleric","player_choice":"Healed","floor":12.0,"gold_loss":35.0,"damage_taken":0.0},{"damage_healed":0.0,"max_hp_gain":5.0,"max_hp_loss":0.0,"gold_gain":0.0,"event_name":"Forgotten Altar","player_choice":"Shed Blood","floor":21.0,"gold_loss":0.0,"damage_taken":20.0}],"is_beta":false,"boss_relics":[{"not_picked":["Calling Bell","Runic Dome"],"picked":"Tiny House"}],"items_purged_floors":[5],"is_endless":false,"potions_floor_spawned":[4,6,8,11,22,23,25],"killed_by":"Snake Plant","ascension_level":4}