{"gold_per_floor":[115,115,22,39,49,49,49,83,130,130,55,66,66,93,93,171,171,182,202,202,219,219],"floor_reached":22,"playtime":717,"items_purged":["Strike_B"],"score":415,"play_id":"828f55dc-f133-40f3-9b41-fa2963033bd4","local_time":"20190507112305","is_ascension_mode":true,"campfire_choices":[{"data":"Cold Snap","floor":6,"key":"SMITH"},{"data":"Defragment","floor":10,"key":"SMITH"},{"floor":13,"key":"REST"},{"data":"Ball Lightning","floor":15,"key":"SMITH"}],"neow_cost":"NONE","seed_source_timestamp":96942368311100,"circlet_count":0,"master_deck":["AscendersBane","Strike_B+1","Strike_B","Defend_B","Defend_B","Defend_B","Defend_B","Zap","Dualcast","Go for the Eyes+1","Defragment+1","Coolheaded","Cold Snap+1","Chaos","Steam","BootSequence","Ball Lightning+1","Echo Form","Genetic Algorithm","Fusion","Core Surge","Hologram"],"relics":["Cracked Core","Orichalcum","CultistMask","Regal Pillow","Whetstone","Cables","Black Star"],"potions_floor_usage":[16,18,21,22],"damage_taken":[{"damage":0,"enemies":"Small Slimes","floor":1,"turns":3},{"damage":0,"enemies":"Cultist","floor":4,"turns":3},{"damage":8,"enemies":"2 Louse","floor":5,"turns":2},{"damage":9,"enemies":"Lagavulin","floor":8,"turns":7},{"damage":7,"enemies":"Large Slime","floor":12,"turns":6},{"damage":23,"enemies":"Gremlin Nob","floor":14,"turns":5},{"damage":0,"enemies":"Slime Boss","floor":16,"turns":5},{"damage":2,"enemies":"Chosen","floor":18,"turns":4},{"damage":33,"enemies":"2 Thieves","floor":19,"turns":5},{"damage":28,"enemies":"Snake Plant","floor":21,"turns":5},{"damage":2,"enemies":"Cultist and Chosen","floor":22,"turns":4}],"seed_played":"-2762288558151998316","potions_obtained":[{"floor":5,"key":"Explosive Potion"},{"floor":14,"key":"Fire Potion"},{"floor":18,"key":"SkillPotion"},{"floor":21,"key":"Swift Potion"}],"is_trial":false,"path_per_floor":["M","?","$","M","M","R","?","E","T","R","$","M","R","E","R","B",null,"M","M","?","M","M"],"character_chosen":"DEFECT","items_purchased":["Defragment","Coolheaded"],"campfire_rested":1,"item_purchase_floors":[3,3],"current_hp_per_floor":[64,64,64,64,56,56,49,40,40,40,40,33,69,46,46,46,65,63,30,30,2,0],"gold":219,"neow_bonus":"RANDOM_COMMON_RELIC","is_prod":false,"is_daily":false,"chose_seed":false,"campfire_upgraded":3,"win_rate":0,"timestamp":1557220985,"path_taken":["M","?","?","M","M","R","?","E","T","R","$","M","R","E","R","BOSS","M","M","?","M","M"],"build_version":"2019-04-23","purchased_purges":1,"victory":false,"max_hp_per_floor":[71,71,71,71,71,71,71,71,71,71,71,71,71,71,71,71,71,71,71,71,71,71],"card_choices":[{"not_picked":["Gash","Rebound"],"picked":"Go for the Eyes","floor":1},{"not_picked":["Barrage","Streamline"],"picked":"Cold Snap","floor":4},{"not_picked":["Streamline","Aggregate"],"picked":"Chaos","floor":5},{"not_picked":["Stack","Heatsinks"],"picked":"Steam","floor":8},{"not_picked":["Steam Power","Double Energy"],"picked":"BootSequence","floor":12},{"not_picked":["Steam","Leap"],"picked":"Ball Lightning","floor":14},{"not_picked":["Amplify","Creative AI"],"picked":"Echo Form","floor":16},{"not_picked":["Storm+1","Sweeping Beam"],"picked":"Genetic Algorithm","floor":18},{"not_picked":["Stack","Rebound"],"picked":"Fusion","floor":19},{"not_picked":["Aggregate","Barrage"],"picked":"Hologram","floor":21}],"player_experience":582066,"relics_obtained":[{"floor":8,"key":"Regal Pillow"},{"floor":9,"key":"Whetstone"},{"floor":14,"key":"Cables"}],"event_choices":[{"damage_healed":0,"gold_gain":0,"player_choice":"Trade","damage_taken":0,"relics_obtained":["CultistMask"],"max_hp_gain":0,"max_hp_loss":0,"event_name":"FaceTrader","floor":2,"gold_loss":0},{"cards_removed":["Strike_B"],"damage_healed":0,"gold_gain":0,"player_choice":"Card Removal","damage_taken":7,"max_hp_gain":0,"max_hp_loss":0,"event_name":"Golden Wing","floor":7,"gold_loss":0},{"damage_healed":0,"gold_gain":0,"player_choice":"Read","damage_taken":0,"max_hp_gain":0,"max_hp_loss":0,"event_name":"The Library","floor":20,"gold_loss":0,"cards_obtained":["Core Surge"]}],"is_beta":true,"boss_relics":[{"not_picked":["Philosopher\u0027s Stone","Ectoplasm"],"picked":"Black Star"}],"items_purged_floors":[11],"is_endless":false,"potions_floor_spawned":[5,14,18,21],"killed_by":"Cultist and Chosen","ascension_level":14}