{"gold_per_floor":[118,129,204,204,204,204,224,256,256,256,270,280,296,325,325,402,402,416,416,72,87,100,100,114,114],"floor_reached":25,"playtime":772,"items_purged":["Shame"],"score":387,"play_id":"8039df8c-3e56-49bc-96b8-4d38ad943efe","local_time":"20190615224715","is_ascension_mode":true,"campfire_choices":[{"floor":6,"key":"REST"},{"data":"Zap","floor":10,"key":"SMITH"},{"floor":15,"key":"REST"},{"data":"Biased Cognition","floor":23,"key":"SMITH"}],"neow_cost":"CURSE","seed_source_timestamp":218301236503400,"circlet_count":0,"master_deck":["AscendersBane","Strike_B","Strike_B","Strike_B","Strike_B","Defend_B","Defend_B","Defend_B","Defend_B","Zap+1","Dualcast","Rip and Tear","Sweeping Beam","Coolheaded+1","BootSequence+1","Go for the Eyes","Turbo+1","Hologram+1","Echo Form","Biased Cognition+1","Shame","Shame","Tempest+1","Core Surge","Deep Breath+1","Multi-Cast+1","Ball Lightning","Aggregate+1","Hologram+1"],"relics":["Cracked Core","Du-Vu Doll","Toxic Egg 2","Pen Nib","Orichalcum","Regal Pillow","Calling Bell","Anchor","Shuriken","Bird Faced Urn"],"potions_floor_usage":[8,16,18,25],"damage_taken":[{"damage":2,"enemies":"Jaw Worm","floor":1,"turns":3},{"damage":10,"enemies":"Small Slimes","floor":2,"turns":2},{"damage":0,"enemies":"Cultist","floor":7,"turns":2},{"damage":10,"enemies":"Gremlin Nob","floor":8,"turns":3},{"damage":3,"enemies":"3 Louse","floor":11,"turns":2},{"damage":0,"enemies":"Exordium Wildlife","floor":12,"turns":2},{"damage":8,"enemies":"Exordium Thugs","floor":13,"turns":3},{"damage":5,"enemies":"3 Sentries","floor":14,"turns":3},{"damage":12,"enemies":"The Guardian","floor":16,"turns":11},{"damage":11,"enemies":"Spheric Guardian","floor":18,"turns":4},{"damage":10,"enemies":"3 Byrds","floor":21,"turns":3},{"damage":15,"enemies":"Cultist and Chosen","floor":22,"turns":5},{"damage":17,"enemies":"Centurion and Healer","floor":24,"turns":3},{"damage":40,"enemies":"Slavers","floor":25,"turns":3}],"seed_played":"6120303866959830315","potions_obtained":[{"floor":1,"key":"Energy Potion"},{"floor":7,"key":"Weak Potion"},{"floor":14,"key":"Fire Potion"},{"floor":18,"key":"EssenceOfSteel"},{"floor":22,"key":"Energy Potion"}],"is_trial":false,"path_per_floor":["M","M","?","?","?","R","M","E","T","R","M","M","M","E","R","B",null,"M","?","$","M","M","R","M","E"],"character_chosen":"DEFECT","items_purchased":["Deep Breath+1","Multi-Cast+1"],"campfire_rested":2,"item_purchase_floors":[20,20],"current_hp_per_floor":[62,52,41,30,30,51,51,41,41,41,38,38,30,25,61,49,66,59,59,59,51,38,38,27,0],"gold":114,"neow_bonus":"ONE_RARE_RELIC","is_prod":false,"is_daily":false,"chose_seed":false,"campfire_upgraded":2,"win_rate":0,"timestamp":1560631635,"path_taken":["M","M","?","?","?","R","?","E","T","R","M","M","M","E","R","BOSS","M","?","$","M","M","R","M","E"],"build_version":"2019-06-13","purchased_purges":1,"victory":false,"max_hp_per_floor":[71,71,71,71,71,71,71,71,71,71,71,71,71,71,71,71,71,71,71,71,71,71,71,71,71],"card_choices":[{"not_picked":["Stack","Leap"],"picked":"Rip and Tear","floor":1},{"not_picked":["Lockon","Hologram"],"picked":"Sweeping Beam","floor":2},{"not_picked":["Streamline","Steam+1"],"picked":"Coolheaded+1","floor":7},{"not_picked":["Go for the Eyes","Scrape"],"picked":"BootSequence+1","floor":8},{"not_picked":["Gash","Creative AI"],"picked":"Go for the Eyes","floor":11},{"not_picked":["Hologram+1","Go for the Eyes"],"picked":"Turbo+1","floor":12},{"not_picked":["Auto Shields+1","Go for the Eyes"],"picked":"Hologram+1","floor":13},{"not_picked":["Compile Driver","Sweeping Beam"],"picked":"Echo Form","floor":14},{"not_picked":["Reboot+1","All For One"],"picked":"Biased Cognition","floor":16},{"not_picked":["Sunder","Redo+1"],"picked":"Tempest+1","floor":18},{"not_picked":["Steam Power+1","Loop"],"picked":"Ball Lightning","floor":21},{"not_picked":["Turbo+1","Leap+1"],"picked":"Aggregate+1","floor":22},{"not_picked":["Steam Power+1","Gash"],"picked":"Hologram+1","floor":24}],"player_experience":849288,"relics_obtained":[{"floor":8,"key":"Pen Nib"},{"floor":9,"key":"Orichalcum"},{"floor":14,"key":"Regal Pillow"},{"floor":17,"key":"Anchor"},{"floor":17,"key":"Shuriken"},{"floor":17,"key":"Bird Faced Urn"}],"event_choices":[{"damage_healed":0,"gold_gain":75,"player_choice":"Gather Gold","damage_taken":11,"max_hp_gain":0,"max_hp_loss":0,"event_name":"World of Goop","floor":3,"gold_loss":0},{"damage_healed":0,"gold_gain":0,"player_choice":"Success","damage_taken":11,"relics_obtained":["Toxic Egg 2"],"max_hp_gain":0,"max_hp_loss":0,"event_name":"Scrap Ooze","floor":4,"gold_loss":0},{"cards_removed":["Doubt"],"damage_healed":0,"gold_gain":0,"player_choice":"Purged","damage_taken":0,"max_hp_gain":0,"max_hp_loss":0,"event_name":"Purifier","floor":5,"gold_loss":0},{"damage_healed":0,"gold_gain":0,"player_choice":"Read","damage_taken":0,"max_hp_gain":0,"max_hp_loss":0,"event_name":"The Library","floor":19,"gold_loss":0,"cards_obtained":["Core Surge"]}],"is_beta":true,"boss_relics":[{"not_picked":["Ectoplasm","Velvet Choker"],"picked":"Calling Bell"}],"items_purged_floors":[20],"is_endless":false,"potions_floor_spawned":[1,7,14,18,22],"killed_by":"Slavers","ascension_level":16}