{"gold_per_floor":[119,139,139,139,239,239,15,27,102,122,122,122,150,163,163,163],"floor_reached":16,"playtime":333,"items_purged":[],"score":195,"play_id":"aa236114-46b8-4edf-8d02-a5495ee531f9","local_time":"20190512230855","is_ascension_mode":true,"campfire_choices":[{"data":"Bash","floor":6,"key":"SMITH"},{"data":"Armaments","floor":12,"key":"SMITH"},{"floor":15,"key":"REST"}],"neow_cost":"NONE","seed_source_timestamp":127096242910700,"circlet_count":0,"master_deck":["AscendersBane","Strike_R","Strike_R","Strike_R","Defend_R","Defend_R","Defend_R+1","Defend_R+1","Bash+1","Whirlwind","Clothesline","Armaments+1","Metallicize"],"relics":["Burning Blood","Membership Card","Singing Bowl","Juzu Bracelet"],"potions_floor_usage":[],"damage_taken":[{"damage":0,"enemies":"2 Louse","floor":1,"turns":1},{"damage":8,"enemies":"Small Slimes","floor":2,"turns":2},{"damage":6,"enemies":"Cultist","floor":8,"turns":3},{"damage":5,"enemies":"Blue Slaver","floor":10,"turns":5},{"damage":29,"enemies":"Lagavulin","floor":13,"turns":9},{"damage":9,"enemies":"Exordium Wildlife","floor":14,"turns":4},{"damage":48,"enemies":"The Guardian","floor":16,"turns":8}],"seed_played":"-1631245600539216598","potions_obtained":[{"floor":2,"key":"SpeedPotion"},{"floor":13,"key":"FearPotion"}],"is_trial":false,"path_per_floor":["M","M","?","?","?","R","$","M","T","M","?","R","E","M","R","B"],"character_chosen":"IRONCLAD","items_purchased":["Membership Card"],"campfire_rested":1,"item_purchase_floors":[7],"current_hp_per_floor":[74,72,49,42,42,42,42,42,42,45,45,45,24,23,47,0],"gold":163,"neow_bonus":"TRANSFORM_CARD","is_prod":false,"is_daily":false,"chose_seed":false,"campfire_upgraded":2,"win_rate":0,"timestamp":1557695335,"path_taken":["M","M","?","?","?","R","$","M","T","?","?","R","E","M","R","BOSS"],"build_version":"2019-05-07","purchased_purges":0,"victory":false,"max_hp_per_floor":[75,75,75,75,75,75,75,75,75,77,77,77,79,81,81,81],"card_choices":[{"not_picked":["Twin Strike","Dual Wield"],"picked":"Clothesline","floor":1},{"not_picked":["Havoc","Twin Strike"],"picked":"Armaments","floor":2},{"not_picked":["Burning Pact","Dual Wield"],"picked":"Metallicize","floor":8},{"not_picked":["Anger","Havoc","Thunderclap"],"picked":"Singing Bowl","floor":10},{"not_picked":["Heavy Blade","Armaments","Barricade"],"picked":"Singing Bowl","floor":13},{"not_picked":["Warcry","Wild Strike","Uppercut"],"picked":"Singing Bowl","floor":14}],"player_experience":690209,"relics_obtained":[{"floor":9,"key":"Singing Bowl"},{"floor":13,"key":"Juzu Bracelet"}],"event_choices":[{"damage_healed":0,"gold_gain":0,"player_choice":"Entered Light","damage_taken":23,"max_hp_gain":0,"max_hp_loss":0,"event_name":"Shining Light","floor":3,"gold_loss":0,"cards_upgraded":["Defend_R","Defend_R"]},{"cards_removed":["Strike_R"],"damage_healed":0,"gold_gain":0,"player_choice":"Card Removal","damage_taken":7,"max_hp_gain":0,"max_hp_loss":0,"event_name":"Golden Wing","floor":4,"gold_loss":0},{"damage_healed":0,"gold_gain":100,"player_choice":"Gold","damage_taken":0,"max_hp_gain":0,"max_hp_loss":0,"event_name":"Wheel of Change","floor":5,"gold_loss":0},{"damage_healed":0,"gold_gain":0,"player_choice":"Ignored","damage_taken":0,"max_hp_gain":0,"max_hp_loss":0,"event_name":"Liars Game","floor":11,"gold_loss":0}],"is_beta":true,"boss_relics":[],"items_purged_floors":[],"is_endless":false,"potions_floor_spawned":[2,13],"killed_by":"The Guardian","ascension_level":19}