{"gold_per_floor":[17,17,34,53,65,92,104,172,184,196,226,267,296,18,18,91,91,104,74,93,18,37,37,50,66,90,90,105,135,135,170,170,170],"floor_reached":33,"playtime":1643,"items_purged":[],"score":636,"play_id":"4b8311ba-a4a0-49d6-91e7-0540f8bc42fb","local_time":"20190508112636","is_ascension_mode":true,"campfire_choices":[{"floor":7.0,"key":"REST"},{"floor":15,"key":"REST"},{"data":"Go for the Eyes","floor":23,"key":"SMITH"},{"floor":27,"key":"REST"},{"data":"Biased Cognition","floor":30,"key":"SMITH"},{"floor":32,"key":"REST"}],"neow_cost":"NO_GOLD","seed_source_timestamp":182621824373000,"circlet_count":0,"master_deck":["AscendersBane","Strike_B","Strike_B","Strike_B","Defend_B","Defend_B+1","Defend_B","Defend_B","Zap","Dualcast","Compile Driver","Hologram+1","Ball Lightning","Sweeping Beam","Cold Snap","Leap","Go for the Eyes+1","Compile Driver","Steam","Glacier","Cold Snap","Turbo","Reboot","Genetic Algorithm","Electrodynamics","Tempest","Coolheaded","Biased Cognition+1","Darkness+1","Defragment","Compile Driver","Turbo+1"],"special_seed":0,"relics":["Cracked Core","Prayer Wheel","MawBank","Unceasing Top","Mummified Hand","War Paint","Kunai","Runic Pyramid","Lantern","Smiling Mask","Bottled Flame"],"potions_floor_usage":[13,20,29,33],"damage_taken":[{"damage":0.0,"enemies":"Small Slimes","floor":1.0,"turns":4.0},{"damage":1.0,"enemies":"Cultist","floor":3.0,"turns":3.0},{"damage":9.0,"enemies":"2 Louse","floor":4.0,"turns":3.0},{"damage":13.0,"enemies":"Large Slime","floor":5.0,"turns":5.0},{"damage":22.0,"enemies":"Lagavulin","floor":6.0,"turns":7.0},{"damage":21.0,"enemies":"Lagavulin Event","floor":8.0,"turns":5.0},{"damage":0.0,"enemies":"2 Fungi Beasts","floor":11.0,"turns":3.0},{"damage":8.0,"enemies":"3 Sentries","floor":12.0,"turns":6.0},{"damage":0,"enemies":"Lots of Slimes","floor":13,"turns":5},{"damage":0,"enemies":"The Guardian","floor":16,"turns":15},{"damage":1,"enemies":"Chosen","floor":18,"turns":4},{"damage":18,"enemies":"Shell Parasite","floor":20,"turns":7},{"damage":0,"enemies":"Snecko","floor":22,"turns":6},{"damage":10,"enemies":"Centurion and Healer","floor":24,"turns":7},{"damage":0,"enemies":"Snake Plant","floor":25,"turns":4},{"damage":3,"enemies":"Sentry and Sphere","floor":28,"turns":4},{"damage":0,"enemies":"Gremlin Leader","floor":29,"turns":7},{"damage":29,"enemies":"Slavers","floor":31,"turns":3},{"damage":47,"enemies":"Collector","floor":33,"turns":10}],"seed_played":"1899573524954540113","potions_obtained":[{"floor":2.0,"key":"LiquidBronze"},{"floor":2.0,"key":"Block Potion"},{"floor":6.0,"key":"SpeedPotion"},{"floor":19,"key":"Dexterity Potion"},{"floor":19,"key":"Fire Potion"},{"floor":22,"key":"Block Potion"}],"is_trial":false,"path_per_floor":["M","?","M","M","M","E","R","?","T","?","M","E","M","$","R","B",null,"M","?","M","?","M","R","M","M","T","R","M","E","R","E","R","B"],"character_chosen":"DEFECT","items_purchased":["Kunai","Genetic Algorithm"],"campfire_rested":4,"item_purchase_floors":[14,14],"current_hp_per_floor":[64,64,63,54,41,19,40,19,19,19,19,11,11,11,32,32,61,60,60,42,42,42,42,32,32,32,53,50,50,50,21,42,0],"gold":170,"neow_bonus":"ONE_RARE_RELIC","is_prod":false,"is_daily":false,"chose_seed":false,"campfire_upgraded":2,"win_rate":0,"timestamp":1557307596,"path_taken":["M","?","?","M","M","E","R","?","T","?","M","E","M","$","R","BOSS","M","?","?","?","M","R","M","M","T","R","M","E","R","E","R","BOSS"],"build_version":"2019-05-07","purchased_purges":0,"victory":false,"max_hp_per_floor":[71,71,71,71,71,71,71,71,71,71,71,71,71,71,71,71,71,71,71,71,71,71,71,71,71,71,71,71,71,71,71,71,71],"card_choices":[{"not_picked":["Beam Cell","Auto Shields"],"picked":"Compile Driver","floor":1.0},{"not_picked":["Gash","Blizzard"],"picked":"Hologram","floor":1.0},{"not_picked":["Go for the Eyes","Scrape"],"picked":"Ball Lightning","floor":3.0},{"not_picked":["Conserve Battery","Redo"],"picked":"Sweeping Beam","floor":3.0},{"not_picked":["Stack","Consume"],"picked":"Cold Snap","floor":4.0},{"not_picked":["Rebound","Capacitor"],"picked":"Leap","floor":4.0},{"not_picked":["Leap","Thunder Strike"],"picked":"Go for the Eyes","floor":5.0},{"not_picked":["Go for the Eyes","Double Energy"],"picked":"Compile Driver","floor":5.0},{"not_picked":["Scrape","Streamline","Capacitor"],"picked":"SKIP","floor":6.0},{"not_picked":["Beam Cell","Heatsinks"],"picked":"Steam","floor":8.0},{"not_picked":["Ball Lightning","Auto Shields"],"picked":"Glacier","floor":11.0},{"not_picked":["Leap","Stack"],"picked":"Cold Snap","floor":11.0},{"not_picked":["Rebound","Stack"],"picked":"Turbo","floor":12.0},{"not_picked":["Go for the Eyes","Rebound"],"picked":"Reboot","floor":13},{"not_picked":["Chill","Rebound","Reinforced Body"],"picked":"SKIP","floor":13},{"not_picked":["Thunder Strike","Buffer"],"picked":"Electrodynamics","floor":16},{"not_picked":["Rebound","Streamline"],"picked":"Tempest","floor":18},{"not_picked":["Steam","Chill","White Noise"],"picked":"SKIP","floor":18},{"not_picked":["Cold Snap","Scrape","Gash+1"],"picked":"SKIP","floor":20},{"not_picked":["Rip and Tear","Beam Cell","Chill"],"picked":"SKIP","floor":20},{"not_picked":["Sweeping Beam","Cold Snap"],"picked":"Coolheaded","floor":22},{"not_picked":["Auto Shields","Go for the Eyes","Rebound"],"picked":"SKIP","floor":22},{"not_picked":["Redo","Aggregate+1"],"picked":"Biased Cognition","floor":24},{"not_picked":["Stack","Beam Cell","Blizzard"],"picked":"SKIP","floor":24},{"not_picked":["Steam","Steam Power"],"picked":"Darkness+1","floor":25},{"not_picked":["Ball Lightning","Reinforced Body","Rebound"],"picked":"SKIP","floor":25},{"not_picked":["Stack+1","Compile Driver"],"picked":"Defragment","floor":28},{"not_picked":["Redo","Skim"],"picked":"Compile Driver","floor":28},{"not_picked":["Compile Driver","Double Energy"],"picked":"Turbo+1","floor":29},{"not_picked":["Barrage","Glacier","Redo"],"picked":"SKIP","floor":31}],"player_experience":604252,"relics_obtained":[{"floor":6.0,"key":"MawBank"},{"floor":8.0,"key":"Unceasing Top"},{"floor":9.0,"key":"Mummified Hand"},{"floor":12.0,"key":"War Paint"},{"floor":26,"key":"Lantern"},{"floor":29,"key":"Smiling Mask"},{"floor":31,"key":"Bottled Flame"}],"event_choices":[{"damage_healed":0.0,"max_hp_gain":0.0,"max_hp_loss":0.0,"gold_gain":0.0,"event_name":"Lab","player_choice":"Got Potions","floor":2.0,"gold_loss":0.0,"damage_taken":0.0},{"damage_healed":0.0,"max_hp_gain":0.0,"max_hp_loss":0.0,"gold_gain":0.0,"event_name":"Dead Adventurer","player_choice":"Searched \u00271\u0027 times","floor":8.0,"gold_loss":0.0,"damage_taken":0.0},{"damage_healed":0.0,"max_hp_gain":0.0,"max_hp_loss":0.0,"gold_gain":0.0,"event_name":"Liars Game","player_choice":"Ignored","floor":10.0,"gold_loss":0.0,"damage_taken":0.0},{"damage_healed":0,"gold_gain":0,"player_choice":"Bought 2 Potions","damage_taken":0,"max_hp_gain":0,"max_hp_loss":0,"event_name":"The Woman in Blue","floor":19,"gold_loss":0},{"cards_removed":["Strike_B"],"damage_healed":0,"gold_gain":0,"player_choice":"Gave Gold","damage_taken":0,"max_hp_gain":0,"max_hp_loss":0,"event_name":"Beggar","floor":21,"gold_loss":75}],"is_beta":true,"boss_relics":[{"not_picked":["Busted Crown","Black Star"],"picked":"Runic Pyramid"}],"items_purged_floors":[],"is_endless":false,"potions_floor_spawned":[3,4,6,22,24,28],"killed_by":"Collector","ascension_level":14}