{"gold_per_floor":[111,121,121,121,23,23,23,98,176,176,176,208,219,229,229,304,304,324,324,324,334,334,334,353,353],"floor_reached":25,"playtime":708,"items_purged":[],"score":422,"play_id":"429ca0e8-ffde-4f21-b31a-715b567f518f","local_time":"20190618051121","is_ascension_mode":true,"campfire_choices":[{"data":"Zap","floor":7,"key":"SMITH"},{"data":"Dualcast","floor":10,"key":"SMITH"},{"data":"Coolheaded","floor":15,"key":"SMITH"},{"data":"Defragment","floor":23,"key":"SMITH"}],"neow_cost":"NONE","seed_source_timestamp":414215353713100,"circlet_count":0,"master_deck":["AscendersBane","Defend_B","Defend_B","Defend_B","Defend_B","Zap+1","Dualcast+1","Auto Shields","Compile Driver","Self Repair","Cold Snap","Coolheaded+1","Ball Lightning","Compile Driver","Core Surge","Defragment+1","Defragment","Bite","Bite","Bite","Bite","Bite","Self Repair+1"],"relics":["Cracked Core","Happy Flower","Matryoshka","Torii","Strawberry","Inserter"],"potions_floor_usage":[6,25,25],"damage_taken":[{"damage":6,"enemies":"2 Louse","floor":1,"turns":3},{"damage":4,"enemies":"Small Slimes","floor":2,"turns":3},{"damage":6,"enemies":"Gremlin Nob","floor":6,"turns":3},{"damage":13,"enemies":"3 Sentries","floor":12,"turns":9},{"damage":1,"enemies":"Jaw Worm","floor":13,"turns":3},{"damage":1,"enemies":"Large Slime","floor":14,"turns":5},{"damage":6,"enemies":"The Guardian","floor":16,"turns":13},{"damage":1,"enemies":"Chosen","floor":18,"turns":4},{"damage":10,"enemies":"Shell Parasite","floor":21,"turns":6},{"damage":23,"enemies":"Snecko","floor":24,"turns":5},{"damage":50,"enemies":"Book of Stabbing","floor":25,"turns":4}],"seed_played":"-896072461308849475","potions_obtained":[{"floor":1,"key":"SmokeBomb"},{"floor":13,"key":"SneckoOil"},{"floor":14,"key":"AttackPotion"},{"floor":16,"key":"Energy Potion"},{"floor":21,"key":"PowerPotion"}],"is_trial":false,"path_per_floor":["M","M","?","?","$","E","R","?","T","R","?","E","M","M","R","B",null,"M","?","?","M","?","R","M","E"],"character_chosen":"DEFECT","items_purchased":["Self Repair","Cold Snap"],"campfire_rested":0,"item_purchase_floors":[5,5],"current_hp_per_floor":[65,61,61,50,50,51,51,40,40,40,40,41,47,53,53,54,77,83,83,83,80,59,59,40,0],"gold":353,"neow_bonus":"TEN_PERCENT_HP_BONUS","is_prod":false,"is_daily":false,"chose_seed":false,"campfire_upgraded":4,"win_rate":0,"timestamp":1560827481,"path_taken":["M","M","?","?","$","E","R","?","T","R","?","E","M","?","R","BOSS","M","?","?","M","?","R","M","E"],"build_version":"2019-06-13","purchased_purges":0,"victory":false,"max_hp_per_floor":[78,78,78,78,78,78,78,78,78,78,78,85,85,85,85,85,85,85,85,85,85,59,59,59,59],"card_choices":[{"not_picked":["Glacier","Conserve Battery"],"picked":"Auto Shields","floor":1},{"not_picked":["Leap","Streamline"],"picked":"Compile Driver","floor":2},{"not_picked":["Heatsinks","Capacitor"],"picked":"Coolheaded","floor":12},{"not_picked":["Coolheaded","Leap"],"picked":"Ball Lightning","floor":13},{"not_picked":["Fission","Stack"],"picked":"Compile Driver","floor":14},{"not_picked":["Creative AI","Fission"],"picked":"Core Surge","floor":16},{"not_picked":["Hello World","Steam"],"picked":"Defragment","floor":18},{"not_picked":["Stack","Blizzard+1"],"picked":"Defragment","floor":21},{"not_picked":["Beam Cell","Auto Shields"],"picked":"Self Repair+1","floor":24}],"player_experience":860056,"relics_obtained":[{"floor":9,"key":"Matryoshka"},{"floor":12,"key":"Strawberry"}],"event_choices":[{"cards_removed":["Strike_B"],"damage_healed":0,"gold_gain":0,"player_choice":"Forget","damage_taken":0,"max_hp_gain":0,"max_hp_loss":0,"event_name":"Living Wall","floor":3,"gold_loss":0},{"damage_healed":0,"gold_gain":0,"player_choice":"Success","damage_taken":11,"relics_obtained":["Happy Flower"],"max_hp_gain":0,"max_hp_loss":0,"event_name":"Scrap Ooze","floor":4,"gold_loss":0},{"damage_healed":0,"gold_gain":75,"player_choice":"Gather Gold","damage_taken":11,"max_hp_gain":0,"max_hp_loss":0,"event_name":"World of Goop","floor":8,"gold_loss":0},{"damage_healed":0,"gold_gain":0,"player_choice":"Searched \u00271\u0027 times","damage_taken":0,"relics_obtained":["Torii"],"max_hp_gain":0,"max_hp_loss":0,"event_name":"Dead Adventurer","floor":11,"gold_loss":0},{"cards_removed":["Strike_B"],"damage_healed":0,"gold_gain":0,"player_choice":"Elegance","damage_taken":0,"max_hp_gain":0,"max_hp_loss":0,"event_name":"Back to Basics","floor":19,"gold_loss":0},{"damage_healed":0,"gold_gain":0,"player_choice":"Ignored","damage_taken":0,"max_hp_gain":0,"max_hp_loss":0,"event_name":"Ghosts","floor":20,"gold_loss":0},{"damage_healed":0,"gold_gain":0,"player_choice":"Became a vampire","damage_taken":0,"max_hp_gain":0,"max_hp_loss":26,"event_name":"Vampires","floor":22,"gold_loss":0,"cards_obtained":["Bite","Bite","Bite","Bite","Bite"]}],"is_beta":true,"boss_relics":[{"not_picked":["Runic Dome","Lizard Tail"],"picked":"Inserter"}],"items_purged_floors":[],"is_endless":false,"potions_floor_spawned":[1,13,14,16,21,24],"killed_by":"Book of Stabbing","ascension_level":18}