{"gold_per_floor":[144,189,234,279,279,29,119,119,174,174,219,69,69,114,114,414,414,459,504,549,549,594,594,47,47,72,162,162,207,252,297,297,597,597,642,687,189,234,279,279,279],"floor_reached":41,"playtime":1969,"items_purged":[],"score":569,"play_id":"231344fe-a0ce-46cb-ad07-b36ab2902cd4","local_time":"20181118164021","daily_mods":["Specialized","Uncertain Future","Midas"],"is_ascension_mode":false,"campfire_choices":[{"floor":8,"key":"REST"},{"floor":10,"key":"REST"},{"floor":15,"key":"REST"},{"floor":23,"key":"REST"},{"floor":28,"key":"REST"},{"floor":32,"key":"REST"}],"neow_cost":"","seed_source_timestamp":0,"circlet_count":0,"master_deck":["Defend_G","Defend_G","Defend_G+1","Defend_G","Defend_G","Strike_G","Strike_G","Strike_G","Strike_G","Strike_G+1","Survivor","Neutralize","Corpse Explosion","Corpse Explosion","Corpse Explosion","Corpse Explosion","Corpse Explosion","Masterful Stab","Dagger Spray","Bane","Cloak And Dagger","Cloak And Dagger","Riddle With Holes","Bane","Corpse Explosion","Slice","PiercingWail","Poisoned Stab+1","Slice","Noxious Fumes","Blur","Cloak And Dagger+1","Choke","Blade Dance","Blade Dance+1","Burst","Cloak And Dagger+1","Flying Knee","Mind Blast","Deflect","Bane+1"],"special_seed":17853,"relics":["Ring of the Serpent","Ninja Scroll","Pen Nib","Tiny Chest","Potion Belt","WristBlade","Mercury Hourglass","Strawberry","Pantograph","Boot","Bag of Preparation","Kunai","Oddly Smooth Stone"],"potions_floor_usage":[4,4,19,22,27,29,30,33,35,38,41,41],"damage_taken":[{"damage":0,"enemies":"Small Slimes","floor":1,"turns":3},{"damage":6,"enemies":"Jaw Worm","floor":2,"turns":3},{"damage":0,"enemies":"2 Louse","floor":3,"turns":1},{"damage":8,"enemies":"Exordium Thugs","floor":4,"turns":2},{"damage":3,"enemies":"3 Sentries","floor":7,"turns":2},{"damage":0,"enemies":"Gremlin Gang","floor":11,"turns":1},{"damage":7,"enemies":"Blue Slaver","floor":14,"turns":3},{"damage":34,"enemies":"The Guardian","floor":16,"turns":9},{"damage":2,"enemies":"Spheric Guardian","floor":18,"turns":3},{"damage":2,"enemies":"Shell Parasite","floor":19,"turns":4},{"damage":12,"enemies":"Snecko","floor":20,"turns":4},{"damage":0,"enemies":"Centurion and Healer","floor":22,"turns":2},{"damage":0,"enemies":"Slavers","floor":27,"turns":1},{"damage":0,"enemies":"Cultist and Chosen","floor":29,"turns":3},{"damage":28,"enemies":"Shelled Parasite and Fungi","floor":30,"turns":3},{"damage":0,"enemies":"Centurion and Healer","floor":31,"turns":4},{"damage":68,"enemies":"Automaton","floor":33,"turns":8},{"damage":0,"enemies":"3 Darklings","floor":35,"turns":1},{"damage":1,"enemies":"Orb Walker","floor":36,"turns":2},{"damage":36,"enemies":"Transient","floor":38,"turns":5},{"damage":11,"enemies":"Sphere and 2 Shapes","floor":39,"turns":4},{"damage":33,"enemies":"Maw","floor":41,"turns":5}],"seed_played":"-3488631435737580364","potions_obtained":[{"floor":1,"key":"Energy Potion"},{"floor":3,"key":"Dexterity Potion"},{"floor":7,"key":"GhostInAJar"},{"floor":14,"key":"Ancient Potion"},{"floor":20,"key":"Block Potion"},{"floor":21,"key":"PowerPotion"},{"floor":21,"key":"EssenceOfSteel"},{"floor":21,"key":"Explosive Potion"},{"floor":22,"key":"SpeedPotion"},{"floor":27,"key":"Fire Potion"},{"floor":31,"key":"Energy Potion"},{"floor":35,"key":"Poison Potion"},{"floor":39,"key":"SkillPotion"}],"is_trial":false,"path_per_floor":["M","M","M","M","?","$","E","R","T","R","M","$","?","M","R","B",null,"M","M","M","?","M","R","$","T","T","E","R","M","M","M","R","B",null,"M","M","$","M","M","?","M"],"character_chosen":"THE_SILENT","items_purchased":["Ninja Scroll","Potion Belt","Mercury Hourglass","Strawberry","Noxious Fumes","Blur","Kunai","Oddly Smooth Stone","Mind Blast"],"campfire_rested":6,"item_purchase_floors":[6,12,24,24,24,24,37,37,37],"current_hp_per_floor":[70,64,64,56,56,56,53,70,70,70,70,70,56,49,70,36,70,68,66,54,54,54,70,77,77,77,77,77,77,49,49,72,9,77,77,76,76,40,29,29,0],"gold":279,"neow_bonus":"","is_prod":false,"is_daily":true,"chose_seed":false,"campfire_upgraded":0,"win_rate":0,"timestamp":1542584421,"path_taken":["M","M","M","M","?","?","E","R","T","R","M","$","?","M","R","BOSS","M","M","M","?","M","R","$","?","T","E","R","M","?","M","R","BOSS","M","M","$","M","M","?","M"],"build_version":"2018-11-15","purchased_purges":0,"victory":false,"max_hp_per_floor":[70,70,70,70,70,70,70,70,70,70,70,70,70,70,70,70,70,70,70,70,70,70,70,77,77,77,77,77,77,77,77,77,77,77,77,77,77,77,77,77,77],"card_choices":[{"not_picked":["Slice","Dagger Throw"],"picked":"Masterful Stab","floor":1},{"not_picked":["Flying Knee","Quick Slash"],"picked":"Dagger Spray","floor":2},{"not_picked":["Terror","Reflex"],"picked":"Bane","floor":3},{"not_picked":["Bouncing Flask","Prepared"],"picked":"Cloak And Dagger","floor":4},{"not_picked":["PiercingWail","Expertise"],"picked":"Cloak And Dagger","floor":7},{"not_picked":["Malaise","Outmaneuver"],"picked":"Riddle With Holes","floor":11},{"not_picked":["Heel Hook","Caltrops"],"picked":"Bane","floor":14},{"not_picked":["Malaise","After Image"],"picked":"Corpse Explosion","floor":16},{"not_picked":["PiercingWail","Deadly Poison+1"],"picked":"Slice","floor":18},{"not_picked":["Riddle With Holes","Eviscerate"],"picked":"PiercingWail","floor":19},{"not_picked":["Flying Knee","Dagger Throw+1"],"picked":"Poisoned Stab+1","floor":20},{"not_picked":["Prepared","Flying Knee+1"],"picked":"Slice","floor":22},{"not_picked":["Prepared","Caltrops"],"picked":"Cloak And Dagger+1","floor":27},{"not_picked":["Footwork","Setup+1"],"picked":"Choke","floor":29},{"not_picked":["Tools of the Trade","Acrobatics+1"],"picked":"Blade Dance","floor":30},{"not_picked":["Deadly Poison","Quick Slash+1"],"picked":"Blade Dance+1","floor":31},{"not_picked":["Malaise","Venomology"],"picked":"Burst","floor":33},{"not_picked":["Blade Dance","Dagger Throw"],"picked":"Cloak And Dagger+1","floor":35},{"not_picked":["Outmaneuver","Backflip"],"picked":"Flying Knee","floor":36},{"not_picked":["Backflip","Flying Knee+1"],"picked":"Deflect","floor":38},{"not_picked":["Flying Knee+1","Prepared"],"picked":"Bane+1","floor":39}],"player_experience":147179,"relics_obtained":[{"floor":7,"key":"Pen Nib"},{"floor":9,"key":"Tiny Chest"},{"floor":25,"key":"Pantograph"},{"floor":26,"key":"Boot"},{"floor":27,"key":"Bag of Preparation"}],"event_choices":[{"damage_healed":0,"gold_gain":0,"player_choice":"Leave","damage_taken":0,"max_hp_gain":0,"max_hp_loss":0,"event_name":"The Cleric","floor":5,"gold_loss":0},{"damage_healed":0,"gold_gain":0,"player_choice":"Entered Light","damage_taken":14,"max_hp_gain":0,"max_hp_loss":0,"event_name":"Shining Light","floor":13,"gold_loss":0,"cards_upgraded":["Strike_G","Defend_G"]},{"damage_healed":0,"gold_gain":0,"player_choice":"Got Potions","damage_taken":0,"max_hp_gain":0,"max_hp_loss":0,"event_name":"Lab","floor":21,"gold_loss":0},{"damage_healed":0,"gold_gain":0,"player_choice":"Ignored","damage_taken":0,"max_hp_gain":0,"max_hp_loss":0,"event_name":"Tomb of Lord Red Mask","floor":40,"gold_loss":0}],"is_beta":false,"boss_relics":[{"not_picked":["Lizard Tail","Ectoplasm"],"picked":"WristBlade"},{"not_picked":["Tiny House","Coffee Dripper"],"picked":"Ring of the Serpent"}],"items_purged_floors":[],"is_endless":false,"potions_floor_spawned":[1,3,7,14,20,22,27,31,35,39],"killed_by":"Maw","ascension_level":0}