{"gold_per_floor":[12,28,42,52,17,17,43,43,43,74,84,84,100,132,132,204,204,222,321,61,76,87,87,87,87,113,140,159,159,179,199,199,272,272,288,60,60,73,89,89,89],"floor_reached":41,"playtime":1978,"items_purged":["Strike_B","Strike_B"],"score":718,"play_id":"aa45f26b-4e82-4066-a6d0-683db75cc9eb","local_time":"20190626172253","is_ascension_mode":true,"campfire_choices":[{"data":"Defragment","floor":6,"key":"SMITH"},{"floor":12,"key":"REST"},{"floor":15,"key":"REST"},{"floor":23,"key":"REST"},{"data":"Creative AI","floor":25,"key":"SMITH"},{"data":"Storm","floor":29,"key":"SMITH"},{"data":"White Noise","floor":32,"key":"SMITH"},{"floor":40,"key":"REST"}],"neow_cost":"NO_GOLD","seed_source_timestamp":240167713958539,"circlet_count":0,"master_deck":["AscendersBane","Strike_B","Strike_B","Defend_B","Defend_B","Defend_B","Defend_B","Zap","Dualcast","Barrage","Reinforced Body","Defragment+1","Ball Lightning","Genetic Algorithm","Purity","Biased Cognition","Conserve Battery","Amplify","Storm+1","Melter","Sweeping Beam","Creative AI+1","Loop","Steam","Capacitor","White Noise+1","Defragment","Electrodynamics","Auto Shields+1","Core Surge","Go for the Eyes+1","Leap+1"],"relics":["Cracked Core","Bird Faced Urn","Mummified Hand","The Courier","Regal Pillow","Orrery","Anchor","MutagenicStrength","Art of War","Cables","Fusion Hammer"],"potions_floor_usage":[7,10,41],"damage_taken":[{"damage":3,"enemies":"Small Slimes","floor":1,"turns":4},{"damage":4,"enemies":"Jaw Worm","floor":2,"turns":3},{"damage":5,"enemies":"Cultist","floor":3,"turns":4},{"damage":17,"enemies":"2 Fungi Beasts","floor":4,"turns":6},{"damage":11,"enemies":"Lagavulin","floor":7,"turns":5},{"damage":16,"enemies":"Gremlin Nob","floor":10,"turns":3},{"damage":7,"enemies":"Large Slime","floor":11,"turns":5},{"damage":12,"enemies":"Lots of Slimes","floor":13,"turns":3},{"damage":16,"enemies":"Lagavulin","floor":14,"turns":6},{"damage":67,"enemies":"Slime Boss","floor":16,"turns":10},{"damage":32,"enemies":"2 Thieves","floor":18,"turns":5},{"damage":0,"enemies":"Spheric Guardian","floor":21,"turns":3},{"damage":22,"enemies":"Centurion and Healer","floor":22,"turns":6},{"damage":45,"enemies":"Slavers","floor":27,"turns":5},{"damage":10,"enemies":"3 Cultists","floor":28,"turns":5},{"damage":0,"enemies":"Snake Plant","floor":30,"turns":2},{"damage":0,"enemies":"Cultist and Chosen","floor":31,"turns":4},{"damage":21,"enemies":"Champ","floor":33,"turns":8},{"damage":0,"enemies":"3 Shapes","floor":35,"turns":2},{"damage":0,"enemies":"Orb Walker","floor":38,"turns":3},{"damage":25,"enemies":"Maw","floor":39,"turns":5},{"damage":111,"enemies":"Reptomancer","floor":41,"turns":4}],"seed_played":"2338814697298950730","potions_obtained":[{"floor":2,"key":"Weak Potion"},{"floor":7,"key":"Poison Potion"},{"floor":10,"key":"EssenceOfSteel"},{"floor":16,"key":"SkillPotion"},{"floor":21,"key":"SpeedPotion"},{"floor":33,"key":"PowerPotion"}],"is_trial":false,"path_per_floor":["M","M","M","M","?","R","E","?","T","E","M","R","M","E","R","B",null,"M","?","$","M","M","R","?","R","T","E","M","R","M","M","R","B",null,"M","$","?","M","M","R","E"],"character_chosen":"DEFECT","items_purchased":["Loop","Anchor","Steam","Auto Shields","Core Surge"],"campfire_rested":4,"item_purchase_floors":[20,20,20,36,36],"current_hp_per_floor":[79,75,70,53,75,75,64,64,64,50,45,71,63,51,89,22,72,46,46,46,56,46,87,87,87,87,54,58,58,64,78,78,85,88,89,89,89,89,72,89,0],"gold":89,"neow_bonus":"TWENTY_PERCENT_HP_BONUS","is_prod":false,"is_daily":false,"chose_seed":false,"campfire_upgraded":4,"win_rate":0,"timestamp":1561540973,"path_taken":["M","M","M","M","?","R","E","?","T","E","M","R","M","E","R","BOSS","M","?","$","M","M","R","?","R","T","E","M","R","M","M","R","BOSS","M","$","?","M","?","R","E"],"build_version":"2019-01-23","purchased_purges":2,"victory":false,"max_hp_per_floor":[89,89,89,89,89,89,89,89,89,89,89,89,89,89,89,89,89,89,89,89,89,89,89,89,89,89,89,89,89,89,89,89,89,89,89,89,89,89,89,89,89],"card_choices":[{"not_picked":["Turbo","Heatsinks"],"picked":"Barrage","floor":1},{"not_picked":["Chaos","Beam Cell"],"picked":"Reinforced Body","floor":2},{"not_picked":["Hologram","Rebound"],"picked":"Defragment","floor":3},{"not_picked":["Gash","Scrape"],"picked":"Ball Lightning","floor":4},{"not_picked":["Undo","Redo"],"picked":"Genetic Algorithm","floor":7},{"not_picked":["Redo","Ball Lightning","Fusion"],"picked":"SKIP","floor":10},{"not_picked":["Leap","Go for the Eyes"],"picked":"Biased Cognition","floor":11},{"not_picked":["Cold Snap","Lockon"],"picked":"Conserve Battery","floor":13},{"not_picked":["Reprogram","Force Field","Leap"],"picked":"SKIP","floor":14},{"not_picked":["All For One","Seek"],"picked":"Amplify","floor":16},{"not_picked":["Hologram","FTL"],"picked":"Storm","floor":17},{"not_picked":["Stack","Redo"],"picked":"Melter","floor":17},{"not_picked":["Darkness","Stack"],"picked":"Sweeping Beam","floor":17},{"not_picked":["Hologram","Leap"],"picked":"Creative AI","floor":18},{"not_picked":["Recycle+1","Scrape","Steam"],"picked":"SKIP","floor":21},{"not_picked":["Tempest","Streamline","Redo"],"picked":"SKIP","floor":22},{"not_picked":["Reprogram","Cold Snap","Barrage"],"picked":"SKIP","floor":27},{"not_picked":["FTL","Hologram+1"],"picked":"Capacitor","floor":28},{"not_picked":["Creative AI","Consume"],"picked":"White Noise","floor":30},{"not_picked":["Darkness","Melter"],"picked":"Defragment","floor":31},{"not_picked":["Biased Cognition","Fission"],"picked":"Electrodynamics","floor":33},{"not_picked":["Ball Lightning","Stack","Defragment"],"picked":"SKIP","floor":35},{"not_picked":["Auto Shields","Steam Power"],"picked":"Go for the Eyes+1","floor":38},{"not_picked":["Turbo","Hologram"],"picked":"Leap+1","floor":39}],"player_experience":799341,"relics_obtained":[{"floor":7,"key":"Bird Faced Urn"},{"floor":9,"key":"Mummified Hand"},{"floor":10,"key":"The Courier"},{"floor":14,"key":"Regal Pillow"},{"floor":26,"key":"Art of War"},{"floor":27,"key":"Cables"}],"event_choices":[{"damage_healed":22,"gold_gain":0,"player_choice":"Healed","damage_taken":0,"max_hp_gain":0,"max_hp_loss":0,"event_name":"The Cleric","floor":5,"gold_loss":35},{"damage_healed":0,"gold_gain":0,"player_choice":"1 cards matched","damage_taken":0,"max_hp_gain":0,"max_hp_loss":0,"event_name":"Match and Keep!","floor":8,"gold_loss":0,"cards_obtained":["Purity"]},{"damage_healed":0,"gold_gain":99,"player_choice":"Stole From Cult","damage_taken":0,"max_hp_gain":0,"max_hp_loss":0,"event_name":"Nest","floor":19,"gold_loss":0},{"damage_healed":0,"gold_gain":0,"player_choice":"Inject Mutagens","damage_taken":0,"relics_obtained":["MutagenicStrength"],"max_hp_gain":0,"max_hp_loss":0,"event_name":"Drug Dealer","floor":24,"gold_loss":0},{"damage_healed":0,"gold_gain":0,"player_choice":"Upgraded","damage_taken":0,"max_hp_gain":0,"max_hp_loss":0,"event_name":"Upgrade Shrine","floor":37,"gold_loss":0,"cards_upgraded":["Auto Shields"]}],"is_beta":false,"boss_relics":[{"not_picked":["Philosopher\u0027s Stone","Nuclear Battery"],"picked":"Orrery"},{"not_picked":["Eternal Feather","Calling Bell"],"picked":"Fusion Hammer"}],"items_purged_floors":[20,36],"is_endless":false,"potions_floor_spawned":[2,7,10,16,21,27,33],"killed_by":"Reptomancer","ascension_level":13}