{"gold_per_floor":[117,133,148,161,161,161,186,198,223,148,148,176,176,191,191,191],"floor_reached":16,"playtime":535,"items_purged":["Strike_G"],"score":224,"play_id":"bea071e0-7881-4961-b9ea-264e9c834227","local_time":"20190613235724","is_ascension_mode":true,"campfire_choices":[{"floor":6,"key":"REST"},{"floor":13,"key":"REST"},{"floor":15,"key":"REST"}],"neow_cost":"NONE","seed_source_timestamp":49935461452100,"circlet_count":0,"master_deck":["AscendersBane","Strike_G","Strike_G","Strike_G","Defend_G","Defend_G","Defend_G","Defend_G","Defend_G","Survivor","Neutralize","Caltrops","Slice","Poisoned Stab","Quick Slash","Well Laid Plans","Predator","Catalyst","Backstab"],"relics":["Ring of the Snake","Bottled Flame","Snake Skull","Centennial Puzzle"],"potions_floor_usage":[7,12],"damage_taken":[{"damage":22,"enemies":"Jaw Worm","floor":1,"turns":7},{"damage":3,"enemies":"Small Slimes","floor":2,"turns":5},{"damage":3,"enemies":"2 Louse","floor":3,"turns":2},{"damage":4,"enemies":"Blue Slaver","floor":4,"turns":5},{"damage":20,"enemies":"Gremlin Nob","floor":7,"turns":4},{"damage":7,"enemies":"Large Slime","floor":8,"turns":6},{"damage":25,"enemies":"3 Sentries","floor":12,"turns":11},{"damage":21,"enemies":"3 Louse","floor":14,"turns":3},{"damage":40,"enemies":"Slime Boss","floor":16,"turns":6}],"seed_played":"7627595889810230672","potions_obtained":[{"floor":1,"key":"AttackPotion"},{"floor":3,"key":"SteroidPotion"},{"floor":4,"key":"Block Potion"},{"floor":12,"key":"SmokeBomb"}],"is_trial":false,"path_per_floor":["M","M","M","M","?","R","E","M","T","$","?","E","R","M","R","B"],"character_chosen":"THE_SILENT","items_purchased":[],"campfire_rested":3,"item_purchase_floors":[],"current_hp_per_floor":[43,40,37,33,26,47,27,20,20,20,44,19,40,19,40,0],"gold":191,"neow_bonus":"TEN_PERCENT_HP_BONUS","is_prod":false,"is_daily":false,"chose_seed":false,"campfire_upgraded":0,"win_rate":0,"timestamp":1560463044,"path_taken":["M","M","M","M","?","R","E","M","T","$","?","E","R","M","R","BOSS"],"build_version":"2019-06-12","purchased_purges":1,"victory":false,"max_hp_per_floor":[72,72,72,72,72,72,72,72,72,72,72,72,72,72,72,72],"card_choices":[{"not_picked":["Deadly Poison","Underhanded Strike"],"picked":"Caltrops","floor":1},{"not_picked":["Sucker Punch","Prepared"],"picked":"Slice","floor":2},{"not_picked":["Setup","Prepared"],"picked":"Poisoned Stab","floor":3},{"not_picked":["All Out Attack","Blur"],"picked":"Quick Slash","floor":4},{"not_picked":["Skewer","PiercingWail"],"picked":"Well Laid Plans","floor":7},{"not_picked":["Dagger Spray","Dash"],"picked":"Predator","floor":8},{"not_picked":["Grand Finale","Flechettes"],"picked":"Catalyst","floor":12},{"not_picked":["Terror","Sucker Punch"],"picked":"Backstab","floor":14}],"player_experience":827677,"relics_obtained":[{"floor":7,"key":"Bottled Flame"},{"floor":9,"key":"Snake Skull"},{"floor":12,"key":"Centennial Puzzle"}],"event_choices":[{"cards_removed":["Strike_G"],"damage_healed":0,"gold_gain":0,"player_choice":"Card Removal","damage_taken":7,"max_hp_gain":0,"max_hp_loss":0,"event_name":"Golden Wing","floor":5,"gold_loss":0},{"damage_healed":24,"gold_gain":0,"player_choice":"Banana","damage_taken":0,"max_hp_gain":0,"max_hp_loss":0,"event_name":"Big Fish","floor":11,"gold_loss":0}],"is_beta":true,"boss_relics":[],"items_purged_floors":[10],"is_endless":false,"potions_floor_spawned":[1,3,4,12],"killed_by":"Slime Boss","ascension_level":20}