{"gold_per_floor":[111,111,127,92,92,92,125,138,138,158,158,172,192,218,218,316,316,329,345,345,364,364],"floor_reached":22,"playtime":1555,"items_purged":[],"score":218,"play_id":"209e0fdd-56ef-4948-a283-121be730ef50","local_time":"20181012011248","is_ascension_mode":true,"campfire_choices":[{"floor":6,"key":"REST"},{"floor":11,"key":"REST"},{"floor":15,"key":"REST"}],"neow_cost":"PERCENT_DAMAGE","seed_source_timestamp":77899338692211,"circlet_count":0,"master_deck":["Zap","Dualcast","Conserve Battery+1","Defragment","Ball Lightning","Capacitor","Stack","Stack","Leap","Biased Cognition","Creative AI","Tempest","Leap","Hologram","Leap","Stack","Conserve Battery+1","Compile Driver+1","Conserve Battery"],"relics":["Cracked Core","Sundial","Kunai","Dodecahedron","Pandora\u0027s Box","MutagenicStrength"],"potions_floor_usage":[7,13,19],"damage_taken":[{"damage":2,"enemies":"Jaw Worm","floor":1,"turns":3},{"damage":3,"enemies":"Small Slimes","floor":3,"turns":3},{"damage":21,"enemies":"3 Sentries","floor":7,"turns":6},{"damage":0,"enemies":"2 Louse","floor":8,"turns":2},{"damage":10,"enemies":"Gremlin Gang","floor":10,"turns":4},{"damage":13,"enemies":"3 Louse","floor":12,"turns":3},{"damage":1,"enemies":"Looter","floor":13,"turns":3},{"damage":8,"enemies":"Lagavulin","floor":14,"turns":5},{"damage":13,"enemies":"The Guardian","floor":16,"turns":9},{"damage":17,"enemies":"Chosen","floor":18,"turns":7},{"damage":15,"enemies":"2 Thieves","floor":19,"turns":4},{"damage":29,"enemies":"Shelled Parasite and Fungi","floor":21,"turns":12},{"damage":21,"enemies":"Snake Plant","floor":22,"turns":4}],"seed_played":"-8043659203665843948","potions_obtained":[{"floor":1,"key":"Swift Potion"},{"floor":12,"key":"Weak Potion"},{"floor":16,"key":"Explosive Potion"},{"floor":21,"key":"SteroidPotion"}],"is_trial":false,"path_per_floor":["M","?","M","?","?","R","E","M","T","M","R","M","M","E","R","B",null,"M","M","?","M"],"character_chosen":"DEFECT","items_purchased":[],"campfire_rested":3,"item_purchase_floors":[],"current_hp_per_floor":[52,45,42,60,45,67,46,46,46,36,58,45,44,36,58,45,75,58,43,43,14,0],"gold":364,"neow_bonus":"REMOVE_TWO","is_prod":false,"is_daily":false,"chose_seed":false,"campfire_upgraded":0,"win_rate":0,"timestamp":1539328368,"path_taken":["M","?","?","?","?","R","E","M","T","M","R","M","M","E","R","BOSS","M","M","?","M","?"],"build_version":"2018-10-11","purchased_purges":0,"victory":false,"max_hp_per_floor":[75,75,75,75,75,75,75,75,75,75,75,75,75,75,75,75,75,75,75,75,75,75],"card_choices":[{"not_picked":["Lockon","Reinforced Body"],"picked":"Conserve Battery","floor":1},{"not_picked":["Sweeping Beam","Steam"],"picked":"Defragment","floor":3},{"not_picked":["Beam Cell","Aggregate"],"picked":"Ball Lightning","floor":7},{"not_picked":["FTL","White Noise"],"picked":"Capacitor","floor":8},{"not_picked":["Reinforced Body","All For One"],"picked":"Stack","floor":10},{"not_picked":["Coolheaded","Barrage"],"picked":"Stack","floor":12},{"not_picked":["Streamline","Redo"],"picked":"Leap","floor":13},{"not_picked":["Static Discharge","Skim"],"picked":"Biased Cognition","floor":14},{"not_picked":["Core Surge","Reboot"],"picked":"Creative AI","floor":16},{"not_picked":["Hologram","Beam Cell+1"],"picked":"Conserve Battery+1","floor":18},{"not_picked":["Leap","Steam"],"picked":"Compile Driver+1","floor":19},{"not_picked":["Go for the Eyes","Sweeping Beam"],"picked":"Conserve Battery","floor":21}],"player_experience":110915,"relics_obtained":[{"floor":7,"key":"Sundial"},{"floor":9,"key":"Kunai"},{"floor":14,"key":"Dodecahedron"}],"event_choices":[{"event_name":"Golden Wing","player_choice":"Card Removal","floor":2,"damage_taken":0},{"event_name":"The Cleric","player_choice":"Healed","floor":4,"damage_taken":0},{"event_name":"Shining Light","player_choice":"Entered Light","floor":5,"damage_taken":0},{"event_name":"Drug Dealer","player_choice":"Inject Mutagens","floor":20,"damage_taken":0}],"is_beta":false,"boss_relics":[{"not_picked":["Orrery","Calling Bell"],"picked":"Pandora\u0027s Box"}],"items_purged_floors":[],"is_endless":false,"potions_floor_spawned":[1,12,16,21],"killed_by":"Snake Plant","ascension_level":2}