{"gold_per_floor":[111,65,76,76,76,76,93,108,135,165,182,182,217,90,90,165,165,180,190,190,218,235,235,261,15,15,15,69,83,83,99,99,99],"floor_reached":33,"playtime":1314,"items_purged":["Strike_B"],"score":468,"play_id":"f7ce6559-0d8b-458f-9e19-68cf954f0703","local_time":"20190507115556","is_ascension_mode":true,"campfire_choices":[{"data":"Compile Driver","floor":6,"key":"SMITH"},{"floor":12,"key":"REST"},{"data":"Zap","floor":15,"key":"SMITH"},{"floor":23,"key":"REST"},{"floor":30,"key":"REST"},{"data":"Compile Driver","floor":32,"key":"SMITH"}],"neow_cost":"NONE","seed_source_timestamp":98318563147400,"circlet_count":0,"master_deck":["AscendersBane","Defend_B","Defend_B","Defend_B","Zap+1","Dualcast","Conserve Battery+1","Compile Driver+1","Melter","Seek","Double Energy+1","Sweeping Beam","Sunder","Rebound","Glacier","Biased Cognition","Cold Snap","Seek","Coolheaded+1","Defragment","Compile Driver+1","Loop","Core Surge","Turbo","Storm","BootSequence","Genetic Algorithm+1"],"relics":["Cracked Core","Regal Pillow","Bag of Marbles","Anchor","Black Star","Red Mask","Strawberry","Art of War","Cables","Matryoshka","War Paint","DataDisk"],"potions_floor_usage":[13,16,24],"damage_taken":[{"damage":1,"enemies":"Cultist","floor":1,"turns":3},{"damage":4,"enemies":"Small Slimes","floor":3,"turns":5},{"damage":2,"enemies":"Jaw Worm","floor":7,"turns":3},{"damage":1,"enemies":"Looter","floor":8,"turns":3},{"damage":23,"enemies":"3 Sentries","floor":10,"turns":6},{"damage":3,"enemies":"Blue Slaver","floor":11,"turns":2},{"damage":12,"enemies":"Lagavulin","floor":13,"turns":6},{"damage":50,"enemies":"Slime Boss","floor":16,"turns":11},{"damage":1,"enemies":"2 Thieves","floor":18,"turns":4},{"damage":0,"enemies":"Chosen","floor":19,"turns":5},{"damage":12,"enemies":"Masked Bandits","floor":21,"turns":4},{"damage":34,"enemies":"Snake Plant","floor":22,"turns":5},{"damage":23,"enemies":"Book of Stabbing","floor":24,"turns":7},{"damage":0,"enemies":"Snecko","floor":29,"turns":4},{"damage":3,"enemies":"Sentry and Sphere","floor":31,"turns":3},{"damage":94,"enemies":"Collector","floor":33,"turns":7}],"seed_played":"-6205765836587984631","potions_obtained":[{"floor":8,"key":"FearPotion"},{"floor":11,"key":"Poison Potion"},{"floor":13,"key":"Explosive Potion"},{"floor":18,"key":"Weak Potion"},{"floor":24,"key":"Ancient Potion"}],"is_trial":false,"path_per_floor":["M","$","M","?","?","R","M","M","T","E","M","R","E","$","R","B",null,"M","M","?","?","M","R","E","$","T","?","T","M","R","M","R","B"],"character_chosen":"DEFECT","items_purchased":["Compile Driver","Cold Snap","Cables"],"campfire_rested":3,"item_purchase_floors":[2,14,25],"current_hp_per_floor":[70,70,66,66,66,66,64,63,63,40,37,75,63,63,63,13,62,61,61,61,49,15,53,37,37,37,37,37,37,77,74,74,0],"gold":99,"neow_bonus":"TEN_PERCENT_HP_BONUS","is_prod":false,"is_daily":false,"chose_seed":false,"campfire_upgraded":3,"win_rate":0,"timestamp":1557222956,"path_taken":["M","?","?","?","?","R","?","M","T","E","M","R","E","$","R","BOSS","M","M","?","?","M","R","E","?","T","?","?","M","R","M","R","BOSS"],"build_version":"2019-04-23","purchased_purges":1,"victory":false,"max_hp_per_floor":[78,78,78,78,78,78,78,78,78,78,78,78,78,78,78,78,78,78,78,78,78,78,78,85,85,85,85,85,85,85,85,85,85],"card_choices":[{"not_picked":["Rebound","Auto Shields"],"picked":"Conserve Battery","floor":1},{"not_picked":["Storm","Gash"],"picked":"Melter","floor":3},{"not_picked":["Leap","Double Energy"],"picked":"Sweeping Beam","floor":7},{"not_picked":["Leap","Beam Cell"],"picked":"Sunder","floor":8},{"not_picked":["Redo","Conserve Battery"],"picked":"Rebound","floor":10},{"not_picked":["Reprogram","FTL"],"picked":"Glacier","floor":11},{"not_picked":["Sunder","Conserve Battery"],"picked":"Biased Cognition","floor":13},{"not_picked":["All For One","Hyperbeam"],"picked":"Seek","floor":16},{"not_picked":["Double Energy","Rip and Tear"],"picked":"Coolheaded+1","floor":18},{"not_picked":["Skim","Chaos"],"picked":"Defragment","floor":19},{"not_picked":["Scrape","Turbo"],"picked":"Loop","floor":21},{"not_picked":["Rip and Tear","Hello World","Stack"],"picked":"SKIP","floor":22},{"not_picked":["Auto Shields","Gash"],"picked":"Core Surge","floor":24},{"not_picked":["Coolheaded","Streamline"],"picked":"BootSequence","floor":29},{"not_picked":["Double Energy","Sunder"],"picked":"Genetic Algorithm+1","floor":31}],"player_experience":583414,"relics_obtained":[{"floor":9,"key":"Regal Pillow"},{"floor":10,"key":"Bag of Marbles"},{"floor":13,"key":"Anchor"},{"floor":21,"key":"Red Mask"},{"floor":24,"key":"Strawberry"},{"floor":24,"key":"Art of War"},{"floor":26,"key":"Matryoshka"},{"floor":28,"key":"War Paint"},{"floor":28,"key":"DataDisk"}],"event_choices":[{"damage_healed":0,"gold_gain":0,"cards_transformed":["Strike_B"],"player_choice":"Change","damage_taken":0,"max_hp_gain":0,"max_hp_loss":0,"event_name":"Living Wall","floor":4,"gold_loss":0,"cards_obtained":["Seek"]},{"damage_healed":0,"gold_gain":0,"cards_transformed":["Strike_B"],"player_choice":"Transformed","damage_taken":0,"max_hp_gain":0,"max_hp_loss":0,"event_name":"Transmorgrifier","floor":5,"gold_loss":0,"cards_obtained":["Double Energy"]},{"damage_healed":0,"gold_gain":0,"player_choice":"Read","damage_taken":0,"max_hp_gain":0,"max_hp_loss":0,"event_name":"The Library","floor":20,"gold_loss":0,"cards_obtained":["Compile Driver"]},{"damage_healed":0,"gold_gain":0,"player_choice":"Fought Bandits","damage_taken":0,"max_hp_gain":0,"max_hp_loss":0,"event_name":"Masked Bandits","floor":21,"gold_loss":0},{"damage_healed":0,"gold_gain":0,"cards_transformed":["Strike_B","Defend_B"],"player_choice":"Became Test Subject","damage_taken":0,"max_hp_gain":0,"max_hp_loss":0,"event_name":"Drug Dealer","floor":27,"gold_loss":0,"cards_obtained":["Turbo","Storm"]}],"is_beta":true,"boss_relics":[{"not_picked":["Eternal Feather","Coffee Dripper"],"picked":"Black Star"}],"items_purged_floors":[14],"is_endless":false,"potions_floor_spawned":[8,11,13,18,21,24],"killed_by":"Collector","ascension_level":14}