{"gold_per_floor":[112,112,125,141,141,171,171,171,171,171,206,226,226,236,236,236],"floor_reached":16,"playtime":501,"items_purged":[],"score":220,"play_id":"66ee44b1-5fb4-4100-b9bb-06476d77c77c","local_time":"20190515214850","is_ascension_mode":true,"campfire_choices":[{"data":"Uppercut","floor":7,"key":"SMITH"},{"floor":10,"key":"REST"},{"floor":13,"key":"REST"},{"floor":15,"key":"REST"}],"neow_cost":"NONE","seed_source_timestamp":9118863885100,"circlet_count":0,"master_deck":["AscendersBane","Strike_R","Strike_R+1","Strike_R+1","Defend_R","Defend_R","Defend_R","Defend_R","Bash","Metallicize","Sever Soul","Uppercut+1","Reaper","Whirlwind"],"relics":["Burning Blood","Whetstone","Pear","Smiling Mask","Boot","Dodecahedron"],"potions_floor_usage":[6,14],"damage_taken":[{"damage":1,"enemies":"Cultist","floor":1,"turns":3},{"damage":11,"enemies":"Jaw Worm","floor":3,"turns":4},{"damage":1,"enemies":"Small Slimes","floor":4,"turns":4},{"damage":50,"enemies":"3 Sentries","floor":6,"turns":10},{"damage":39,"enemies":"Gremlin Nob","floor":11,"turns":5},{"damage":9,"enemies":"3 Louse","floor":12,"turns":4},{"damage":36,"enemies":"Exordium Thugs","floor":14,"turns":6},{"damage":64,"enemies":"Hexaghost","floor":16,"turns":10}],"seed_played":"-7508509175761540777","potions_obtained":[{"floor":4,"key":"BloodPotion"},{"floor":11,"key":"Dexterity Potion"},{"floor":12,"key":"SkillPotion"}],"is_trial":false,"path_per_floor":["M","?","M","M","?","E","R","?","T","R","E","M","R","M","R","B"],"character_chosen":"IRONCLAD","items_purchased":[],"campfire_rested":3,"item_purchase_floors":[],"current_hp_per_floor":[73,73,68,73,73,46,46,20,20,45,12,19,44,34,59,0],"gold":236,"neow_bonus":"RANDOM_COMMON_RELIC","is_prod":false,"is_daily":false,"chose_seed":false,"campfire_upgraded":1,"win_rate":0,"timestamp":1557949730,"path_taken":["M","?","M","?","?","E","R","?","T","R","E","M","R","M","R","BOSS"],"build_version":"2019-05-07","purchased_purges":0,"victory":false,"max_hp_per_floor":[75,75,75,75,75,85,85,85,85,85,85,85,85,85,85,85],"card_choices":[{"not_picked":["True Grit","Power Through"],"picked":"Metallicize","floor":1},{"not_picked":["Sentinel","Clash"],"picked":"Sever Soul","floor":3},{"not_picked":["Power Through","Rupture"],"picked":"Uppercut","floor":4},{"not_picked":["Clothesline","Perfected Strike","Cleave"],"picked":"SKIP","floor":6},{"not_picked":["Burning Pact","Offering"],"picked":"Reaper","floor":11},{"not_picked":["Perfected Strike","Blood for Blood","Warcry"],"picked":"SKIP","floor":12},{"not_picked":["Sword Boomerang","Anger"],"picked":"Whirlwind","floor":14}],"player_experience":721229,"relics_obtained":[{"floor":6,"key":"Pear"},{"floor":9,"key":"Boot"},{"floor":11,"key":"Dodecahedron"}],"event_choices":[{"cards_removed":["Strike_R"],"damage_healed":0,"gold_gain":0,"player_choice":"Offered Basic","damage_taken":0,"max_hp_gain":0,"max_hp_loss":0,"event_name":"Bonfire Elementals","floor":2,"gold_loss":0},{"cards_removed":["Strike_R"],"damage_healed":0,"gold_gain":0,"player_choice":"Forget","damage_taken":0,"max_hp_gain":0,"max_hp_loss":0,"event_name":"Living Wall","floor":5,"gold_loss":0},{"damage_healed":0,"gold_gain":0,"player_choice":"Success","damage_taken":26,"relics_obtained":["Smiling Mask"],"max_hp_gain":0,"max_hp_loss":0,"event_name":"Scrap Ooze","floor":8,"gold_loss":0}],"is_beta":true,"boss_relics":[],"items_purged_floors":[],"is_endless":false,"potions_floor_spawned":[4,11,12],"killed_by":"Hexaghost","ascension_level":20}