{"gold_per_floor":[115,135,152,163,163,163,192,207,230,130,130,146,178,198,198,272,272,255,266,278,295,305,340,19,50,126,139,149,149,168,196,196,272,272,286,304,304,330,348,348,361,361],"floor_reached":42,"playtime":2002,"items_purged":["Strike_B"],"score":930,"play_id":"cfb860c2-e493-4f5f-b092-d3afca66e52e","local_time":"20190615232955","is_ascension_mode":true,"campfire_choices":[{"data":"Zap","floor":6.0,"key":"SMITH"},{"data":"Coolheaded","floor":11.0,"key":"SMITH"},{"floor":15.0,"key":"REST"},{"data":"Hologram","floor":32.0,"key":"SMITH"},{"floor":40.0,"key":"RECALL"}],"neow_cost":"NONE","seed_source_timestamp":219246838099800,"circlet_count":0,"master_deck":["AscendersBane","Strike_B","Strike_B","Strike_B","Defend_B","Defend_B","Defend_B","Defend_B","Zap+1","Dualcast","Melter","Ball Lightning","White Noise","Genetic Algorithm","Stack","Cold Snap","Glacier","Coolheaded+1","Compile Driver","Leap","Electrodynamics","Hologram+1","Ball Lightning","Compile Driver","BootSequence","Reprogram","Steam","Beam Cell","Ball Lightning+1","Fusion+1","Echo Form","White Noise","Seek","Loop","Madness","Madness","Turbo+1","Double Energy+1"],"special_seed":0,"relics":["Cracked Core","Meat on the Bone","Blood Vial","Potion Belt","Nuclear Battery","MawBank","Kunai","Bag of Preparation","Tiny Chest","Vajra","Fusion Hammer","Pen Nib"],"potions_floor_usage":[],"damage_taken":[{"damage":0.0,"enemies":"Small Slimes","floor":1.0,"turns":3.0},{"damage":1.0,"enemies":"Cultist","floor":2.0,"turns":3.0},{"damage":2.0,"enemies":"Jaw Worm","floor":3.0,"turns":3.0},{"damage":36.0,"enemies":"Exordium Thugs","floor":4.0,"turns":5.0},{"damage":10.0,"enemies":"Gremlin Nob","floor":7.0,"turns":3.0},{"damage":0.0,"enemies":"Gremlin Gang","floor":8.0,"turns":2.0},{"damage":29.0,"enemies":"Lots of Slimes","floor":12.0,"turns":4.0},{"damage":16.0,"enemies":"3 Sentries","floor":13.0,"turns":8.0},{"damage":7.0,"enemies":"2 Fungi Beasts","floor":14.0,"turns":3.0},{"damage":14.0,"enemies":"The Guardian","floor":16.0,"turns":11.0},{"damage":6.0,"enemies":"2 Thieves","floor":18.0,"turns":4.0},{"damage":1.0,"enemies":"3 Byrds","floor":19.0,"turns":2.0},{"damage":31.0,"enemies":"Shelled Parasite and Fungi","floor":20.0,"turns":7.0},{"damage":20.0,"enemies":"Snake Plant","floor":21.0,"turns":4.0},{"damage":10.0,"enemies":"3 Cultists","floor":22.0,"turns":4.0},{"damage":8.0,"enemies":"Gremlin Leader","floor":23.0,"turns":4.0},{"damage":7.0,"enemies":"Slavers","floor":25.0,"turns":6.0},{"damage":4.0,"enemies":"Chosen and Byrds","floor":27.0,"turns":6.0},{"damage":0.0,"enemies":"Snake Plant","floor":28.0,"turns":4.0},{"damage":8.0,"enemies":"Centurion and Healer","floor":30.0,"turns":5.0},{"damage":0.0,"enemies":"Gremlin Leader","floor":31.0,"turns":6.0},{"damage":44.0,"enemies":"Champ","floor":33.0,"turns":13.0},{"damage":8.0,"enemies":"3 Shapes","floor":35.0,"turns":4.0},{"damage":0.0,"enemies":"Orb Walker","floor":36.0,"turns":3.0},{"damage":15.0,"enemies":"3 Darklings","floor":39.0,"turns":3.0},{"damage":12,"enemies":"Writhing Mass","floor":41,"turns":7},{"damage":74,"enemies":"Giant Head","floor":42,"turns":8}],"seed_played":"5097535565976162869","potions_obtained":[{"floor":3.0,"key":"Strength Potion"},{"floor":4.0,"key":"Swift Potion"},{"floor":12.0,"key":"Poison Potion"},{"floor":14.0,"key":"Explosive Potion"},{"floor":16.0,"key":"Explosive Potion"},{"floor":18.0,"key":"SteroidPotion"},{"floor":21.0,"key":"FocusPotion"},{"floor":22.0,"key":"Energy Potion"},{"floor":25.0,"key":"Explosive Potion"},{"floor":28.0,"key":"Weak Potion"},{"floor":35.0,"key":"PowerPotion"},{"floor":39.0,"key":"Ancient Potion"}],"is_trial":false,"path_per_floor":["M","M","M","M","?","R","E","M","T","$","R","M","E","M","R","B",null,"M","M","M","M","M","E","$","E","T","M","M","?","M","E","R","B",null,"M","M","?","T","M","R","M","E"],"character_chosen":"DEFECT","items_purchased":["Coolheaded","Kunai","Steam"],"campfire_rested":1,"item_purchase_floors":[10,24,24],"current_hp_per_floor":[71,70,68,32,32,32,22,34,34,34,34,19,17,24,47,47,70,66,67,50,44,48,42,42,49,49,47,49,27,33,47,47,17,67,61,63,48,48,47,47,49,0],"gold":361,"neow_bonus":"TEN_PERCENT_HP_BONUS","is_prod":false,"is_daily":false,"chose_seed":false,"campfire_upgraded":3,"win_rate":0,"timestamp":1560634195,"path_taken":["M","M","M","M","?","R","E","M","T","$","R","M","E","M","R","BOSS","M","M","?","M","M","E","?","E","T","?","M","?","M","E","R","BOSS","M","M","?","?","?","R","M","E"],"build_version":"2019-06-13","purchased_purges":1,"victory":false,"max_hp_per_floor":[78,78,78,78,78,78,78,78,78,78,78,78,78,78,78,78,78,78,78,78,78,78,78,78,78,78,78,78,83,83,83,83,83,83,83,83,83,83,83,83,83,83],"card_choices":[{"not_picked":["Redo","Storm"],"picked":"Melter","floor":1.0},{"not_picked":["Capacitor","Sweeping Beam"],"picked":"Ball Lightning","floor":2.0},{"not_picked":["Chill","Static Discharge"],"picked":"White Noise","floor":3.0},{"not_picked":["Streamline","Chill"],"picked":"Genetic Algorithm","floor":4.0},{"not_picked":["BootSequence","Double Energy"],"picked":"Cold Snap","floor":7.0},{"not_picked":["Beam Cell","Leap"],"picked":"Glacier","floor":8.0},{"not_picked":["Glacier","Hologram","Leap"],"picked":"SKIP","floor":12.0},{"not_picked":["Conserve Battery","Hologram"],"picked":"Compile Driver","floor":13.0},{"not_picked":["Turbo","Stack"],"picked":"Leap","floor":14.0},{"not_picked":["Rainbow","Buffer"],"picked":"Electrodynamics","floor":16.0},{"not_picked":["Rebound","Sweeping Beam"],"picked":"Hologram","floor":18.0},{"not_picked":["Creative AI","Coolheaded"],"picked":"Ball Lightning","floor":19.0},{"not_picked":["Redo","Cold Snap"],"picked":"Compile Driver","floor":20.0},{"not_picked":["Gash","Stack"],"picked":"BootSequence","floor":21.0},{"not_picked":["Melter","Sweeping Beam"],"picked":"Reprogram","floor":22.0},{"not_picked":["Redo","Stack","Barrage"],"picked":"SKIP","floor":23.0},{"not_picked":["Steam","Stack"],"picked":"Beam Cell","floor":25.0},{"not_picked":["Barrage","Reinforced Body"],"picked":"Ball Lightning+1","floor":27.0},{"not_picked":["Leap","Turbo"],"picked":"Fusion+1","floor":28.0},{"not_picked":["BootSequence","Chill+1"],"picked":"Echo Form","floor":30.0},{"not_picked":["Chaos","Conserve Battery"],"picked":"White Noise","floor":31.0},{"not_picked":["Rainbow","Reboot"],"picked":"Seek","floor":33.0},{"not_picked":["Fusion+1","Hologram"],"picked":"Loop","floor":35.0},{"not_picked":["Stack","Ball Lightning","Consume"],"picked":"SKIP","floor":36.0},{"not_picked":["Tempest","Gash"],"picked":"Turbo+1","floor":39.0},{"not_picked":["Cold Snap","Lockon"],"picked":"Double Energy+1","floor":41}],"player_experience":850217,"relics_obtained":[{"floor":7.0,"key":"Meat on the Bone"},{"floor":9.0,"key":"Blood Vial"},{"floor":13.0,"key":"Potion Belt"},{"floor":23.0,"key":"MawBank"},{"floor":25.0,"key":"Bag of Preparation"},{"floor":26.0,"key":"Tiny Chest"},{"floor":31.0,"key":"Vajra"},{"floor":38.0,"key":"Pen Nib"}],"event_choices":[{"damage_healed":0.0,"max_hp_gain":0.0,"max_hp_loss":0.0,"gold_gain":0.0,"event_name":"Match and Keep!","player_choice":"1 cards matched","floor":5.0,"gold_loss":0.0,"damage_taken":0.0,"cards_obtained":["Stack"]},{"damage_healed":0.0,"max_hp_gain":5.0,"max_hp_loss":0.0,"gold_gain":0.0,"event_name":"Forgotten Altar","player_choice":"Shed Blood","floor":29.0,"gold_loss":0.0,"damage_taken":27.0},{"damage_healed":0.0,"max_hp_gain":0.0,"max_hp_loss":0.0,"gold_gain":0.0,"event_name":"Winding Halls","player_choice":"Embrace Madness","floor":37.0,"gold_loss":0.0,"damage_taken":15.0,"cards_obtained":["Madness","Madness"]}],"is_beta":true,"boss_relics":[{"not_picked":["White Beast Statue","Runic Dome"],"picked":"Nuclear Battery"},{"not_picked":["Empty Cage","Calling Bell"],"picked":"Fusion Hammer"}],"items_purged_floors":[10],"is_endless":false,"potions_floor_spawned":[3,4,12,14,16,18,21,22,25,28,35,39],"killed_by":"Giant Head","ascension_level":16}