{"gold_per_floor":[115,126,140,35,35,62,62,78,78,78,99,142,142,183,183,183],"floor_reached":16,"playtime":966,"items_purged":[],"score":174,"play_id":"84a4d688-72f2-47f7-82c7-f1f0c913ee99","local_time":"20190605195250","is_ascension_mode":true,"campfire_choices":[{"data":"Terror","floor":10,"key":"SMITH"},{"floor":13,"key":"REST"},{"data":"Neutralize","floor":15,"key":"SMITH"}],"neow_cost":"NONE","seed_source_timestamp":1363975218555209,"circlet_count":0,"master_deck":["Defend_G","Defend_G","Defend_G","Defend_G","Defend_G","Strike_G","Strike_G","Strike_G","Strike_G","Survivor","Neutralize+1","Riddle With Holes","Caltrops","Outmaneuver","Backflip","Dagger Throw","Blade Dance","Underhanded Strike","Terror+1","Skewer","Backstab","Adrenaline"],"relics":["Ring of the Snake","NeowsBlessing","Bottled Flame","Golden Idol","Gremlin Horn","Darkstone Periapt","Torii"],"potions_floor_usage":[6,14,16],"damage_taken":[{"damage":0,"enemies":"2 Louse","floor":1,"turns":1},{"damage":0,"enemies":"Small Slimes","floor":2,"turns":1},{"damage":0,"enemies":"Cultist","floor":3,"turns":1},{"damage":35,"enemies":"3 Sentries","floor":6,"turns":10},{"damage":1,"enemies":"Looter","floor":8,"turns":4},{"damage":0,"enemies":"2 Fungi Beasts","floor":11,"turns":3},{"damage":15,"enemies":"Lagavulin","floor":12,"turns":5},{"damage":7,"enemies":"3 Sentries","floor":14,"turns":7},{"damage":42,"enemies":"Slime Boss","floor":16,"turns":10}],"seed_played":"-3437861619173443597","potions_obtained":[{"floor":3,"key":"Energy Potion"},{"floor":12,"key":"SkillPotion"},{"floor":14,"key":"Regen Potion"}],"is_trial":false,"path_per_floor":["M","M","M","$","?","E","?","M","T","R","M","E","R","E","R","B"],"character_chosen":"THE_SILENT","items_purchased":["Backflip","Dagger Throw"],"campfire_rested":1,"item_purchase_floors":[4,4],"current_hp_per_floor":[63,63,63,63,63,28,28,27,27,27,27,12,31,24,24,0],"gold":183,"neow_bonus":"THREE_ENEMY_KILL","is_prod":false,"is_daily":false,"chose_seed":false,"campfire_upgraded":2,"win_rate":0,"timestamp":1559785970,"path_taken":["M","M","M","$","?","E","?","M","T","R","M","E","R","E","R","BOSS"],"build_version":"2019-01-23","purchased_purges":0,"victory":false,"max_hp_per_floor":[70,70,70,70,70,70,65,65,65,65,65,65,65,65,65,65],"card_choices":[{"not_picked":["Underhanded Strike","Slice"],"picked":"Riddle With Holes","floor":1},{"not_picked":["PiercingWail","Prepared"],"picked":"Caltrops","floor":2},{"not_picked":["Flechettes","Accuracy"],"picked":"Outmaneuver","floor":3},{"not_picked":["Bane","Dodge and Roll"],"picked":"Underhanded Strike","floor":6},{"not_picked":["Underhanded Strike","Deflect"],"picked":"Terror","floor":8},{"not_picked":["Deflect","Catalyst"],"picked":"Skewer","floor":11},{"not_picked":["Sucker Punch","Night Terror"],"picked":"Backstab","floor":12},{"not_picked":["Flying Knee","Blur"],"picked":"Adrenaline","floor":14}],"player_experience":310378,"relics_obtained":[{"floor":6,"key":"Bottled Flame"},{"floor":9,"key":"Gremlin Horn"},{"floor":12,"key":"Darkstone Periapt"},{"floor":14,"key":"Torii"}],"event_choices":[{"damage_healed":0,"gold_gain":0,"cards_transformed":["Strike_G"],"player_choice":"Change","damage_taken":0,"max_hp_gain":0,"max_hp_loss":0,"event_name":"Living Wall","floor":5,"gold_loss":0,"cards_obtained":["Blade Dance"]},{"damage_healed":0,"gold_gain":0,"player_choice":"Lose Max HP","damage_taken":0,"relics_obtained":["Golden Idol"],"max_hp_gain":0,"max_hp_loss":5,"event_name":"Golden Idol","floor":7,"gold_loss":0}],"is_beta":false,"boss_relics":[],"items_purged_floors":[],"is_endless":false,"potions_floor_spawned":[3,12,14],"killed_by":"Slime Boss","ascension_level":9}