{"gold_per_floor":[116,131,149,57,68,93,109,139,190,216,216,228,247,268,268,372,372,382,393,407,418,432,459,474,474,549,568,579,596,622,622,622,622],"floor_reached":33,"playtime":2400,"items_purged":[],"score":367,"play_id":"4612218c-4a5d-4d0c-812d-4991a2cbd703","local_time":"20181002011407","is_ascension_mode":false,"campfire_choices":[{"data":"Whirlwind","floor":11,"key":"SMITH"},{"floor":15,"key":"REST"},{"data":"Flex","floor":25,"key":"SMITH"},{"floor":32,"key":"REST"}],"neow_cost":"PERCENT_DAMAGE","seed_source_timestamp":1372884547792630,"circlet_count":0,"master_deck":["Strike_R+1","Strike_R+1","Strike_R+1","Strike_R+1","Strike_R+1","Defend_R+1","Defend_R+1","Bash","Cleave","Dropkick","Whirlwind+1","Flex","Clash","Fire Breathing","Cleave","Flame Barrier","Flex","Perfected Strike","Flame Barrier","Spot Weakness","Cleave","Searing Blow","Double Tap","Heavy Blade+1","Twin Strike+1","Flex+1","Rampage","Heavy Blade+1","Cleave","Cleave","Twin Strike","Spot Weakness","Uppercut+1"],"relics":["Burning Blood","Bottled Flame","Strawberry","Boot","Bottled Tornado","Odd Mushroom","Mark of Pain","Happy Flower","Bottled Lightning","Orichalcum"],"potions_floor_usage":[5,8,16,16,16,21,22,33],"damage_taken":[{"damage":0,"enemies":"Small Slimes","floor":1,"turns":3},{"damage":5,"enemies":"2 Louse","floor":2,"turns":2},{"damage":6,"enemies":"Jaw Worm","floor":3,"turns":3},{"damage":0,"enemies":"Looter","floor":5,"turns":1},{"damage":37,"enemies":"Lagavulin","floor":6,"turns":6},{"damage":0,"enemies":"Gremlin Gang","floor":7,"turns":1},{"damage":15,"enemies":"3 Sentries","floor":8,"turns":4},{"damage":38,"enemies":"Lagavulin","floor":10,"turns":6},{"damage":20,"enemies":"Large Slime","floor":12,"turns":4},{"damage":0,"enemies":"2 Fungi Beasts","floor":13,"turns":3},{"damage":0,"enemies":"The Mushroom Lair","floor":14,"turns":1},{"damage":38,"enemies":"Hexaghost","floor":16,"turns":9},{"damage":0,"enemies":"Spheric Guardian","floor":18,"turns":3},{"damage":17,"enemies":"Shell Parasite","floor":19,"turns":3},{"damage":5,"enemies":"Cultist and Chosen","floor":20,"turns":3},{"damage":21,"enemies":"Snake Plant","floor":21,"turns":2},{"damage":6,"enemies":"3 Cultists","floor":22,"turns":3},{"damage":15,"enemies":"Gremlin Leader","floor":23,"turns":4},{"damage":0,"enemies":"Centurion and Healer","floor":24,"turns":4},{"damage":10,"enemies":"Cultist and Chosen","floor":27,"turns":3},{"damage":10,"enemies":"Sentry and Sphere","floor":28,"turns":3},{"damage":30,"enemies":"Snake Plant","floor":29,"turns":3},{"damage":0,"enemies":"Slavers","floor":30,"turns":1},{"damage":72,"enemies":"Champ","floor":33,"turns":8}],"seed_played":"-289895419542029532","potions_obtained":[{"floor":1,"key":"Fire Potion"},{"floor":3,"key":"GamblersBrew"},{"floor":6,"key":"Regen Potion"},{"floor":13,"key":"Swift Potion"},{"floor":14,"key":"Swift Potion"},{"floor":18,"key":"Strength Potion"},{"floor":20,"key":"SkillPotion"},{"floor":23,"key":"SpeedPotion"},{"floor":29,"key":"Energy Potion"}],"is_trial":false,"path_per_floor":["M","M","M","$","M","E","M","E","T","E","R","M","M","?","R","B",null,"M","M","M","M","M","E","M","R","T","M","M","M","E","?","R"],"character_chosen":"IRONCLAD","items_purchased":["Fire Breathing","Cleave"],"campfire_rested":2,"item_purchase_floors":[4,4],"current_hp_per_floor":[62,63,63,63,69,38,44,54,54,22,22,8,14,20,46,14,87,87,76,77,62,62,53,59,59,59,55,51,27,33,33,59,0],"gold":622,"neow_bonus":"TRANSFORM_TWO_CARDS","is_prod":false,"is_daily":false,"chose_seed":false,"campfire_upgraded":2,"win_rate":0.0,"timestamp":1538464447,"path_taken":["M","M","M","$","M","E","M","E","T","E","R","M","M","?","R","BOSS","M","M","M","M","M","E","M","R","T","M","M","?","E","?","R","BOSS"],"build_version":"2018-09-27","purchased_purges":0,"victory":false,"max_hp_per_floor":[80,80,80,80,80,80,80,87,87,87,87,87,87,87,87,87,87,87,87,87,87,87,87,87,87,87,87,87,87,87,87,87,87],"card_choices":[{"not_picked":["Infernal Blade","Bloodletting"],"picked":"Whirlwind","floor":1},{"not_picked":["Shrug It Off","Twin Strike"],"picked":"Flex","floor":2},{"not_picked":["Armaments","Warcry"],"picked":"Clash","floor":3},{"not_picked":["Hemokinesis","Shockwave"],"picked":"Flame Barrier","floor":5},{"not_picked":["Sword Boomerang","Shrug It Off"],"picked":"Flex","floor":6},{"not_picked":["Second Wind","Infernal Blade","Ghostly Armor"],"picked":"SKIP","floor":7},{"not_picked":["Headbutt","Fiend Fire"],"picked":"Perfected Strike","floor":8},{"not_picked":["Clothesline","Sword Boomerang"],"picked":"Flame Barrier","floor":10},{"not_picked":["Clothesline","Inflame"],"picked":"Spot Weakness","floor":12},{"not_picked":["Clothesline","Warcry"],"picked":"Cleave","floor":13},{"not_picked":["Headbutt","Shrug It Off"],"picked":"Searing Blow","floor":14},{"not_picked":["Limit Break","Dark Embrace"],"picked":"Double Tap","floor":16},{"not_picked":["Thunderclap","Ghostly Armor"],"picked":"Heavy Blade+1","floor":18},{"not_picked":["Battle Trance","Iron Wave+1"],"picked":"Twin Strike+1","floor":19},{"not_picked":["Iron Wave+1","Bloodletting+1"],"picked":"Flex","floor":20},{"not_picked":["Rupture","Ghostly Armor"],"picked":"Rampage","floor":21},{"not_picked":["Flame Barrier+1","Searing Blow+1"],"picked":"Heavy Blade+1","floor":22},{"not_picked":["Reckless Charge","Brutality"],"picked":"Cleave","floor":23},{"not_picked":["Warcry","Feel No Pain"],"picked":"Cleave","floor":24},{"not_picked":["Intimidate","Reckless Charge+1"],"picked":"Twin Strike","floor":27},{"not_picked":["Iron Wave","Shockwave+1"],"picked":"Spot Weakness","floor":28},{"not_picked":["True Grit","Anger"],"picked":"Uppercut+1","floor":29},{"not_picked":["Headbutt","Reckless Charge","Infernal Blade"],"picked":"SKIP","floor":30}],"player_experience":35452,"relics_obtained":[{"floor":6,"key":"Bottled Flame"},{"floor":8,"key":"Strawberry"},{"floor":9,"key":"Boot"},{"floor":10,"key":"Bottled Tornado"},{"floor":14,"key":"Odd Mushroom"},{"floor":23,"key":"Happy Flower"},{"floor":26,"key":"Bottled Lightning"},{"floor":30,"key":"Orichalcum"}],"event_choices":[{"event_name":"Mushrooms","player_choice":"Fought Mushrooms","floor":14,"damage_taken":0},{"event_name":"Back to Basics","player_choice":"Simplicity","floor":31,"damage_taken":0}],"is_beta":false,"boss_relics":[{"not_picked":["Sozu","Black Blood"],"picked":"Mark of Pain"}],"items_purged_floors":[],"is_endless":false,"potions_floor_spawned":[1,3,6,13,14,18,20,23,29],"killed_by":"Champ","ascension_level":0}