{"gold_per_floor":[19,36,52,65,65,90,106,134,208,220,231,231],"floor_reached":12,"playtime":760,"items_purged":[],"score":99,"play_id":"a2d5c44d-e6b5-40bb-90bd-ffedf7cf1411","local_time":"20181007165127","is_ascension_mode":true,"campfire_choices":[],"neow_cost":"NO_GOLD","seed_source_timestamp":1862844936981678,"circlet_count":0,"master_deck":["Strike_B","Strike_B","Strike_B","Strike_B","Defend_B","Defend_B","Defend_B","Defend_B","Zap","Dualcast","Hyperbeam","Compile Driver","Redo","Ball Lightning","Darkness","Compile Driver","Storm","Lockon","FTL","Loop","Barrage","Stack"],"relics":["Cracked Core","Pear","Shovel","Prayer Wheel","Sundial"],"potions_floor_usage":[8,11,12],"damage_taken":[{"damage":0,"enemies":"2 Louse","floor":1,"turns":1},{"damage":1,"enemies":"Jaw Worm","floor":2,"turns":2},{"damage":0,"enemies":"Small Slimes","floor":3,"turns":1},{"damage":13,"enemies":"Red Slaver","floor":4,"turns":2},{"damage":13,"enemies":"3 Sentries","floor":6,"turns":3},{"damage":10,"enemies":"Looter","floor":7,"turns":2},{"damage":26,"enemies":"Lagavulin","floor":8,"turns":6},{"damage":11,"enemies":"Exordium Thugs","floor":10,"turns":4},{"damage":0,"enemies":"3 Louse","floor":11,"turns":2},{"damage":12,"enemies":"Blue Slaver","floor":12,"turns":1}],"seed_played":"6067256670786747049","potions_obtained":[{"floor":2,"key":"SpeedPotion"},{"floor":8,"key":"FearPotion"},{"floor":10,"key":"Fire Potion"},{"floor":11,"key":"Ancient Potion"}],"is_trial":false,"path_per_floor":["M","M","M","M","?","E","M","E","T","M","M"],"character_chosen":"DEFECT","items_purchased":[],"campfire_rested":0,"item_purchase_floors":[],"current_hp_per_floor":[75,74,74,61,64,51,41,15,15,4,4,0],"gold":231,"neow_bonus":"THREE_RARE_CARDS","is_prod":false,"is_daily":false,"chose_seed":false,"campfire_upgraded":0,"win_rate":0,"timestamp":1538952687,"path_taken":["M","M","M","M","?","E","M","E","T","M","?","M"],"build_version":"2018-10-04v2","purchased_purges":0,"victory":false,"max_hp_per_floor":[75,75,75,75,85,85,85,85,85,85,85,85],"card_choices":[{"not_picked":["Creative AI","Buffer"],"picked":"Hyperbeam","floor":0},{"not_picked":["Hologram","Stack"],"picked":"Compile Driver","floor":1},{"not_picked":["Blizzard","Fusion"],"picked":"Redo","floor":2},{"not_picked":["Steam","Gash"],"picked":"Ball Lightning","floor":3},{"not_picked":["Redo","Beam Cell"],"picked":"Darkness","floor":4},{"not_picked":["Multi-Cast","Steam"],"picked":"Compile Driver","floor":6},{"not_picked":["Streamline","Glacier"],"picked":"Storm","floor":7},{"not_picked":["Turbo","Beam Cell"],"picked":"Lockon","floor":8},{"not_picked":["Steam Power","Steam"],"picked":"FTL","floor":10},{"not_picked":["Hello World","Rainbow"],"picked":"Loop","floor":10},{"not_picked":["Leap","Consume"],"picked":"Barrage","floor":11},{"not_picked":["Lockon","Compile Driver"],"picked":"Stack","floor":11}],"player_experience":73681,"relics_obtained":[{"floor":6,"key":"Shovel"},{"floor":8,"key":"Prayer Wheel"},{"floor":9,"key":"Sundial"}],"event_choices":[{"event_name":"Scrap Ooze","player_choice":"success","floor":5,"damage_taken":7}],"is_beta":false,"boss_relics":[],"items_purged_floors":[],"is_endless":false,"potions_floor_spawned":[2,8,10,11],"killed_by":"Blue Slaver","ascension_level":1}