{"gold_per_floor":[117,117,135,152,164,192,192,192,245,278,278,278,294,324,324,324],"floor_reached":16,"playtime":469,"items_purged":[],"score":228,"play_id":"eceef236-cd29-418b-b03d-483982ccc363","local_time":"20190622033528","is_ascension_mode":true,"campfire_choices":[{"data":"Fusion","floor":8.0,"key":"SMITH"},{"floor":11.0,"key":"REST"},{"data":"FTL","floor":15.0,"key":"SMITH"}],"neow_cost":"NONE","seed_source_timestamp":754216404435600,"circlet_count":0,"master_deck":["AscendersBane","Strike_B","Strike_B","Strike_B","Strike_B","Defend_B","Defend_B","Defend_B","Defend_B","Zap+1","Dualcast","Cold Snap","Gash","Self Repair","Fusion+1","Sweeping Beam","FTL+1","Beam Cell","Beam Cell"],"special_seed":0,"relics":["Cracked Core","Meat on the Bone","Art of War","Boot","Shuriken","Turnip","Juzu Bracelet"],"potions_floor_usage":[],"damage_taken":[{"damage":12.0,"enemies":"Small Slimes","floor":1.0,"turns":4.0},{"damage":0.0,"enemies":"Jaw Worm","floor":3.0,"turns":4.0},{"damage":0.0,"enemies":"2 Louse","floor":4.0,"turns":2.0},{"damage":12.0,"enemies":"Blue Slaver","floor":5.0,"turns":4.0},{"damage":30.0,"enemies":"Gremlin Nob","floor":6.0,"turns":4.0},{"damage":40.0,"enemies":"Lagavulin","floor":10.0,"turns":8.0},{"damage":1.0,"enemies":"3 Louse","floor":13.0,"turns":2.0},{"damage":19.0,"enemies":"3 Sentries","floor":14.0,"turns":5.0},{"damage":51,"enemies":"The Guardian","floor":16,"turns":9}],"seed_played":"6929129600219695559","potions_obtained":[{"floor":3.0,"key":"FearPotion"},{"floor":4.0,"key":"Explosive Potion"},{"floor":10.0,"key":"SteroidPotion"},{"floor":14.0,"key":"Energy Potion"}],"is_trial":false,"path_per_floor":["M","?","M","M","M","E","?","R","T","E","R","T","M","E","R","B"],"character_chosen":"DEFECT","items_purchased":[],"campfire_rested":1,"item_purchase_floors":[],"current_hp_per_floor":[52,47,47,47,54,43,43,43,43,22,43,43,49,49,49,0],"gold":324,"neow_bonus":"UPGRADE_CARD","is_prod":false,"is_daily":false,"chose_seed":false,"campfire_upgraded":2,"win_rate":0,"timestamp":1561167328,"path_taken":["M","?","M","M","M","E","?","R","T","E","R","?","M","E","R","BOSS"],"build_version":"2019-06-21","purchased_purges":0,"victory":false,"max_hp_per_floor":[71,71,71,71,71,71,71,71,71,71,71,71,71,71,71,71],"card_choices":[{"not_picked":["Lockon","Auto Shields"],"picked":"Cold Snap","floor":1.0},{"not_picked":["Blizzard","Streamline"],"picked":"Gash","floor":3.0},{"not_picked":["Redo","Amplify"],"picked":"Self Repair","floor":4.0},{"not_picked":["Barrage","Stack"],"picked":"Fusion","floor":5.0},{"not_picked":["Fusion","Steam"],"picked":"Sweeping Beam","floor":6.0},{"not_picked":["Cold Snap","Turbo"],"picked":"FTL","floor":10.0},{"not_picked":["Conserve Battery","Force Field"],"picked":"Beam Cell","floor":13.0},{"not_picked":["Streamline","Redo"],"picked":"Beam Cell","floor":14.0}],"player_experience":866143,"relics_obtained":[{"floor":6.0,"key":"Art of War"},{"floor":9.0,"key":"Boot"},{"floor":10.0,"key":"Shuriken"},{"floor":12.0,"key":"Turnip"},{"floor":14.0,"key":"Juzu Bracelet"}],"event_choices":[{"damage_healed":0.0,"max_hp_gain":0.0,"max_hp_loss":0.0,"gold_gain":0.0,"event_name":"Scrap Ooze","player_choice":"Success","floor":2.0,"gold_loss":0.0,"damage_taken":5.0,"relics_obtained":["Meat on the Bone"]},{"damage_healed":0.0,"max_hp_gain":0.0,"max_hp_loss":0.0,"gold_gain":0.0,"event_name":"Liars Game","player_choice":"Ignored","floor":7.0,"gold_loss":0.0,"damage_taken":0.0}],"is_beta":true,"boss_relics":[],"items_purged_floors":[],"is_endless":false,"potions_floor_spawned":[3,4,10,14],"killed_by":"The Guardian","ascension_level":18}