{"gold_per_floor":[117,135,148,158,174,174,203,203,203,203],"floor_reached":10,"playtime":332,"items_purged":[],"score":140,"play_id":"a67f9a7f-37a4-4ecb-90da-8099ae635243","local_time":"20190625115110","is_ascension_mode":true,"campfire_choices":[{"floor":6.0,"key":"REST"},{"data":"Noxious Fumes","floor":8.0,"key":"SMITH"}],"neow_cost":"NONE","seed_source_timestamp":123782295848800,"circlet_count":0,"master_deck":["AscendersBane","Strike_G","Strike_G","Strike_G","Strike_G","Strike_G","Defend_G","Defend_G","Defend_G","Defend_G","Defend_G","Survivor","Neutralize","Sucker Punch","Flechettes","Footwork","Cloak And Dagger","Noxious Fumes+1","Dodge and Roll"],"special_seed":0,"relics":["Ring of the Snake","Ice Cream","Frozen Egg 2"],"potions_floor_usage":[10],"damage_taken":[{"damage":1.0,"enemies":"2 Louse","floor":1.0,"turns":5.0},{"damage":1.0,"enemies":"Cultist","floor":2.0,"turns":4.0},{"damage":1.0,"enemies":"Small Slimes","floor":3.0,"turns":4.0},{"damage":0.0,"enemies":"3 Louse","floor":4.0,"turns":3.0},{"damage":27.0,"enemies":"Large Slime","floor":5.0,"turns":7.0},{"damage":23.0,"enemies":"3 Sentries","floor":7.0,"turns":10.0},{"damage":43,"enemies":"Gremlin Nob","floor":10,"turns":4}],"seed_played":"-6762072373191899155","potions_obtained":[{"floor":1.0,"key":"SpeedPotion"},{"floor":5.0,"key":"SteroidPotion"},{"floor":7.0,"key":"Swift Potion"}],"is_trial":false,"path_per_floor":["M","M","M","M","M","R","E","R","T","E"],"character_chosen":"THE_SILENT","items_purchased":[],"campfire_rested":1,"item_purchase_floors":[],"current_hp_per_floor":[64,63,62,62,35,56,33,33,33,0],"gold":203,"neow_bonus":"TEN_PERCENT_HP_BONUS","is_prod":false,"is_daily":false,"chose_seed":false,"campfire_upgraded":1,"win_rate":0,"timestamp":1561456270,"path_taken":["M","M","M","M","M","R","E","R","T","E"],"build_version":"2019-06-24","purchased_purges":0,"victory":false,"max_hp_per_floor":[72,72,72,72,72,72,72,72,72,72],"card_choices":[{"not_picked":["Distraction","PiercingWail"],"picked":"Sucker Punch","floor":1.0},{"not_picked":["Tactician","Flying Knee"],"picked":"Flechettes","floor":2.0},{"not_picked":["Caltrops","Eviscerate"],"picked":"Footwork","floor":3.0},{"not_picked":["Concentrate","Expertise"],"picked":"Cloak And Dagger","floor":4.0},{"not_picked":["Setup","Backflip"],"picked":"Noxious Fumes","floor":5.0},{"not_picked":["Crippling Poison","Blade Dance"],"picked":"Dodge and Roll","floor":7.0}],"player_experience":888098,"relics_obtained":[{"floor":7.0,"key":"Ice Cream"},{"floor":9.0,"key":"Frozen Egg 2"}],"event_choices":[],"is_beta":true,"boss_relics":[],"items_purged_floors":[],"is_endless":false,"potions_floor_spawned":[1,5,7],"killed_by":"Gremlin Nob","ascension_level":20}