{"gold_per_floor":[110,120,140,190,205,237,249,263,263,296,296,309,321,331,331,408,408,423,433,114,29,45,71,71,90,90,90,103,120,120,153,153,226,226,237,247,258,268,281,281,329,661,661,661,674,707,721,721,721,721,721],"floor_reached":52,"playtime":2825,"items_purged":["Strike_R"],"score":2198,"play_id":"a34da450-a42a-4145-a1bc-70a72410d58a","local_time":"20190515230406","is_ascension_mode":true,"campfire_choices":[{"floor":11.0,"key":"REST"},{"floor":15.0,"key":"REST"},{"data":"Pommel Strike","floor":27.0,"key":"SMITH"},{"data":"Heavy Blade","floor":32.0,"key":"SMITH"},{"data":"Corruption","floor":40.0,"key":"SMITH"},{"data":"Strike_R","floor":44.0,"key":"PURGE"},{"data":"Strike_R","floor":49.0,"key":"PURGE"}],"neow_cost":"TEN_PERCENT_HP_LOSS","seed_source_timestamp":11135486113300,"circlet_count":0,"master_deck":["AscendersBane","Defend_R","Defend_R","Defend_R","Defend_R","Bash","Headbutt","Pummel","Corruption+1","Reaper","Pommel Strike","Ghostly Armor","Pommel Strike+1","Sever Soul","Limit Break","Burning Pact","Impervious","Immolate","Havoc","Spot Weakness","Sentinel","Body Slam+1","Heavy Blade+1","Whirlwind","Dark Embrace","Havoc+1","Exhume","Havoc+1","Pommel Strike+1","Sentinel"],"special_seed":0,"relics":["Burning Blood","Dead Branch","Shuriken","Ornamental Fan","Turnip","Coffee Dripper","Bronze Scales","Happy Flower","Pear","Darkstone Periapt","Bag of Marbles","Eternal Feather","Peace Pipe","Old Coin","Centennial Puzzle","Du-Vu Doll"],"potions_floor_usage":[51,51],"damage_taken":[{"damage":14.0,"enemies":"Jaw Worm","floor":1.0,"turns":5.0},{"damage":1.0,"enemies":"Cultist","floor":2.0,"turns":3.0},{"damage":10.0,"enemies":"2 Louse","floor":3.0,"turns":3.0},{"damage":6.0,"enemies":"Blue Slaver","floor":5.0,"turns":3.0},{"damage":10.0,"enemies":"Lagavulin","floor":6.0,"turns":7.0},{"damage":20.0,"enemies":"Lots of Slimes","floor":7.0,"turns":3.0},{"damage":15.0,"enemies":"Large Slime","floor":8.0,"turns":7.0},{"damage":34.0,"enemies":"Gremlin Nob","floor":10.0,"turns":4.0},{"damage":38.0,"enemies":"Gremlin Gang","floor":12.0,"turns":4.0},{"damage":8.0,"enemies":"2 Fungi Beasts","floor":13.0,"turns":4.0},{"damage":13.0,"enemies":"3 Louse","floor":14.0,"turns":4.0},{"damage":6.0,"enemies":"Slime Boss","floor":16.0,"turns":3.0},{"damage":0.0,"enemies":"Chosen","floor":18.0,"turns":4.0},{"damage":43.0,"enemies":"Shell Parasite","floor":19.0,"turns":4.0},{"damage":0.0,"enemies":"Snake Plant","floor":22.0,"turns":4.0},{"damage":14.0,"enemies":"Slavers","floor":23.0,"turns":3.0},{"damage":5.0,"enemies":"Snecko","floor":25.0,"turns":4.0},{"damage":6.0,"enemies":"Shelled Parasite and Fungi","floor":28.0,"turns":4.0},{"damage":18.0,"enemies":"Centurion and Healer","floor":29.0,"turns":4.0},{"damage":0.0,"enemies":"Book of Stabbing","floor":31.0,"turns":2.0},{"damage":20.0,"enemies":"Automaton","floor":33.0,"turns":6.0},{"damage":0.0,"enemies":"Orb Walker","floor":35.0,"turns":2.0},{"damage":6.0,"enemies":"3 Shapes","floor":36.0,"turns":2.0},{"damage":13.0,"enemies":"Transient","floor":37.0,"turns":6.0},{"damage":3.0,"enemies":"Jaw Worm Horde","floor":38.0,"turns":4.0},{"damage":0.0,"enemies":"Spire Growth","floor":39.0,"turns":3.0},{"damage":49.0,"enemies":"2 Orb Walkers","floor":41.0,"turns":3.0},{"damage":32.0,"enemies":"Reptomancer","floor":42.0,"turns":4.0},{"damage":0.0,"enemies":"Maw","floor":45.0,"turns":4.0},{"damage":3.0,"enemies":"Giant Head","floor":46.0,"turns":3.0},{"damage":0.0,"enemies":"4 Shapes","floor":47.0,"turns":3.0},{"damage":50,"enemies":"Awakened One","floor":50,"turns":4},{"damage":16,"enemies":"Time Eater","floor":51,"turns":5}],"seed_played":"-6724216558033372461","potions_obtained":[{"floor":1.0,"key":"Dexterity Potion"},{"floor":3.0,"key":"LiquidBronze"},{"floor":12.0,"key":"Strength Potion"},{"floor":13.0,"key":"Fruit Juice"},{"floor":18.0,"key":"LiquidBronze"},{"floor":36.0,"key":"SpeedPotion"},{"floor":42.0,"key":"Strength Potion"},{"floor":46.0,"key":"PowerPotion"}],"is_trial":false,"path_per_floor":["M","M","M","?","M","E","M","M","T","E","R","M","M","M","R","B",null,"M","M","$","?","M","E","?","M","T","R","M","M","?","E","R","B",null,"M","M","M","M","M","R","?","E","T","R","M","E","M","?","R","B","B",null],"character_chosen":"IRONCLAD","items_purchased":["Immolate","Bronze Scales"],"campfire_rested":2,"item_purchase_floors":[20,20],"current_hp_per_floor":[60,65,61,55,55,61,54,51,51,23,43,20,23,25,46,46,66,72,65,65,65,73,80,72,73,73,73,73,61,61,67,67,53,76,82,82,83,83,83,83,40,26,26,44,56,83,83,83,83,56,52],"gold":721,"neow_bonus":"ONE_RARE_RELIC","is_prod":false,"is_daily":false,"chose_seed":false,"campfire_upgraded":3,"win_rate":0,"timestamp":1557954246,"path_taken":["M","M","M","?","M","E","M","M","T","E","R","M","M","M","R","BOSS","M","M","$","?","M","E","?","M","T","R","?","M","?","E","R","BOSS","M","M","M","M","M","R","?","E","T","R","M","E","M","?","R","BOSS","BOSS"],"build_version":"2019-05-07","purchased_purges":1,"victory":true,"max_hp_per_floor":[68,68,68,68,68,68,68,68,68,68,68,68,73,73,73,73,73,73,73,73,73,73,83,83,83,83,83,83,83,83,83,83,83,83,83,83,83,83,83,83,83,83,83,83,83,83,83,83,83,83,83],"card_choices":[{"not_picked":["Burning Pact","Seeing Red"],"picked":"Headbutt","floor":1.0},{"not_picked":["Iron Wave","Searing Blow"],"picked":"Pummel","floor":2.0},{"not_picked":["Havoc","Reckless Charge"],"picked":"Corruption","floor":3.0},{"not_picked":["Clothesline","Wild Strike"],"picked":"Reaper","floor":5.0},{"not_picked":["Battle Trance","Corruption"],"picked":"Pommel Strike","floor":6.0},{"not_picked":["Iron Wave","Wild Strike","Headbutt"],"picked":"SKIP","floor":7.0},{"not_picked":["Twin Strike","Iron Wave"],"picked":"Ghostly Armor","floor":8.0},{"not_picked":["Intimidate","Blood for Blood"],"picked":"Pommel Strike","floor":10.0},{"not_picked":["Rupture","Reckless Charge"],"picked":"Sever Soul","floor":12.0},{"not_picked":["Disarm","Shrug It Off"],"picked":"Limit Break","floor":13.0},{"not_picked":["Perfected Strike","Power Through"],"picked":"Burning Pact","floor":14.0},{"not_picked":["Limit Break","Double Tap"],"picked":"Impervious","floor":16.0},{"not_picked":["Thunderclap","Hemokinesis","Twin Strike"],"picked":"SKIP","floor":18.0},{"not_picked":["Wild Strike","Pommel Strike","Reckless Charge"],"picked":"SKIP","floor":19.0},{"not_picked":["Cleave","Uppercut"],"picked":"Havoc","floor":22.0},{"not_picked":["Perfected Strike","Corruption"],"picked":"Spot Weakness","floor":23.0},{"not_picked":["Shockwave","Entrench","Armaments"],"picked":"SKIP","floor":25.0},{"not_picked":["Fire Breathing","Warcry"],"picked":"Sentinel","floor":28.0},{"not_picked":["Heavy Blade","Armaments"],"picked":"Body Slam+1","floor":29.0},{"not_picked":["Twin Strike","Blood for Blood","Pummel"],"picked":"SKIP","floor":31.0},{"not_picked":["Immolate","Bludgeon"],"picked":"Dark Embrace","floor":33.0},{"not_picked":["Anger","Sword Boomerang+1","Corruption"],"picked":"SKIP","floor":35.0},{"not_picked":["Entrench","Clothesline+1"],"picked":"Havoc+1","floor":36.0},{"not_picked":["Thunderclap","Searing Blow"],"picked":"Exhume","floor":37.0},{"not_picked":["Hemokinesis","Armaments"],"picked":"Havoc+1","floor":38.0},{"not_picked":["Heavy Blade","Armaments"],"picked":"Pommel Strike+1","floor":39.0},{"not_picked":["Warcry","Thunderclap"],"picked":"Sentinel","floor":41.0},{"not_picked":["Headbutt","Power Through","Seeing Red"],"picked":"SKIP","floor":42.0},{"not_picked":["Warcry","Clothesline","Spot Weakness"],"picked":"SKIP","floor":45.0},{"not_picked":["Burning Pact+1","Intimidate","Limit Break"],"picked":"SKIP","floor":46.0},{"not_picked":["Armaments+1","Body Slam","Anger"],"picked":"SKIP","floor":47.0}],"player_experience":722812,"relics_obtained":[{"floor":6.0,"key":"Shuriken"},{"floor":9.0,"key":"Ornamental Fan"},{"floor":10.0,"key":"Turnip"},{"floor":23.0,"key":"Pear"},{"floor":26.0,"key":"Darkstone Periapt"},{"floor":31.0,"key":"Bag of Marbles"},{"floor":41.0,"key":"Peace Pipe"},{"floor":42.0,"key":"Old Coin"},{"floor":43.0,"key":"Centennial Puzzle"},{"floor":46.0,"key":"Du-Vu Doll"}],"event_choices":[{"damage_healed":0.0,"max_hp_gain":0.0,"max_hp_loss":0.0,"gold_gain":50.0,"event_name":"FaceTrader","player_choice":"Touch","floor":4.0,"gold_loss":0.0,"damage_taken":6.0},{"damage_healed":0.0,"max_hp_gain":0.0,"max_hp_loss":0.0,"gold_gain":0.0,"event_name":"Addict","player_choice":"Obtained Relic","floor":21.0,"gold_loss":85.0,"damage_taken":0.0,"relics_obtained":["Happy Flower"]},{"damage_healed":0.0,"max_hp_gain":0.0,"max_hp_loss":0.0,"gold_gain":0.0,"event_name":"Knowing Skull","player_choice":"","floor":24.0,"potions_obtained":[],"gold_loss":0.0,"damage_taken":8.0,"cards_obtained":[]},{"damage_healed":0.0,"max_hp_gain":0.0,"max_hp_loss":0.0,"gold_gain":0.0,"cards_transformed":["Strike_R","Strike_R"],"event_name":"Drug Dealer","player_choice":"Became Test Subject","floor":30.0,"gold_loss":0.0,"damage_taken":0.0,"cards_obtained":["Heavy Blade","Whirlwind"]},{"damage_healed":0.0,"max_hp_gain":0.0,"max_hp_loss":0.0,"gold_gain":0.0,"event_name":"Mysterious Sphere","player_choice":"Fight","floor":41.0,"gold_loss":0.0,"damage_taken":0.0},{"damage_healed":0.0,"max_hp_gain":0.0,"max_hp_loss":0.0,"gold_gain":0.0,"event_name":"SensoryStone","player_choice":"Memory 1","floor":48.0,"gold_loss":0.0,"damage_taken":0.0}],"is_beta":true,"boss_relics":[{"not_picked":["Velvet Choker","Empty Cage"],"picked":"Coffee Dripper"},{"not_picked":["Calling Bell","Cursed Key"],"picked":"Eternal Feather"}],"items_purged_floors":[20],"is_endless":false,"potions_floor_spawned":[1,3,5,10,12,13,18,25,36,37,41,42,46],"ascension_level":20}