{"gold_per_floor":[116,127,144,162,18,18,44,54,104,4,4,35,35,48,48,153,153,172,183,201,201,213,213,243,258,282,282,301,319,319,337,337,337],"floor_reached":33,"playtime":2408,"items_purged":["Strike_R","Strike_R"],"score":283,"play_id":"d57894a8-f38d-4e39-92aa-3a7fe97eddaa","local_time":"20190619233056","is_ascension_mode":false,"campfire_choices":[{"floor":6,"key":"RECALL"},{"data":"Searing Blow","floor":15,"key":"SMITH"},{"floor":23,"key":"REST"},{"floor":27,"key":"REST"},{"floor":32,"key":"REST"}],"neow_cost":"NONE","seed_source_timestamp":364687081494467,"circlet_count":0,"master_deck":["Strike_R","Strike_R","Strike_R","Defend_R","Defend_R","Defend_R","Defend_R","Bash+1","Twin Strike","Flex","Inflame","Rampage","Iron Wave","Searing Blow+1","Twin Strike","Demon Form","Heavy Blade","Bash","Rupture","Body Slam","Armaments"],"relics":["Burning Blood","Orichalcum","The Courier","Potion Belt","Velvet Choker","Frozen Egg 2","Pen Nib","Dodecahedron"],"potions_floor_usage":[12,16,16,20,24,25,28,29],"damage_taken":[{"damage":1,"enemies":"Cultist","floor":1,"turns":3},{"damage":3,"enemies":"2 Louse","floor":2,"turns":4},{"damage":6,"enemies":"Jaw Worm","floor":3,"turns":3},{"damage":5,"enemies":"Looter","floor":4,"turns":3},{"damage":6,"enemies":"Gremlin Nob","floor":7,"turns":3},{"damage":7,"enemies":"Large Slime","floor":8,"turns":5},{"damage":21,"enemies":"Lagavulin","floor":12,"turns":5},{"damage":9,"enemies":"Exordium Thugs","floor":14,"turns":5},{"damage":57,"enemies":"The Guardian","floor":16,"turns":13},{"damage":14,"enemies":"Shell Parasite","floor":18,"turns":5},{"damage":12,"enemies":"Spheric Guardian","floor":19,"turns":4},{"damage":15,"enemies":"Snake Plant","floor":20,"turns":3},{"damage":25,"enemies":"Chosen and Byrds","floor":22,"turns":6},{"damage":32,"enemies":"Gremlin Leader","floor":24,"turns":6},{"damage":10,"enemies":"Centurion and Healer","floor":25,"turns":5},{"damage":23,"enemies":"Snecko","floor":28,"turns":5},{"damage":11,"enemies":"3 Cultists","floor":29,"turns":5},{"damage":25,"enemies":"Shelled Parasite and Fungi","floor":31,"turns":4},{"damage":68,"enemies":"Automaton","floor":33,"turns":6}],"seed_played":"-9161509530746604602","potions_obtained":[{"floor":1,"key":"Swift Potion"},{"floor":3,"key":"GamblersBrew"},{"floor":8,"key":"Strength Potion"},{"floor":12,"key":"Dexterity Potion"},{"floor":18,"key":"Ancient Potion"},{"floor":19,"key":"Fire Potion"},{"floor":22,"key":"Fire Potion"},{"floor":24,"key":"FearPotion"},{"floor":28,"key":"Swift Potion"}],"is_trial":false,"path_per_floor":["M","M","M","M","$","R","E","M","T","$","?","E","?","M","R","B",null,"M","M","M","?","M","R","E","M","T","R","M","M","T","M","R","B"],"character_chosen":"IRONCLAD","items_purchased":["Rampage"],"campfire_rested":3,"item_purchase_floors":[5],"current_hp_per_floor":[80,80,80,80,80,80,80,79,79,79,79,64,64,61,61,10,80,72,66,57,57,38,62,36,32,32,56,39,34,34,15,39,0],"gold":337,"neow_bonus":"UPGRADE_CARD","is_prod":false,"is_daily":false,"chose_seed":false,"campfire_upgraded":1,"win_rate":0,"timestamp":1561001456,"path_taken":["M","M","?","M","$","R","E","M","T","?","?","E","?","M","R","BOSS","M","?","M","?","M","R","E","?","T","R","M","M","?","M","R","BOSS"],"build_version":"2019-01-23","purchased_purges":2,"victory":false,"max_hp_per_floor":[80,80,80,80,80,80,80,80,80,80,80,80,80,80,80,80,80,80,80,80,80,80,80,80,80,80,80,80,80,80,80,80,80],"card_choices":[{"not_picked":["Shockwave","Iron Wave"],"picked":"Twin Strike","floor":1},{"not_picked":["Heavy Blade","Cleave"],"picked":"Flex","floor":2},{"not_picked":["Sentinel","Clothesline","Clash"],"picked":"SKIP","floor":3},{"not_picked":["Twin Strike","Wild Strike"],"picked":"Inflame","floor":4},{"not_picked":["Corruption","Anger"],"picked":"Iron Wave","floor":7},{"not_picked":["Anger","Feed","Rupture"],"picked":"SKIP","floor":8},{"not_picked":["Bloodletting","Clash"],"picked":"Searing Blow","floor":12},{"not_picked":["Flex","Warcry"],"picked":"Twin Strike","floor":14},{"not_picked":["Fiend Fire","Brutality"],"picked":"Demon Form","floor":16},{"not_picked":["Shrug It Off","Sever Soul"],"picked":"Heavy Blade","floor":18},{"not_picked":["Sever Soul","Warcry","Bloodletting"],"picked":"SKIP","floor":19},{"not_picked":["Battle Trance","Pommel Strike+1","Pummel+1"],"picked":"SKIP","floor":20},{"not_picked":["Heavy Blade","Shockwave","Thunderclap"],"picked":"SKIP","floor":22},{"not_picked":["Berserk","Clothesline"],"picked":"Body Slam","floor":24},{"not_picked":["Seeing Red+1","Evolve+1","Twin Strike+1"],"picked":"SKIP","floor":25},{"not_picked":["Shrug It Off+1","Reckless Charge"],"picked":"Armaments","floor":28},{"not_picked":["Intimidate","Clothesline","Wild Strike"],"picked":"SKIP","floor":29},{"not_picked":["Thunderclap+1","Flex","Shrug It Off"],"picked":"SKIP","floor":31}],"player_experience":100755,"relics_obtained":[{"floor":7,"key":"Orichalcum"},{"floor":12,"key":"The Courier"},{"floor":24,"key":"Frozen Egg 2"},{"floor":26,"key":"Pen Nib"},{"floor":30,"key":"Dodecahedron"}],"event_choices":[{"damage_healed":0,"gold_gain":0,"player_choice":"Leave","damage_taken":0,"max_hp_gain":0,"max_hp_loss":0,"event_name":"The Cleric","floor":11,"gold_loss":0},{"damage_healed":0,"gold_gain":0,"player_choice":"Gave Potion","damage_taken":0,"relics_obtained":["Potion Belt"],"max_hp_gain":0,"max_hp_loss":0,"event_name":"WeMeetAgain","floor":13,"gold_loss":0},{"damage_healed":0,"gold_gain":0,"player_choice":"2 cards matched","damage_taken":0,"max_hp_gain":0,"max_hp_loss":0,"event_name":"Match and Keep!","floor":21,"gold_loss":0,"cards_obtained":["Bash","Rupture"]}],"is_beta":false,"boss_relics":[{"not_picked":["Runic Cube","Runic Pyramid"],"picked":"Velvet Choker"}],"items_purged_floors":[5,10],"is_endless":false,"potions_floor_spawned":[1,3,8,12,18,19,22,24,28],"killed_by":"Automaton","ascension_level":0}