{"gold_per_floor":[117,127,146,36,36,36,68,68,68,88,99,110,127,143,143,239,289,306,321,721,424,424,424,102,135,135,135,168,168,93,104,104,205,205,218,236,254,272,272,272,64,64,64,64,96,111,111,130,130,130,130,130,3,38,38],"floor_reached":56,"playtime":3541,"items_purged":["Strike_R","Strike_R"],"score":1340,"play_id":"365d97d0-d213-44e4-83ef-33513c514ad6","local_time":"20190622154136","is_ascension_mode":true,"campfire_choices":[{"data":"Pommel Strike","floor":6.0,"key":"SMITH"},{"data":"Corruption","floor":8.0,"key":"SMITH"},{"data":"Uppercut","floor":15.0,"key":"SMITH"},{"data":"Whirlwind","floor":23.0,"key":"SMITH"},{"data":"Inflame","floor":27.0,"key":"SMITH"},{"data":"Pommel Strike","floor":29.0,"key":"SMITH"},{"data":"Bludgeon","floor":32.0,"key":"SMITH"},{"data":"Heavy Blade","floor":40.0,"key":"SMITH"},{"data":"Uppercut","floor":42.0,"key":"SMITH"},{"floor":47.0,"key":"RECALL"},{"data":"Hemokinesis","floor":49.0,"key":"SMITH"},{"data":"Bash","floor":52.0,"key":"SMITH"}],"neow_cost":"NONE","seed_source_timestamp":0,"circlet_count":0,"master_deck":["Bash+1","Pommel Strike+1","Burning Pact","Twin Strike","Corruption+1","Havoc","Disarm+1","Whirlwind+1","Uppercut+1","Pommel Strike+1","Shrug It Off+1","Bludgeon+1","Inflame+1","Headbutt+1","Warcry+1","Shockwave+1","Shrug It Off+1","Exhume+1","Chrysalis+1","Feel No Pain+1","Battle Trance+1","Ghostly Armor+1","Exhume+1","Uppercut+1","Burning Pact+1","Limit Break+1","Hemokinesis+1","Second Wind+1","Shrug It Off+1","Inflame+1","Heavy Blade+1","Twin Strike+1","Sword Boomerang+1","Madness+1","Madness+1","Shrug It Off+1","Limit Break+1","Pommel Strike+1","Pummel+1","Flame Barrier+1","True Grit+1"],"special_seed":0,"relics":["Burning Blood","NeowsBlessing","Pantograph","Letter Opener","Toxic Egg 2","Tiny House","Old Coin","Self Forming Clay","PreservedInsect","Vajra","Meat on the Bone","Dodecahedron","Pandora\u0027s Box","Pocketwatch","SsserpentHead","Juzu Bracelet","Pear"],"potions_floor_usage":[55,55],"damage_taken":[{"damage":0.0,"enemies":"2 Louse","floor":1.0,"turns":1.0},{"damage":0.0,"enemies":"Small Slimes","floor":2.0,"turns":1.0},{"damage":0.0,"enemies":"Jaw Worm","floor":3.0,"turns":1.0},{"damage":21.0,"enemies":"Lagavulin","floor":7.0,"turns":7.0},{"damage":25.0,"enemies":"Exordium Wildlife","floor":10.0,"turns":5.0},{"damage":20.0,"enemies":"Lots of Slimes","floor":11.0,"turns":3.0},{"damage":4.0,"enemies":"Looter","floor":12.0,"turns":4.0},{"damage":6.0,"enemies":"Gremlin Gang","floor":13.0,"turns":4.0},{"damage":13.0,"enemies":"3 Louse","floor":14.0,"turns":3.0},{"damage":10.0,"enemies":"Hexaghost","floor":16.0,"turns":10.0},{"damage":0.0,"enemies":"3 Byrds","floor":18.0,"turns":6.0},{"damage":10.0,"enemies":"Chosen","floor":19.0,"turns":4.0},{"damage":28.0,"enemies":"Colosseum Slavers","floor":20.0,"turns":4.0},{"damage":29.0,"enemies":"Colosseum Nobs","floor":20.0,"turns":5.0},{"damage":3.0,"enemies":"Book of Stabbing","floor":25.0,"turns":6.0},{"damage":36.0,"enemies":"Slavers","floor":28.0,"turns":4.0},{"damage":0.0,"enemies":"Snake Plant","floor":31.0,"turns":6.0},{"damage":29.0,"enemies":"Collector","floor":33.0,"turns":8.0},{"damage":0.0,"enemies":"3 Darklings","floor":35.0,"turns":3.0},{"damage":7.0,"enemies":"3 Shapes","floor":36.0,"turns":5.0},{"damage":33.0,"enemies":"Sphere and 2 Shapes","floor":37.0,"turns":6.0},{"damage":3.0,"enemies":"3 Darklings","floor":38.0,"turns":5.0},{"damage":4.0,"enemies":"Reptomancer","floor":45.0,"turns":5.0},{"damage":27.0,"enemies":"Jaw Worm Horde","floor":46.0,"turns":4.0},{"damage":16.0,"enemies":"Transient","floor":48.0,"turns":5.0},{"damage":13.0,"enemies":"Donu and Deca","floor":50.0,"turns":5.0},{"damage":11.0,"enemies":"Shield and Spear","floor":54.0,"turns":5.0},{"damage":112,"enemies":"The Heart","floor":55,"turns":12}],"seed_played":"-5411680569858522149","potions_obtained":[{"floor":7.0,"key":"FairyPotion"},{"floor":10.0,"key":"Weak Potion"},{"floor":12.0,"key":"EntropicBrew"},{"floor":17.0,"key":"SteroidPotion"},{"floor":25.0,"key":"PowerPotion"},{"floor":28.0,"key":"Poison Potion"},{"floor":33.0,"key":"LiquidBronze"},{"floor":37.0,"key":"Strength Potion"}],"is_trial":false,"path_per_floor":["M","M","M","$","?","R","E","R","T","M","M","M","M","M","R","B",null,"M","M","?","$","?","R","$","E","T","R","E","R","?","M","R","B",null,"M","M","M","M","?","R","$","R","T","?","E","M","R","M","R","B",null,"R","$","E","B",null],"character_chosen":"IRONCLAD","items_purchased":["Corruption","Shrug It Off+1","PreservedInsect","Chrysalis+1","Vajra","Shrug It Off+1","Limit Break+1","Flame Barrier+1","Energy Potion"],"campfire_rested":0,"item_purchase_floors":[4,21,21,24,24,41,41,53,53],"current_hp_per_floor":[80,80,80,80,62,62,47,47,47,28,14,16,16,9,9,30,85,85,81,36,36,36,36,36,39,39,39,21,21,21,39,39,53,85,85,84,57,60,49,49,49,49,49,49,51,42,42,44,44,62,85,85,85,90,27],"gold":38,"neow_bonus":"THREE_ENEMY_KILL","is_prod":false,"is_daily":false,"chose_seed":false,"campfire_upgraded":11,"win_rate":0,"timestamp":1561243296,"path_taken":["M","M","M","$","?","R","E","R","T","M","M","M","M","M","R","BOSS","M","M","?","$","?","R","$","E","T","R","E","R","?","M","R","BOSS","M","M","M","M","?","R","$","R","T","?","E","M","R","M","R","BOSS","R","$","E","BOSS"],"build_version":"2019-01-23","purchased_purges":2,"victory":true,"max_hp_per_floor":[80,80,80,80,80,80,80,80,80,80,80,80,80,80,80,80,85,85,85,85,85,85,85,85,85,85,85,85,85,85,85,85,85,85,85,85,85,85,85,85,85,85,85,85,85,85,85,85,85,85,85,85,85,95,95],"card_choices":[{"not_picked":["Armaments","Iron Wave"],"picked":"Pommel Strike","floor":1.0},{"not_picked":["Rupture","Pummel"],"picked":"Burning Pact","floor":2.0},{"not_picked":["Flex","Thunderclap"],"picked":"Twin Strike","floor":3.0},{"not_picked":["Flex","Immolate"],"picked":"Havoc","floor":7.0},{"not_picked":["Havoc+1","Metallicize"],"picked":"Disarm+1","floor":10.0},{"not_picked":["Clash","Pummel"],"picked":"Whirlwind","floor":11.0},{"not_picked":["Wild Strike","Seeing Red+1"],"picked":"Uppercut","floor":12.0},{"not_picked":["Perfected Strike","Sword Boomerang"],"picked":"Pommel Strike","floor":13.0},{"not_picked":["Exhume+1","Anger"],"picked":"Shrug It Off+1","floor":14.0},{"not_picked":["Berserk","Fiend Fire"],"picked":"Bludgeon","floor":16.0},{"not_picked":["Wild Strike","Sever Soul"],"picked":"Inflame","floor":17.0},{"not_picked":["Clothesline","Anger"],"picked":"Headbutt+1","floor":18.0},{"not_picked":["Body Slam","Cleave"],"picked":"Warcry+1","floor":19.0},{"not_picked":["Havoc+1","Pommel Strike"],"picked":"Shockwave+1","floor":20.0},{"not_picked":["Demon Form","Rupture"],"picked":"Feel No Pain+1","floor":25.0},{"not_picked":["Clash","Bludgeon"],"picked":"Battle Trance+1","floor":28.0},{"not_picked":["Clothesline+1","Clash"],"picked":"Ghostly Armor+1","floor":31.0},{"not_picked":["Feed","Demon Form"],"picked":"Exhume+1","floor":33.0},{"not_picked":["Reckless Charge+1","Wild Strike+1"],"picked":"Inflame+1","floor":35.0},{"not_picked":["Warcry+1","Armaments+1"],"picked":"Heavy Blade","floor":36.0},{"not_picked":["Flex+1","Power Through+1"],"picked":"Twin Strike+1","floor":37.0},{"not_picked":["Dropkick","Burning Pact+1"],"picked":"Sword Boomerang+1","floor":38.0},{"not_picked":["Sword Boomerang","Perfected Strike+1"],"picked":"Pommel Strike+1","floor":45.0},{"not_picked":["Body Slam","Flex+1"],"picked":"Pummel+1","floor":46.0},{"not_picked":["Body Slam+1","Bludgeon","Headbutt"],"picked":"SKIP","floor":48.0},{"not_picked":["Brutality","Intimidate+1"],"picked":"True Grit+1","floor":54.0}],"player_experience":358642,"relics_obtained":[{"floor":7.0,"key":"Letter Opener"},{"floor":9.0,"key":"Toxic Egg 2"},{"floor":20.0,"key":"Old Coin"},{"floor":20.0,"key":"Self Forming Clay"},{"floor":25.0,"key":"Meat on the Bone"},{"floor":28.0,"key":"Dodecahedron"},{"floor":43.0,"key":"Pocketwatch"},{"floor":45.0,"key":"Juzu Bracelet"},{"floor":54.0,"key":"Pear"}],"event_choices":[{"damage_healed":0.0,"max_hp_gain":0.0,"max_hp_loss":0.0,"gold_gain":0.0,"event_name":"Scrap Ooze","player_choice":"Success","floor":5.0,"gold_loss":0.0,"damage_taken":18.0,"relics_obtained":["Pantograph"]},{"damage_healed":0.0,"max_hp_gain":0.0,"max_hp_loss":0.0,"gold_gain":0.0,"event_name":"Colosseum","player_choice":"Fight","floor":20.0,"gold_loss":0.0,"damage_taken":0.0},{"damage_healed":0.0,"max_hp_gain":0.0,"max_hp_loss":0.0,"gold_gain":0.0,"event_name":"Colosseum","player_choice":"Fought Nobs","floor":20.0,"gold_loss":0.0,"damage_taken":0.0},{"damage_healed":0.0,"max_hp_gain":0.0,"max_hp_loss":0.0,"gold_gain":0.0,"event_name":"The Library","player_choice":"Read","floor":22.0,"gold_loss":0.0,"damage_taken":0.0,"cards_obtained":["Exhume"]},{"cards_removed":["Strike_R"],"damage_healed":0.0,"max_hp_gain":0.0,"max_hp_loss":0.0,"gold_gain":0.0,"event_name":"Beggar","player_choice":"Gave Gold","floor":30.0,"gold_loss":75.0,"damage_taken":0.0},{"damage_healed":0.0,"max_hp_gain":0.0,"max_hp_loss":0.0,"gold_gain":0.0,"event_name":"Winding Halls","player_choice":"Embrace Madness","floor":39.0,"gold_loss":0.0,"damage_taken":11.0,"cards_obtained":["Madness","Madness"]},{"damage_healed":0.0,"max_hp_gain":0.0,"max_hp_loss":0.0,"gold_gain":0.0,"event_name":"FaceTrader","player_choice":"Trade","floor":44.0,"gold_loss":0.0,"damage_taken":0.0,"relics_obtained":["SsserpentHead"]}],"is_beta":false,"boss_relics":[{"not_picked":["White Beast Statue","Empty Cage"],"picked":"Tiny House"},{"not_picked":["Runic Pyramid","Calling Bell"],"picked":"Pandora\u0027s Box"}],"items_purged_floors":[4,21],"is_endless":false,"potions_floor_spawned":[7,10,12,25,28,33,37,38,48],"ascension_level":1}