{"gold_per_floor":[110,128,203,183,197,229,245,245,245,276,294,294,54,73,73,147,147,165,165,165,75,75],"floor_reached":22,"playtime":693,"items_purged":["Strike_B"],"score":330,"play_id":"6e2ec996-dc63-4f18-96f4-48cd7c2ce167","local_time":"20190508115559","is_ascension_mode":true,"campfire_choices":[{"floor":8,"key":"REST"},{"floor":12,"key":"REST"},{"floor":15,"key":"REST"}],"neow_cost":"NONE","seed_source_timestamp":185313318227300,"circlet_count":0,"master_deck":["AscendersBane","Strike_B+1","Defend_B","Defend_B","Defend_B","Defend_B","Zap","Dualcast","Core Surge","Compile Driver","Double Energy","Ball Lightning+1","Turbo","Leap","Tempest+1","Reinforced Body","Defragment","Coolheaded","Multi-Cast","FTL","Necronomicurse"],"special_seed":0,"relics":["Cracked Core","Smiling Mask","Ornamental Fan","Nunchaku","Whetstone","Inserter","Necronomicon"],"potions_floor_usage":[7,10,22],"damage_taken":[{"damage":1.0,"enemies":"Cultist","floor":1.0,"turns":3.0},{"damage":2.0,"enemies":"2 Louse","floor":2.0,"turns":2.0},{"damage":0.0,"enemies":"Small Slimes","floor":5.0,"turns":2.0},{"damage":30.0,"enemies":"3 Sentries","floor":6.0,"turns":6.0},{"damage":0,"enemies":"3 Louse","floor":7,"turns":2},{"damage":27,"enemies":"Lagavulin","floor":10,"turns":9},{"damage":0,"enemies":"Red Slaver","floor":11,"turns":2},{"damage":0,"enemies":"2 Fungi Beasts","floor":14,"turns":2},{"damage":24,"enemies":"The Guardian","floor":16,"turns":14},{"damage":39,"enemies":"2 Thieves","floor":18,"turns":4},{"damage":9,"enemies":"Chosen","floor":22,"turns":4}],"seed_played":"-956396236228517995","potions_obtained":[{"floor":2.0,"key":"FearPotion"},{"floor":4.0,"key":"Fire Potion"},{"floor":5.0,"key":"EssenceOfSteel"},{"floor":6.0,"key":"Poison Potion"},{"floor":7,"key":"Explosive Potion"}],"is_trial":false,"path_per_floor":["M","M","?","?","M","E","M","R","T","E","M","R","$","M","R","B",null,"M","?","?","?","M"],"character_chosen":"DEFECT","items_purchased":["Defragment","Whetstone"],"campfire_rested":3,"item_purchase_floors":[13,13],"current_hp_per_floor":[63,61,50,50,50,20,20,41,41,14,14,35,35,35,56,32,61,22,22,6,6,0],"gold":75,"neow_bonus":"ONE_RANDOM_RARE_CARD","is_prod":false,"is_daily":false,"chose_seed":false,"campfire_upgraded":0,"win_rate":0,"timestamp":1557309359,"path_taken":["M","?","?","?","M","E","M","R","T","E","M","R","$","?","R","BOSS","M","?","?","?","M"],"build_version":"2019-05-07","purchased_purges":1,"victory":false,"max_hp_per_floor":[71,71,71,71,71,71,71,71,71,71,71,71,71,71,71,71,71,71,71,71,71,71],"card_choices":[{"not_picked":["Streamline","Rip and Tear"],"picked":"Compile Driver","floor":1.0},{"not_picked":["Redo","Storm"],"picked":"Double Energy","floor":2.0},{"not_picked":["Steam","Rip and Tear"],"picked":"Ball Lightning","floor":5.0},{"not_picked":["Hologram","Streamline"],"picked":"Turbo","floor":6.0},{"not_picked":["Beam Cell","Streamline"],"picked":"Leap","floor":7},{"not_picked":["Sweeping Beam","Reinforced Body"],"picked":"Tempest","floor":10},{"not_picked":["Loop","Sweeping Beam"],"picked":"Reinforced Body","floor":11},{"not_picked":["Amplify","Sweeping Beam"],"picked":"Coolheaded","floor":14},{"not_picked":["Fission","Thunder Strike"],"picked":"Multi-Cast","floor":16},{"not_picked":["Beam Cell","Hologram"],"picked":"FTL","floor":18}],"player_experience":606916,"relics_obtained":[{"floor":6.0,"key":"Smiling Mask"},{"floor":9,"key":"Ornamental Fan"},{"floor":10,"key":"Nunchaku"},{"floor":20,"key":"Necronomicon"}],"event_choices":[{"damage_healed":0.0,"max_hp_gain":0.0,"max_hp_loss":0.0,"gold_gain":75.0,"event_name":"World of Goop","player_choice":"Gather Gold","floor":3.0,"gold_loss":0.0,"damage_taken":11.0},{"damage_healed":0.0,"max_hp_gain":0.0,"max_hp_loss":0.0,"gold_gain":0.0,"event_name":"The Woman in Blue","player_choice":"Bought 1 Potion","floor":4.0,"gold_loss":0.0,"damage_taken":0.0},{"cards_removed":["Strike_B"],"damage_healed":0,"gold_gain":0,"player_choice":"Elegance","damage_taken":0,"max_hp_gain":0,"max_hp_loss":0,"event_name":"Back to Basics","floor":19,"gold_loss":0},{"damage_healed":0,"gold_gain":0,"player_choice":"Obtained Book","damage_taken":16,"max_hp_gain":0,"max_hp_loss":0,"event_name":"Cursed Tome","floor":20,"gold_loss":0},{"cards_removed":["Strike_B"],"damage_healed":0,"gold_gain":0,"player_choice":"Upgrade and Remove","damage_taken":0,"max_hp_gain":0,"max_hp_loss":0,"event_name":"Designer","floor":21,"gold_loss":90,"cards_upgraded":["Tempest"]}],"is_beta":true,"boss_relics":[{"not_picked":["White Beast Statue","Nuclear Battery"],"picked":"Inserter"}],"items_purged_floors":[13],"is_endless":false,"potions_floor_spawned":[2,5,6,7],"killed_by":"Chosen","ascension_level":14}