{"gold_per_floor":[109,184,184,194,194,194,220,235,235,235,270,285,285,305,305,382,382,394,174,205,205,130,130,130,130,130,157,4,22,22,51,51,51],"floor_reached":33,"playtime":1029,"items_purged":["Regret","Strike_B"],"score":619,"play_id":"30c9b232-c270-432e-a6ff-4f01109c89c0","local_time":"20190507121315","is_ascension_mode":true,"campfire_choices":[{"floor":6,"key":"REST"},{"data":"Zap","floor":10,"key":"SMITH"},{"floor":13,"key":"REST"},{"data":"Go for the Eyes","floor":15,"key":"SMITH"},{"floor":23,"key":"REST"},{"floor":25,"key":"REST"},{"data":"Hologram","floor":30,"key":"SMITH"},{"data":"Coolheaded","floor":32,"key":"SMITH"}],"neow_cost":"NONE","seed_source_timestamp":99640693327700,"circlet_count":0,"master_deck":["AscendersBane","Strike_B","Strike_B","Defend_B","Defend_B","Defend_B","Defend_B","Zap+1","Dualcast+1","Ball Lightning+1","Rebound","BootSequence+1","Compile Driver","Electrodynamics","Ball Lightning","Go for the Eyes+1","Core Surge","Cold Snap","Writhe","Sunder+1","Hologram+1","Coolheaded+1"],"relics":["FrozenCore","Oddly Smooth Stone","Incense Burner","Dead Branch","Gremlin Horn","War Paint","PreservedInsect","Red Mask","Enchiridion","Regal Pillow","Matryoshka","FossilizedHelix","Symbiotic Virus"],"potions_floor_usage":[7,27],"damage_taken":[{"damage":6,"enemies":"Small Slimes","floor":1,"turns":3},{"damage":10,"enemies":"2 Louse","floor":4,"turns":2},{"damage":13,"enemies":"Lagavulin","floor":7,"turns":6},{"damage":1,"enemies":"Jaw Worm","floor":8,"turns":2},{"damage":9,"enemies":"3 Sentries","floor":11,"turns":5},{"damage":1,"enemies":"Red Slaver","floor":12,"turns":4},{"damage":0,"enemies":"2 Fungi Beasts","floor":14,"turns":2},{"damage":3,"enemies":"Slime Boss","floor":16,"turns":6},{"damage":4,"enemies":"Shell Parasite","floor":18,"turns":5},{"damage":37,"enemies":"Masked Bandits","floor":20,"turns":4},{"damage":4,"enemies":"Slavers","floor":27,"turns":2},{"damage":0,"enemies":"3 Byrds","floor":29,"turns":2},{"damage":0,"enemies":"Book of Stabbing","floor":31,"turns":4},{"damage":72,"enemies":"Champ","floor":33,"turns":14}],"seed_played":"1622407616003013132","potions_obtained":[{"floor":1,"key":"Swift Potion"},{"floor":7,"key":"LiquidBronze"},{"floor":8,"key":"EssenceOfSteel"},{"floor":29,"key":"SpeedPotion"}],"is_trial":false,"path_per_floor":["M","?","?","M","?","R","E","M","T","R","E","M","R","M","R","B",null,"M","$","?","?","?","R","?","R","T","E","$","M","R","E","R","B"],"character_chosen":"DEFECT","items_purchased":["PreservedInsect","Hologram"],"campfire_rested":4,"item_purchase_floors":[19,28],"current_hp_per_floor":[58,47,47,37,37,58,45,44,44,44,35,34,55,55,55,52,66,62,62,25,9,9,30,30,66,66,62,62,62,62,62,62,0],"gold":51,"neow_bonus":"RANDOM_COMMON_RELIC","is_prod":false,"is_daily":false,"chose_seed":false,"campfire_upgraded":4,"win_rate":0,"timestamp":1557223995,"path_taken":["M","?","?","M","?","R","E","M","T","R","E","M","R","?","R","BOSS","M","?","?","?","?","R","?","R","T","E","?","M","R","E","R","BOSS"],"build_version":"2019-04-23","purchased_purges":2,"victory":false,"max_hp_per_floor":[71,71,71,71,71,71,71,71,71,71,71,71,71,71,71,71,71,71,71,71,71,71,71,71,71,71,71,71,71,71,71,71,71],"card_choices":[{"not_picked":["Reinforced Body","White Noise"],"picked":"Ball Lightning","floor":1},{"not_picked":["Turbo","Tempest"],"picked":"Rebound","floor":4},{"not_picked":["Static Discharge","Hologram"],"picked":"BootSequence","floor":7},{"not_picked":["Auto Shields","Beam Cell"],"picked":"Compile Driver","floor":8},{"not_picked":["Redo","Capacitor"],"picked":"Electrodynamics","floor":11},{"not_picked":["Gash","Electrodynamics"],"picked":"Ball Lightning","floor":12},{"not_picked":["Barrage","Self Repair"],"picked":"Go for the Eyes","floor":14},{"not_picked":["Reboot","Multi-Cast"],"picked":"Core Surge","floor":16},{"not_picked":["Ball Lightning","Self Repair"],"picked":"Cold Snap","floor":18},{"not_picked":["Leap","Coolheaded"],"picked":"Sunder+1","floor":27},{"not_picked":["Redo","Hello World","Skim"],"picked":"SKIP","floor":29},{"not_picked":["Stack","Leap"],"picked":"Coolheaded","floor":31}],"player_experience":584728,"relics_obtained":[{"floor":7,"key":"Dead Branch"},{"floor":9,"key":"Gremlin Horn"},{"floor":11,"key":"War Paint"},{"floor":20,"key":"Red Mask"},{"floor":21,"key":"Enchiridion"},{"floor":26,"key":"Matryoshka"},{"floor":27,"key":"FossilizedHelix"},{"floor":31,"key":"Symbiotic Virus"}],"event_choices":[{"damage_healed":0,"gold_gain":75,"player_choice":"Gather Gold","damage_taken":11,"max_hp_gain":0,"max_hp_loss":0,"event_name":"World of Goop","floor":2,"gold_loss":0},{"damage_healed":0,"gold_gain":0,"player_choice":"Box","damage_taken":0,"relics_obtained":["Incense Burner"],"max_hp_gain":0,"max_hp_loss":0,"event_name":"Big Fish","floor":3,"gold_loss":0,"cards_obtained":["Regret"]},{"damage_healed":0,"gold_gain":0,"player_choice":"Upgraded","damage_taken":0,"max_hp_gain":0,"max_hp_loss":0,"event_name":"Upgrade Shrine","floor":5,"gold_loss":0,"cards_upgraded":["Ball Lightning"]},{"damage_healed":0,"gold_gain":0,"player_choice":"Fought Bandits","damage_taken":0,"max_hp_gain":0,"max_hp_loss":0,"event_name":"Masked Bandits","floor":20,"gold_loss":0},{"damage_healed":0,"gold_gain":0,"player_choice":"Obtained Book","damage_taken":16,"max_hp_gain":0,"max_hp_loss":0,"event_name":"Cursed Tome","floor":21,"gold_loss":0},{"cards_removed":["Strike_B"],"damage_healed":0,"gold_gain":0,"player_choice":"Gave Gold","damage_taken":0,"max_hp_gain":0,"max_hp_loss":0,"event_name":"Beggar","floor":22,"gold_loss":75},{"damage_healed":0,"gold_gain":0,"player_choice":"Opened","damage_taken":0,"relics_obtained":["Regal Pillow"],"max_hp_gain":0,"max_hp_loss":0,"event_name":"The Mausoleum","floor":24,"gold_loss":0,"cards_obtained":["Writhe"]}],"is_beta":true,"boss_relics":[{"not_picked":["Busted Crown","Tiny House"],"picked":"FrozenCore"}],"items_purged_floors":[19,28],"is_endless":false,"potions_floor_spawned":[1,7,8,18,29],"killed_by":"Champ","ascension_level":14}