{"gold_per_floor":[113,188,188,188,209,244,244,90,90,90,90,90,134,158,158,248,248,263,263,277,277],"floor_reached":21,"playtime":677,"items_purged":["Strike_B"],"score":315,"play_id":"cd7ea44d-ae02-49d1-a73e-cb11c875fcf1","local_time":"20190507125025","is_ascension_mode":true,"campfire_choices":[{"floor":7,"key":"REST"},{"floor":12,"key":"REST"},{"data":"Go for the Eyes","floor":15,"key":"SMITH"}],"neow_cost":"NONE","seed_source_timestamp":102222856493100,"circlet_count":0,"master_deck":["AscendersBane","Defend_B","Defend_B+1","Defend_B","Defend_B","Zap","Dualcast","Go for the Eyes+1","Barrage+1","Hologram","Double Energy","Loop","Darkness","Buffer","Coolheaded+1","Bandage Up","Ball Lightning"],"relics":["Cracked Core","Golden Idol","Letter Opener","Incense Burner","Centennial Puzzle","Empty Cage"],"potions_floor_usage":[16],"damage_taken":[{"damage":7,"enemies":"Jaw Worm","floor":1,"turns":3},{"damage":1,"enemies":"2 Louse","floor":5,"turns":4},{"damage":41,"enemies":"Gremlin Nob","floor":6,"turns":5},{"damage":20,"enemies":"Lagavulin","floor":13,"turns":7},{"damage":5,"enemies":"Small Slimes","floor":14,"turns":3},{"damage":16,"enemies":"The Guardian","floor":16,"turns":11},{"damage":6,"enemies":"Shell Parasite","floor":18,"turns":6},{"damage":24,"enemies":"3 Byrds","floor":20,"turns":6},{"damage":34,"enemies":"Cultist and Chosen","floor":21,"turns":6}],"seed_played":"5551844876775866962","potions_obtained":[{"floor":13,"key":"Regen Potion"},{"floor":16,"key":"Strength Potion"},{"floor":20,"key":"FearPotion"}],"is_trial":false,"path_per_floor":["M","?","?","?","M","E","R","$","T","?","?","R","E","M","R","B",null,"M","?","M","M"],"character_chosen":"DEFECT","items_purchased":["Double Energy"],"campfire_rested":2,"item_purchase_floors":[8],"current_hp_per_floor":[64,53,46,46,45,4,25,25,25,11,35,56,36,31,31,30,62,56,42,22,0],"gold":277,"neow_bonus":"TEN_PERCENT_HP_BONUS","is_prod":false,"is_daily":false,"chose_seed":false,"campfire_upgraded":1,"win_rate":0,"timestamp":1557226225,"path_taken":["M","?","?","?","M","E","R","$","T","?","?","R","E","M","R","BOSS","M","?","M","?"],"build_version":"2019-04-23","purchased_purges":1,"victory":false,"max_hp_per_floor":[78,78,78,72,72,72,72,72,72,72,72,72,72,72,72,72,72,72,72,72,72],"card_choices":[{"not_picked":["Beam Cell","Hologram"],"picked":"Go for the Eyes","floor":1},{"not_picked":["Gash","Leap"],"picked":"Barrage","floor":5},{"not_picked":["Barrage","Turbo"],"picked":"Hologram","floor":6},{"not_picked":["Reprogram","Conserve Battery"],"picked":"Loop","floor":13},{"not_picked":["Gash","Loop"],"picked":"Darkness","floor":14},{"not_picked":["Amplify","Hyperbeam"],"picked":"Buffer","floor":16},{"not_picked":["Tempest+1","Steam"],"picked":"Coolheaded+1","floor":18},{"not_picked":["White Noise","Steam"],"picked":"Ball Lightning","floor":20}],"player_experience":587206,"relics_obtained":[{"floor":6,"key":"Letter Opener"},{"floor":9,"key":"Incense Burner"},{"floor":13,"key":"Centennial Puzzle"}],"event_choices":[{"damage_healed":0,"gold_gain":75,"player_choice":"Gather Gold","damage_taken":11,"max_hp_gain":0,"max_hp_loss":0,"event_name":"World of Goop","floor":2,"gold_loss":0},{"cards_removed":["Strike_B"],"damage_healed":0,"gold_gain":0,"player_choice":"Card Removal","damage_taken":7,"max_hp_gain":0,"max_hp_loss":0,"event_name":"Golden Wing","floor":3,"gold_loss":0},{"damage_healed":0,"gold_gain":0,"player_choice":"Lose Max HP","damage_taken":0,"relics_obtained":["Golden Idol"],"max_hp_gain":0,"max_hp_loss":6,"event_name":"Golden Idol","floor":4,"gold_loss":0},{"damage_healed":0,"gold_gain":0,"player_choice":"Entered Light","damage_taken":14,"max_hp_gain":0,"max_hp_loss":0,"event_name":"Shining Light","floor":10,"gold_loss":0,"cards_upgraded":["Barrage","Defend_B"]},{"damage_healed":24,"gold_gain":0,"player_choice":"Banana","damage_taken":0,"max_hp_gain":0,"max_hp_loss":0,"event_name":"Big Fish","floor":11,"gold_loss":0},{"damage_healed":0,"gold_gain":0,"player_choice":"CARD ","damage_taken":14,"max_hp_gain":0,"max_hp_loss":0,"event_name":"Knowing Skull","floor":19,"potions_obtained":[],"gold_loss":0,"cards_obtained":["Bandage Up"]}],"is_beta":true,"boss_relics":[{"not_picked":["Sozu","Eternal Feather"],"picked":"Empty Cage"}],"items_purged_floors":[8],"is_endless":false,"potions_floor_spawned":[13,16,20],"killed_by":"Cultist and Chosen","ascension_level":14}