{"gold_per_floor":[215,89,105,280,355,355,33,58,58,91,2,2,29,29,29,130,130,148,164,175,175],"floor_reached":21,"playtime":1977,"items_purged":["Strike_G"],"score":293,"play_id":"43458ef9-52c7-4dba-95f7-0f24e3369e26","local_time":"20190612004701","is_ascension_mode":true,"campfire_choices":[{"data":"Neutralize","floor":6,"key":"SMITH"},{"floor":12,"key":"REST"},{"data":"Doubt","floor":15,"key":"PURGE"}],"neow_cost":"NONE","seed_source_timestamp":1899138084616825,"circlet_count":0,"master_deck":["AscendersBane","Defend_G","Defend_G","Defend_G","Defend_G","Defend_G","Strike_G","Strike_G","Strike_G","Survivor","Neutralize+1","Dash","PiercingWail","Well Laid Plans","Poisoned Stab","Backstab","Terror","Footwork","Dodge and Roll","Predator","A Thousand Cuts","Injury","Regret","Doubt","Cloak And Dagger+1","Calculated Gamble+1","Blur+1"],"relics":["Ring of the Snake","Peace Pipe","Centennial Puzzle","Incense Burner","Bottled Lightning","Smiling Mask","Calling Bell","Orichalcum","Toxic Egg 2","Ginger"],"potions_floor_usage":[10,18],"damage_taken":[{"damage":1,"enemies":"2 Louse","floor":1,"turns":3},{"damage":0,"enemies":"Jaw Worm","floor":3,"turns":5},{"damage":30,"enemies":"3 Sentries","floor":8,"turns":15},{"damage":17,"enemies":"Lagavulin","floor":10,"turns":10},{"damage":1,"enemies":"Gremlin Nob","floor":13,"turns":3},{"damage":11,"enemies":"Slime Boss","floor":16,"turns":19},{"damage":19,"enemies":"Spheric Guardian","floor":18,"turns":5},{"damage":17,"enemies":"3 Byrds","floor":19,"turns":7},{"damage":10,"enemies":"Cultist and Chosen","floor":20,"turns":8},{"damage":21,"enemies":"3 Cultists","floor":21,"turns":4}],"seed_played":"3038174964987865922","potions_obtained":[{"floor":8,"key":"Block Potion"},{"floor":16,"key":"Fire Potion"},{"floor":20,"key":"Swift Potion"}],"is_trial":false,"path_per_floor":["M","$","M","?","?","R","$","E","T","E","$","R","E","?","R","B",null,"M","M","M","M"],"character_chosen":"THE_SILENT","items_purchased":["PiercingWail","Peace Pipe","Poisoned Stab","Footwork","Dodge and Roll"],"campfire_rested":1,"item_purchase_floors":[2,7,7,11,11],"current_hp_per_floor":[62,62,62,62,51,51,51,21,21,4,4,25,24,24,24,13,56,37,20,10,0],"gold":175,"neow_bonus":"HUNDRED_GOLD","is_prod":false,"is_daily":false,"chose_seed":false,"campfire_upgraded":1,"win_rate":0,"timestamp":1560322021,"path_taken":["M","$","M","?","?","R","$","E","T","E","?","R","E","?","R","BOSS","M","M","M","M"],"build_version":"2019-01-23","purchased_purges":1,"victory":false,"max_hp_per_floor":[70,70,70,70,70,70,70,70,70,70,70,70,70,70,70,70,70,70,70,70,70],"card_choices":[{"not_picked":["Prepared","Cloak And Dagger"],"picked":"Dash","floor":1},{"not_picked":["Eviscerate","Cloak And Dagger"],"picked":"Well Laid Plans","floor":3},{"not_picked":["Endless Agony","Slice"],"picked":"Backstab","floor":8},{"not_picked":["Finisher","Burst"],"picked":"Terror","floor":10},{"not_picked":["Infinite Blades","Cloak And Dagger"],"picked":"Predator","floor":13},{"not_picked":["Phantasmal Killer","Corpse Explosion"],"picked":"A Thousand Cuts","floor":16},{"not_picked":["Dagger Throw+1","Prepared+1"],"picked":"Cloak And Dagger+1","floor":18},{"not_picked":["Deflect+1","Quick Slash+1"],"picked":"Calculated Gamble+1","floor":19},{"not_picked":["Bouncing Flask+1","Dash+1"],"picked":"Blur+1","floor":20}],"player_experience":342155,"relics_obtained":[{"floor":8,"key":"Centennial Puzzle"},{"floor":9,"key":"Incense Burner"},{"floor":10,"key":"Bottled Lightning"},{"floor":13,"key":"Smiling Mask"},{"floor":17,"key":"Orichalcum"},{"floor":17,"key":"Toxic Egg 2"},{"floor":17,"key":"Ginger"}],"event_choices":[{"damage_healed":0,"gold_gain":175,"player_choice":"AGREE","damage_taken":0,"max_hp_gain":0,"max_hp_loss":0,"event_name":"Liars Game","floor":4,"gold_loss":0,"cards_obtained":["Doubt"]},{"damage_healed":0,"gold_gain":75,"player_choice":"Gather Gold","damage_taken":11,"max_hp_gain":0,"max_hp_loss":0,"event_name":"World of Goop","floor":5,"gold_loss":0},{"cards_removed":["Strike_G"],"damage_healed":0,"gold_gain":0,"player_choice":"Offered Basic","damage_taken":0,"max_hp_gain":0,"max_hp_loss":0,"event_name":"Bonfire Elementals","floor":14,"gold_loss":0}],"is_beta":false,"boss_relics":[{"not_picked":["Velvet Choker","Runic Pyramid"],"picked":"Calling Bell"}],"items_purged_floors":[2],"is_endless":false,"potions_floor_spawned":[8,16,20],"killed_by":"3 Cultists","ascension_level":10}