{"gold_per_floor":[115,129,145,157,172,202,377,377,445,410,410],"floor_reached":11,"playtime":818,"items_purged":[],"score":101,"play_id":"99ad0837-64f2-46d2-8c8d-5d1021d3a021","local_time":"20190601174446","is_ascension_mode":true,"campfire_choices":[{"floor":8,"key":"REST"}],"neow_cost":"NONE","seed_source_timestamp":1010765866731641,"circlet_count":0,"master_deck":["Defend_G","Defend_G","Defend_G","Defend_G","Defend_G","Strike_G","Strike_G","Strike_G","Strike_G","Strike_G","Survivor","Neutralize","Escape Plan","Tactician","PiercingWail","Blur","Acrobatics","Doppelganger","Doubt"],"relics":["Ring of the Snake","Question Card","Bottled Lightning"],"potions_floor_usage":[5,6],"damage_taken":[{"damage":2,"enemies":"Jaw Worm","floor":1,"turns":7},{"damage":0,"enemies":"2 Louse","floor":2,"turns":4},{"damage":4,"enemies":"Small Slimes","floor":3,"turns":5},{"damage":1,"enemies":"3 Louse","floor":4,"turns":4},{"damage":17,"enemies":"Gremlin Gang","floor":5,"turns":8},{"damage":30,"enemies":"Gremlin Nob","floor":6,"turns":5},{"damage":30,"enemies":"Lagavulin","floor":11,"turns":9}],"seed_played":"3069661324506198746","potions_obtained":[{"floor":1,"key":"Energy Potion"},{"floor":5,"key":"FearPotion"}],"is_trial":false,"path_per_floor":["M","M","M","M","M","E","?","R","T","?","E"],"character_chosen":"THE_SILENT","items_purchased":[],"campfire_rested":1,"item_purchase_floors":[],"current_hp_per_floor":[68,68,64,63,46,16,16,39,39,58,28],"gold":410,"neow_bonus":"TEN_PERCENT_HP_BONUS","is_prod":false,"is_daily":false,"chose_seed":false,"campfire_upgraded":0,"win_rate":0,"timestamp":1559432686,"path_taken":["M","M","M","M","M","E","?","R","T","?","E"],"build_version":"2019-01-23","purchased_purges":0,"victory":false,"max_hp_per_floor":[77,77,77,77,77,77,77,77,77,77,77],"card_choices":[{"not_picked":["Flechettes","Underhanded Strike"],"picked":"Escape Plan","floor":1},{"not_picked":["Deflect","Outmaneuver"],"picked":"Tactician","floor":2},{"not_picked":["Escape Plan","Choke"],"picked":"PiercingWail","floor":3},{"not_picked":["Unload","Poisoned Stab"],"picked":"Blur","floor":4},{"not_picked":["Outmaneuver","Underhanded Strike"],"picked":"Acrobatics","floor":5},{"not_picked":["Dagger Throw","Flying Knee"],"picked":"Doppelganger","floor":6}],"player_experience":265587,"relics_obtained":[{"floor":6,"key":"Question Card"},{"floor":9,"key":"Bottled Lightning"}],"event_choices":[{"damage_healed":0,"gold_gain":175,"player_choice":"AGREE","damage_taken":0,"max_hp_gain":0,"max_hp_loss":0,"event_name":"Liars Game","floor":7,"gold_loss":0,"cards_obtained":["Doubt"]},{"damage_healed":19,"gold_gain":0,"player_choice":"Healed","damage_taken":0,"max_hp_gain":0,"max_hp_loss":0,"event_name":"The Cleric","floor":10,"gold_loss":35}],"is_beta":false,"boss_relics":[],"items_purged_floors":[],"is_endless":false,"potions_floor_spawned":[1,5],"killed_by":"Lagavulin","ascension_level":7}