{"gold_per_floor":[117,132,147,164,164,191,191,219,219,169,186,186,219,84,84,156,156,172,172,192,208,1,36,36,48,124,124,140,156,186,58,58,136,136,147,194,194,194,214,249,266,286,337,0,31,45,45,65,65,65],"floor_reached":51,"playtime":2492,"items_purged":["Strike_B","Defend_B"],"score":1382,"play_id":"4c56defc-6c64-4bee-b1f4-cb52de1505d7","local_time":"20190508131323","is_ascension_mode":true,"campfire_choices":[{"floor":7.0,"key":"REST"},{"data":"Go for the Eyes","floor":12.0,"key":"SMITH"},{"data":"Zap","floor":15.0,"key":"SMITH"},{"data":"Biased Cognition","floor":24.0,"key":"SMITH"},{"floor":32,"key":"REST"},{"floor":47,"key":"REST"},{"floor":49,"key":"REST"}],"neow_cost":"NONE","seed_source_timestamp":188137221620400,"circlet_count":0,"master_deck":["AscendersBane","Defend_B","Defend_B","Defend_B","Zap+1","Dualcast","Barrage","Defragment","Undo","Go for the Eyes+1","Double Energy","Melter","Core Surge","Ball Lightning","Conserve Battery","FTL","Coolheaded","Machine Learning","Capacitor+1","Coolheaded+1","Genetic Algorithm+1","BootSequence","Compile Driver","Turbo+1","Biased Cognition+1","Cold Snap","Ball Lightning+1","Conserve Battery+1","Defragment+1","Stack+1","Hologram","Defragment+1","Rainbow","Steam+1","Apotheosis+1","Go for the Eyes+1","Tempest+1"],"special_seed":0,"relics":["Cracked Core","Meat on the Bone","Vajra","Torii","Gremlin Horn","Smiling Mask","Astrolabe","PreservedInsect","Frozen Egg 2","Omamori","Cursed Key","Nunchaku","Art of War","Bag of Marbles","Red Mask","Blood Vial"],"potions_floor_usage":[40,42],"damage_taken":[{"damage":1.0,"enemies":"Cultist","floor":1.0,"turns":3.0},{"damage":9.0,"enemies":"Jaw Worm","floor":2.0,"turns":4.0},{"damage":5.0,"enemies":"2 Louse","floor":3.0,"turns":3.0},{"damage":4.0,"enemies":"Blue Slaver","floor":4.0,"turns":5.0},{"damage":19.0,"enemies":"Lagavulin","floor":6.0,"turns":6.0},{"damage":27.0,"enemies":"Gremlin Nob","floor":8.0,"turns":4.0},{"damage":12.0,"enemies":"Exordium Thugs","floor":11.0,"turns":4.0},{"damage":13.0,"enemies":"3 Sentries","floor":13.0,"turns":5.0},{"damage":37.0,"enemies":"The Guardian","floor":16.0,"turns":11.0},{"damage":24.0,"enemies":"2 Thieves","floor":18.0,"turns":5.0},{"damage":0.0,"enemies":"Spheric Guardian","floor":20.0,"turns":2.0},{"damage":2.0,"enemies":"Centurion and Healer","floor":21.0,"turns":8.0},{"damage":11.0,"enemies":"Book of Stabbing","floor":23.0,"turns":8.0},{"damage":7.0,"enemies":"Snecko","floor":25.0,"turns":4.0},{"damage":11,"enemies":"Shelled Parasite and Fungi","floor":28,"turns":3},{"damage":0,"enemies":"Snake Plant","floor":29,"turns":5},{"damage":18,"enemies":"Slavers","floor":30,"turns":5},{"damage":0,"enemies":"Champ","floor":33,"turns":11},{"damage":1,"enemies":"3 Shapes","floor":35,"turns":4},{"damage":39,"enemies":"2 Orb Walkers","floor":36,"turns":6},{"damage":7,"enemies":"3 Darklings","floor":39,"turns":5},{"damage":1,"enemies":"Giant Head","floor":40,"turns":7},{"damage":0,"enemies":"Writhing Mass","floor":41,"turns":6},{"damage":18,"enemies":"Transient","floor":42,"turns":5},{"damage":20,"enemies":"Reptomancer","floor":45,"turns":5},{"damage":12,"enemies":"Jaw Worm Horde","floor":46,"turns":5},{"damage":1,"enemies":"Sphere and 2 Shapes","floor":48,"turns":6},{"damage":1,"enemies":"Time Eater","floor":50,"turns":10}],"seed_played":"-8392526960000195901","potions_obtained":[{"floor":1.0,"key":"Ancient Potion"},{"floor":3.0,"key":"Weak Potion"},{"floor":4.0,"key":"AttackPotion"},{"floor":8.0,"key":"Energy Potion"},{"floor":13.0,"key":"Dexterity Potion"},{"floor":18.0,"key":"SteroidPotion"},{"floor":19.0,"key":"AttackPotion"},{"floor":28,"key":"Energy Potion"},{"floor":29,"key":"Energy Potion"},{"floor":40,"key":"Fire Potion"},{"floor":42,"key":"LiquidBronze"}],"is_trial":false,"path_per_floor":["M","M","M","M","?","E","R","E","T","?","M","R","E","$","R","B",null,"M","?","M","M","$","E","R","M","T","?","M","M","E","$","R","B",null,"M","?","?","?","M","E","M","M","T","?","E","M","R","M","R","B",null],"character_chosen":"DEFECT","items_purchased":["FTL","Coolheaded","Biased Cognition","Cold Snap","Defragment+1"],"campfire_rested":4,"item_purchase_floors":[14,14,22,22,31],"current_hp_per_floor":[63,54,49,45,45,38,59,44,44,44,44,44,43,43,43,18,58,46,46,46,44,44,45,45,38,38,38,39,39,33,33,54,54,67,66,39,39,39,44,43,43,37,37,37,29,31,52,53,71,70],"gold":65,"neow_bonus":"THREE_CARDS","is_prod":false,"is_daily":false,"chose_seed":false,"campfire_upgraded":3,"win_rate":0,"timestamp":1557314003,"path_taken":["M","?","M","M","?","E","R","E","T","?","M","R","E","?","R","BOSS","M","?","?","M","?","E","R","M","T","?","M","M","E","$","R","BOSS","M","?","?","?","M","E","M","?","T","?","E","M","R","M","R","BOSS"],"build_version":"2019-05-07","purchased_purges":2,"victory":true,"max_hp_per_floor":[71,71,71,71,71,71,71,71,71,71,71,71,71,71,71,71,71,71,71,71,71,71,71,71,71,71,71,71,71,71,71,71,71,71,71,71,71,71,71,71,71,71,71,71,71,71,71,71,71,71],"card_choices":[{"not_picked":["Fusion","Streamline"],"picked":"Barrage","floor":0.0},{"not_picked":["Coolheaded","Tempest"],"picked":"Defragment","floor":1.0},{"not_picked":["Force Field","Steam Power"],"picked":"Undo","floor":2.0},{"not_picked":["Steam Power","Steam"],"picked":"Go for the Eyes","floor":3.0},{"not_picked":["Blizzard","Gash"],"picked":"Double Energy","floor":4.0},{"not_picked":["Gash","Rebound"],"picked":"Melter","floor":6.0},{"not_picked":["Rebound","Genetic Algorithm"],"picked":"Core Surge","floor":8.0},{"not_picked":["Doom and Gloom","Redo"],"picked":"Ball Lightning","floor":11.0},{"not_picked":["Consume","Undo"],"picked":"Conserve Battery","floor":13.0},{"not_picked":["Seek","Multi-Cast"],"picked":"Machine Learning","floor":16.0},{"not_picked":["Barrage","Streamline"],"picked":"BootSequence","floor":18.0},{"not_picked":["Gash","Force Field"],"picked":"Compile Driver","floor":20.0},{"not_picked":["Rebound","Steam"],"picked":"Turbo+1","floor":21.0},{"not_picked":["Sweeping Beam","Storm"],"picked":"Ball Lightning+1","floor":23.0},{"not_picked":["Stack","Redo"],"picked":"Conserve Battery+1","floor":25.0},{"not_picked":["Melter","Turbo"],"picked":"Stack+1","floor":28},{"not_picked":["Streamline","Turbo"],"picked":"Hologram","floor":29},{"not_picked":["Fission","Ball Lightning+1","Turbo+1"],"picked":"SKIP","floor":30},{"not_picked":["Fission","Machine Learning+1"],"picked":"Rainbow","floor":33},{"not_picked":["Streamline","Leap+1"],"picked":"Steam+1","floor":35},{"not_picked":["Good Instincts","Mayhem+1"],"picked":"Apotheosis","floor":37},{"not_picked":["Leap","Consume","Conserve Battery+1"],"picked":"SKIP","floor":39},{"not_picked":["Stack","Sunder"],"picked":"Go for the Eyes+1","floor":40},{"not_picked":["Turbo+1","Beam Cell","Conserve Battery"],"picked":"SKIP","floor":41},{"not_picked":["Tempest","Auto Shields","Conserve Battery+1"],"picked":"SKIP","floor":42},{"not_picked":["Cold Snap","Barrage","Hyperbeam"],"picked":"SKIP","floor":45},{"not_picked":["Stack","Go for the Eyes"],"picked":"Tempest+1","floor":46},{"not_picked":["BootSequence","Auto Shields+1","Undo"],"picked":"SKIP","floor":48}],"player_experience":609506,"relics_obtained":[{"floor":6.0,"key":"Vajra"},{"floor":8.0,"key":"Torii"},{"floor":9.0,"key":"Gremlin Horn"},{"floor":13.0,"key":"Smiling Mask"},{"floor":23.0,"key":"PreservedInsect"},{"floor":26.0,"key":"Frozen Egg 2"},{"floor":30,"key":"Omamori"},{"floor":36,"key":"Nunchaku"},{"floor":40,"key":"Art of War"},{"floor":43,"key":"Bag of Marbles"},{"floor":45,"key":"Blood Vial"}],"event_choices":[{"damage_healed":0.0,"max_hp_gain":0.0,"max_hp_loss":0.0,"gold_gain":0.0,"event_name":"Big Fish","player_choice":"Box","floor":5.0,"gold_loss":0.0,"damage_taken":0.0,"relics_obtained":["Meat on the Bone"],"cards_obtained":["Regret"]},{"cards_removed":["Regret"],"damage_healed":0.0,"max_hp_gain":0.0,"max_hp_loss":0.0,"gold_gain":0.0,"event_name":"The Cleric","player_choice":"Card Removal","floor":10.0,"gold_loss":50.0,"damage_taken":0.0},{"damage_healed":0.0,"max_hp_gain":0.0,"max_hp_loss":0.0,"gold_gain":0.0,"event_name":"Lab","player_choice":"Got Potions","floor":19.0,"gold_loss":0.0,"damage_taken":0.0},{"damage_healed":0.0,"max_hp_gain":0.0,"max_hp_loss":0.0,"gold_gain":0.0,"event_name":"The Library","player_choice":"Read","floor":27.0,"gold_loss":0.0,"damage_taken":0.0,"cards_obtained":["Defragment"]},{"damage_healed":0,"gold_gain":0,"player_choice":"Fight","damage_taken":0,"max_hp_gain":0,"max_hp_loss":0,"event_name":"Mysterious Sphere","floor":36,"gold_loss":0},{"damage_healed":0,"gold_gain":0,"player_choice":"Memory 1","damage_taken":0,"max_hp_gain":0,"max_hp_loss":0,"event_name":"SensoryStone","floor":37,"gold_loss":0},{"damage_healed":0,"gold_gain":0,"player_choice":"Upgraded","damage_taken":0,"max_hp_gain":0,"max_hp_loss":0,"event_name":"Upgrade Shrine","floor":38,"gold_loss":0,"cards_upgraded":["Apotheosis"]},{"damage_healed":0,"gold_gain":0,"player_choice":"Paid","damage_taken":0,"relics_obtained":["Red Mask"],"max_hp_gain":0,"max_hp_loss":0,"event_name":"Tomb of Lord Red Mask","floor":44,"gold_loss":337}],"is_beta":true,"boss_relics":[{"not_picked":["Ectoplasm","Tiny House"],"picked":"Astrolabe"},{"not_picked":["White Beast Statue","FrozenCore"],"picked":"Cursed Key"}],"items_purged_floors":[14,31],"is_endless":false,"potions_floor_spawned":[1,3,4,8,13,18,20,28,29,39,40,42,45,48],"ascension_level":14}