{"gold_per_floor":[113,126,142,142,62,96,96,116,116,142,142,142,178,196,196,316,316,334,348,367,383,408,448,41,41,41,57,57,96,96,127,127,255,255,268,268,291,291,309,309],"floor_reached":40,"playtime":4604,"items_purged":["Strike_G"],"score":562,"play_id":"56e2a118-8a80-472f-8099-1435e1e37bdd","local_time":"20190518020359","is_ascension_mode":true,"campfire_choices":[{"data":"Dash","floor":7,"key":"SMITH"},{"floor":12,"key":"REST"},{"floor":15,"key":"REST"},{"floor":25,"key":"REST"},{"data":"Footwork","floor":28,"key":"SMITH"},{"data":"Footwork","floor":32,"key":"SMITH"}],"neow_cost":"NONE","seed_source_timestamp":160708758791887,"circlet_count":0,"master_deck":["Defend_G","Defend_G","Defend_G","Defend_G","Defend_G","Strike_G+1","Strike_G+1","Strike_G","Survivor","Neutralize","PiercingWail","Malaise","Skewer","Predator+1","Dash+1","Deadly Poison","Leg Sweep","Crippling Poison","Footwork+1","Tools of the Trade","Cloak And Dagger","Bane","Dodge and Roll+1","Dodge and Roll+1","Dagger Spray","Footwork+1","PiercingWail+1","Backstab","J.A.X.","Dodge and Roll","A Thousand Cuts+1","Dagger Throw+1","Backflip"],"relics":["Ring of the Snake","Ornamental Fan","Pantograph","Whetstone","Golden Idol","Oddly Smooth Stone","Velvet Choker","Matryoshka","Bottled Flame","Blood Vial","Sundial","Snake Skull","Anchor","Cursed Key"],"potions_floor_usage":[10,16,20,21,23,23,23],"damage_taken":[{"damage":0,"enemies":"Small Slimes","floor":1,"turns":5},{"damage":3,"enemies":"Jaw Worm","floor":2,"turns":6},{"damage":0,"enemies":"Cultist","floor":3,"turns":5},{"damage":36,"enemies":"Lagavulin","floor":6,"turns":9},{"damage":3,"enemies":"Looter","floor":8,"turns":3},{"damage":10,"enemies":"3 Sentries","floor":10,"turns":8},{"damage":20,"enemies":"Lagavulin","floor":13,"turns":8},{"damage":0,"enemies":"Blue Slaver","floor":14,"turns":6},{"damage":5,"enemies":"Hexaghost","floor":16,"turns":11},{"damage":0,"enemies":"Chosen","floor":18,"turns":6},{"damage":0,"enemies":"Spheric Guardian","floor":19,"turns":6},{"damage":28,"enemies":"3 Cultists","floor":20,"turns":7},{"damage":1,"enemies":"Centurion and Healer","floor":21,"turns":7},{"damage":0,"enemies":"Snecko","floor":22,"turns":6},{"damage":4,"enemies":"Gremlin Leader","floor":23,"turns":6},{"damage":0,"enemies":"Chosen and Byrds","floor":27,"turns":10},{"damage":24,"enemies":"Slavers","floor":29,"turns":9},{"damage":5,"enemies":"Gremlin Leader","floor":31,"turns":5},{"damage":14,"enemies":"Champ","floor":33,"turns":17},{"damage":17,"enemies":"Orb Walker","floor":35,"turns":4},{"damage":0,"enemies":"3 Shapes","floor":37,"turns":3},{"damage":13,"enemies":"Writhing Mass","floor":39,"turns":8},{"damage":48,"enemies":"Reptomancer","floor":40,"turns":4}],"seed_played":"1293644082997028544","potions_obtained":[{"floor":2,"key":"LiquidBronze"},{"floor":10,"key":"SteroidPotion"},{"floor":13,"key":"Fire Potion"},{"floor":14,"key":"LiquidBronze"},{"floor":18,"key":"GhostInAJar"},{"floor":20,"key":"SkillPotion"},{"floor":21,"key":"AttackPotion"},{"floor":35,"key":"Strength Potion"}],"is_trial":false,"path_per_floor":["M","M","M","?","$","E","R","M","T","E","?","R","E","M","R","B",null,"M","M","M","M","M","E","$","R","T","M","R","E","?","E","R","B",null,"M","?","M","?","M","E"],"character_chosen":"THE_SILENT","items_purchased":["Predator","Footwork","Bottled Flame"],"campfire_rested":3,"item_purchase_floors":[5,24,24],"current_hp_per_floor":[77,74,74,59,59,23,23,20,20,10,10,31,11,11,32,52,71,71,71,43,42,42,38,38,59,59,61,61,39,39,36,36,49,71,54,54,56,56,45,0],"gold":309,"neow_bonus":"TEN_PERCENT_HP_BONUS","is_prod":false,"is_daily":false,"chose_seed":false,"campfire_upgraded":3,"win_rate":0,"timestamp":1558166639,"path_taken":["M","M","M","?","$","E","R","M","T","E","?","R","E","M","R","BOSS","M","M","M","M","M","E","$","R","T","M","R","E","?","E","R","BOSS","M","?","?","?","M","E"],"build_version":"2019-01-23","purchased_purges":1,"victory":false,"max_hp_per_floor":[77,77,77,77,77,77,77,77,77,77,71,71,71,71,71,71,71,71,71,71,71,71,71,71,71,71,71,71,71,71,71,71,71,71,71,71,71,71,71,71],"card_choices":[{"not_picked":["Deadly Poison","Dagger Spray"],"picked":"PiercingWail","floor":1},{"not_picked":["Dodge and Roll","Eviscerate"],"picked":"Malaise","floor":2},{"not_picked":["Sucker Punch","Setup"],"picked":"Skewer","floor":3},{"not_picked":["Catalyst","Tactician"],"picked":"Dash","floor":6},{"not_picked":["Eviscerate","Bane"],"picked":"Deadly Poison","floor":8},{"not_picked":["Expertise","Tactician"],"picked":"Leg Sweep","floor":10},{"not_picked":["Outmaneuver","Bane"],"picked":"Crippling Poison","floor":13},{"not_picked":["Slice","Dagger Throw"],"picked":"Footwork","floor":14},{"not_picked":["Doppelganger","Phantasmal Killer"],"picked":"Tools of the Trade","floor":16},{"not_picked":["Poisoned Stab","Skewer"],"picked":"Cloak And Dagger","floor":18},{"not_picked":["Underhanded Strike","Endless Agony","Outmaneuver"],"picked":"SKIP","floor":19},{"not_picked":["Outmaneuver","Prepared"],"picked":"Bane","floor":20},{"not_picked":["Blade Dance","Cloak And Dagger"],"picked":"Dodge and Roll+1","floor":21},{"not_picked":["Underhanded Strike","Dagger Spray+1"],"picked":"Dodge and Roll+1","floor":22},{"not_picked":["Setup+1","Doppelganger"],"picked":"Dagger Spray","floor":23},{"not_picked":["Quick Slash","Reflex"],"picked":"PiercingWail+1","floor":27},{"not_picked":["Glass Knife","Prepared"],"picked":"Backstab","floor":29},{"not_picked":["Endless Agony","Quick Slash+1"],"picked":"Dodge and Roll","floor":31},{"not_picked":["Grand Finale","Glass Knife"],"picked":"A Thousand Cuts","floor":33},{"not_picked":["Eviscerate+1","Flying Knee","Blade Dance"],"picked":"SKIP","floor":35},{"not_picked":["Outmaneuver","Endless Agony+1"],"picked":"Dagger Throw+1","floor":37},{"not_picked":["Poisoned Stab","Blade Dance+1"],"picked":"Backflip","floor":39}],"player_experience":204925,"relics_obtained":[{"floor":6,"key":"Ornamental Fan"},{"floor":9,"key":"Pantograph"},{"floor":10,"key":"Whetstone"},{"floor":13,"key":"Oddly Smooth Stone"},{"floor":23,"key":"Matryoshka"},{"floor":26,"key":"Blood Vial"},{"floor":26,"key":"Sundial"},{"floor":29,"key":"Snake Skull"},{"floor":31,"key":"Anchor"}],"event_choices":[{"damage_healed":0,"gold_gain":0,"player_choice":"Entered Light","damage_taken":15,"max_hp_gain":0,"max_hp_loss":0,"event_name":"Shining Light","floor":4,"gold_loss":0,"cards_upgraded":["Strike_G","Strike_G"]},{"damage_healed":0,"gold_gain":0,"player_choice":"Lose Max HP","damage_taken":0,"relics_obtained":["Golden Idol"],"max_hp_gain":0,"max_hp_loss":6,"event_name":"Golden Idol","floor":11,"gold_loss":0},{"damage_healed":0,"gold_gain":0,"player_choice":"Obtain J.A.X.","damage_taken":0,"max_hp_gain":0,"max_hp_loss":0,"event_name":"Drug Dealer","floor":30,"gold_loss":0,"cards_obtained":["J.A.X."]},{"damage_healed":0,"gold_gain":0,"player_choice":"Upgraded","damage_taken":0,"max_hp_gain":0,"max_hp_loss":0,"event_name":"Upgrade Shrine","floor":36,"gold_loss":0,"cards_upgraded":["A Thousand Cuts"]},{"cards_removed":["Strike_G"],"damage_healed":0,"gold_gain":0,"player_choice":"Removed Attack","damage_taken":0,"max_hp_gain":0,"max_hp_loss":0,"event_name":"Falling","floor":38,"gold_loss":0}],"is_beta":false,"boss_relics":[{"not_picked":["Fusion Hammer","Calling Bell"],"picked":"Velvet Choker"},{"not_picked":["WristBlade","Snecko Eye"],"picked":"Cursed Key"}],"items_purged_floors":[24],"is_endless":false,"potions_floor_spawned":[2,10,13,14,18,20,21,35],"killed_by":"Reptomancer","ascension_level":4}