{"gold_per_floor":[114,126,126,138,148,183,203,232,259,271,297,309,321],"floor_reached":13,"playtime":993,"items_purged":[],"score":107,"play_id":"50910168-5dd7-4c71-bc2a-d622d3f88e31","local_time":"20181118170024","is_ascension_mode":true,"campfire_choices":[{"data":"Genetic Algorithm","floor":12,"key":"SMITH"}],"neow_cost":"NONE","seed_source_timestamp":226605038977185,"circlet_count":0,"master_deck":["Strike_B","Strike_B","Strike_B","Strike_B","Defend_B","Defend_B","Defend_B","Defend_B","Zap","Dualcast","Amplify","Genetic Algorithm+1","Skim","Conserve Battery","Reinforced Body","Hello World","Loop","Loop","Self Repair"],"relics":["Cracked Core","Regal Pillow","Bottled Flame","MawBank"],"potions_floor_usage":[5,5,8,13],"damage_taken":[{"damage":2,"enemies":"Jaw Worm","floor":1,"turns":4},{"damage":0,"enemies":"Cultist","floor":2,"turns":4},{"damage":0,"enemies":"2 Louse","floor":4,"turns":2},{"damage":9,"enemies":"Lots of Slimes","floor":5,"turns":5},{"damage":20,"enemies":"3 Sentries","floor":6,"turns":10},{"damage":6,"enemies":"Looter","floor":7,"turns":4},{"damage":4,"enemies":"Lagavulin","floor":8,"turns":9},{"damage":0,"enemies":"Large Slime","floor":11,"turns":5},{"damage":54,"enemies":"Gremlin Nob","floor":13,"turns":6}],"seed_played":"-9081714195760041701","potions_obtained":[{"floor":1,"key":"Block Potion"},{"floor":2,"key":"Regen Potion"},{"floor":7,"key":"Ancient Potion"},{"floor":11,"key":"Energy Potion"}],"is_trial":false,"path_per_floor":["M","M","?","M","M","E","M","E","T","?","M","R","E"],"character_chosen":"DEFECT","items_purchased":[],"campfire_rested":0,"item_purchase_floors":[],"current_hp_per_floor":[73,73,66,66,71,51,45,41,41,41,41,41,0],"gold":321,"neow_bonus":"ONE_RANDOM_RARE_CARD","is_prod":false,"is_daily":false,"chose_seed":false,"campfire_upgraded":1,"win_rate":0,"timestamp":1542585624,"path_taken":["M","M","?","M","?","E","M","E","T","?","M","R","E"],"build_version":"2018-11-15","purchased_purges":0,"victory":false,"max_hp_per_floor":[75,75,75,75,75,75,75,75,75,75,75,75,75],"card_choices":[{"not_picked":["Melter","Redo"],"picked":"Genetic Algorithm","floor":1},{"not_picked":["Go for the Eyes","Coolheaded"],"picked":"Skim","floor":2},{"not_picked":["Coolheaded","Streamline"],"picked":"Conserve Battery","floor":4},{"not_picked":["Coolheaded","Scrape"],"picked":"Reinforced Body","floor":5},{"not_picked":["Consume","Aggregate"],"picked":"Hello World","floor":6},{"not_picked":["Ball Lightning","Barrage"],"picked":"Loop","floor":7},{"not_picked":["Rebound","Thunder Strike"],"picked":"Loop","floor":8},{"not_picked":["Redo","Darkness"],"picked":"Self Repair","floor":11}],"player_experience":149148,"relics_obtained":[{"floor":6,"key":"Regal Pillow"},{"floor":8,"key":"Bottled Flame"},{"floor":9,"key":"MawBank"}],"event_choices":[{"damage_healed":0,"gold_gain":0,"player_choice":"Damaged","damage_taken":7,"max_hp_gain":0,"max_hp_loss":0,"event_name":"Wheel of Change","floor":3,"gold_loss":0},{"damage_healed":0,"gold_gain":0,"player_choice":"Bought 0 Potions","damage_taken":0,"max_hp_gain":0,"max_hp_loss":0,"event_name":"The Woman in Blue","floor":10,"gold_loss":0}],"is_beta":false,"boss_relics":[],"items_purged_floors":[],"is_endless":false,"potions_floor_spawned":[1,2,7,11],"killed_by":"Gremlin Nob","ascension_level":2}