{"gold_per_floor":[111,129,129,146,162,162,162,177,201,201],"floor_reached":10,"playtime":352,"items_purged":[],"score":102,"play_id":"dc461e21-c5da-417f-9fe1-3deff52b326b","local_time":"20190507123900","is_ascension_mode":true,"campfire_choices":[{"data":"Genetic Algorithm","floor":6.0,"key":"SMITH"}],"neow_cost":"TEN_PERCENT_HP_LOSS","seed_source_timestamp":101799884733300,"circlet_count":0,"master_deck":["AscendersBane","Strike_B","Strike_B","Strike_B","Defend_B","Defend_B","Defend_B","Defend_B","Zap","Dualcast","Coolheaded","BootSequence","Double Energy","Genetic Algorithm+1","Tempest","Recycle"],"special_seed":0,"relics":["Cracked Core","Mango","Golden Idol","Lantern"],"potions_floor_usage":[10],"damage_taken":[{"damage":3.0,"enemies":"2 Louse","floor":1.0,"turns":3.0},{"damage":8.0,"enemies":"Jaw Worm","floor":2.0,"turns":4.0},{"damage":5.0,"enemies":"Small Slimes","floor":4.0,"turns":4.0},{"damage":4.0,"enemies":"3 Louse","floor":5.0,"turns":4.0},{"damage":8.0,"enemies":"Large Slime","floor":8.0,"turns":6.0},{"damage":47,"enemies":"Gremlin Gang","floor":10,"turns":4}],"seed_played":"-6364842396030392038","potions_obtained":[{"floor":2.0,"key":"Weak Potion"},{"floor":4.0,"key":"SteroidPotion"},{"floor":8.0,"key":"AttackPotion"}],"is_trial":false,"path_per_floor":["M","M","?","M","M","R","?","M","T","M"],"character_chosen":"DEFECT","items_purchased":[],"campfire_rested":0,"item_purchase_floors":[],"current_hp_per_floor":[75,67,67,62,58,58,58,50,50,3],"gold":201,"neow_bonus":"ONE_RARE_RELIC","is_prod":false,"is_daily":false,"chose_seed":false,"campfire_upgraded":1,"win_rate":0,"timestamp":1557225540,"path_taken":["M","M","?","M","M","R","?","M","T","M"],"build_version":"2019-04-23","purchased_purges":0,"victory":false,"max_hp_per_floor":[78,78,78,78,78,78,72,72,72,72],"card_choices":[{"not_picked":["Rebound","Static Discharge"],"picked":"Coolheaded","floor":1.0},{"not_picked":["Hologram","Reprogram"],"picked":"BootSequence","floor":2.0},{"not_picked":["White Noise","Darkness"],"picked":"Genetic Algorithm","floor":4.0},{"not_picked":["Static Discharge","Coolheaded"],"picked":"Tempest","floor":5.0},{"not_picked":["Scrape","Streamline"],"picked":"Recycle","floor":8.0}],"player_experience":586854,"relics_obtained":[{"floor":9.0,"key":"Lantern"}],"event_choices":[{"damage_healed":0.0,"max_hp_gain":0.0,"max_hp_loss":0.0,"gold_gain":0.0,"cards_transformed":["Strike_B"],"event_name":"Living Wall","player_choice":"Change","floor":3.0,"gold_loss":0.0,"damage_taken":0.0,"cards_obtained":["Double Energy"]},{"damage_healed":0.0,"max_hp_gain":0.0,"max_hp_loss":6.0,"gold_gain":0.0,"event_name":"Golden Idol","player_choice":"Lose Max HP","floor":7.0,"gold_loss":0.0,"damage_taken":0.0,"relics_obtained":["Golden Idol"]}],"is_beta":true,"boss_relics":[],"items_purged_floors":[],"is_endless":false,"potions_floor_spawned":[2,4,8],"killed_by":"Gremlin Gang","ascension_level":14}