{"gold_per_floor":[110,121,134,134,151,179,179,193,193,218,228,228,245,274,274,374,374,394,408,424,441,451,484,484,511,534,563,118,138,4,32,32,134,134,152,152,169,185,195,223,223,248,275,294,294,313,32,82,82,82],"floor_reached":50,"playtime":5052,"items_purged":[],"score":950,"play_id":"ff356fb3-1b85-49fa-a922-2e391e5d7393","local_time":"20190510181733","is_ascension_mode":true,"campfire_choices":[{"floor":7,"key":"REST"},{"floor":15,"key":"REST"},{"data":"Corruption","floor":32,"key":"SMITH"},{"data":"Corruption","floor":45,"key":"SMITH"},{"data":"Offering","floor":49,"key":"SMITH"}],"neow_cost":"NONE","seed_source_timestamp":2425590317858477,"circlet_count":0,"master_deck":["Strike_R","Strike_R","Strike_R","Strike_R","Strike_R","Defend_R","Defend_R+1","Defend_R","Pummel","Corruption+1","Fire Breathing","Armaments","Havoc","Feel No Pain","Shockwave","Offering+1","Flex+1","Body Slam","Clash","Flex+1","Heavy Blade+1","Twin Strike","Ghostly","Ghostly","Ghostly","Ghostly","Ghostly+1","Ghostly Armor+1","Inflame","Deep Breath","Warcry+1","Corruption+1","Shrug It Off","Body Slam","Flex","Reaper","Sword Boomerang+1","Bash","Shrug It Off+1","Havoc","Clash+1","Armaments","Warcry+1","Battle Trance+1","Pommel Strike+1","Panache","Dramatic Entrance","Havoc"],"relics":["Burning Blood","NeowsBlessing","Question Card","Dead Branch","Bottled Flame","StoneCalendar","Busted Crown","Turnip","Regal Pillow","Art of War","Blood Vial","Toolbox","Strawberry","Sundial","Empty Cage","Lantern","Oddly Smooth Stone","War Paint","Gambling Chip"],"potions_floor_usage":[5,11,22,23,25,35,35,37,46,48,48],"damage_taken":[{"damage":0,"enemies":"2 Louse","floor":1,"turns":1},{"damage":0,"enemies":"Cultist","floor":2,"turns":1},{"damage":0,"enemies":"Jaw Worm","floor":3,"turns":1},{"damage":25,"enemies":"Gremlin Gang","floor":5,"turns":5},{"damage":55,"enemies":"3 Sentries","floor":6,"turns":8},{"damage":16,"enemies":"3 Louse","floor":8,"turns":3},{"damage":15,"enemies":"Lagavulin","floor":10,"turns":7},{"damage":2,"enemies":"Large Slime","floor":11,"turns":5},{"damage":19,"enemies":"Gremlin Gang","floor":13,"turns":6},{"damage":0,"enemies":"Gremlin Nob","floor":14,"turns":5},{"damage":22,"enemies":"The Guardian","floor":16,"turns":5},{"damage":7,"enemies":"2 Thieves","floor":18,"turns":3},{"damage":6,"enemies":"Spheric Guardian","floor":19,"turns":3},{"damage":12,"enemies":"Snecko","floor":20,"turns":1},{"damage":18,"enemies":"Cultist and Chosen","floor":21,"turns":4},{"damage":19,"enemies":"Snake Plant","floor":22,"turns":2},{"damage":12,"enemies":"Slavers","floor":23,"turns":3},{"damage":19,"enemies":"Gremlin Leader","floor":25,"turns":5},{"damage":4,"enemies":"Slavers","floor":27,"turns":7},{"damage":3,"enemies":"Centurion and Healer","floor":29,"turns":5},{"damage":28,"enemies":"Book of Stabbing","floor":31,"turns":3},{"damage":0,"enemies":"Champ","floor":33,"turns":4},{"damage":29,"enemies":"3 Darklings","floor":35,"turns":7},{"damage":30,"enemies":"3 Shapes","floor":37,"turns":5},{"damage":28,"enemies":"Maw","floor":38,"turns":5},{"damage":15,"enemies":"Sphere and 2 Shapes","floor":39,"turns":3},{"damage":6,"enemies":"Giant Head","floor":40,"turns":6},{"damage":1,"enemies":"Nemesis","floor":42,"turns":7},{"damage":1,"enemies":"4 Shapes","floor":44,"turns":4},{"damage":14,"enemies":"Transient","floor":46,"turns":2},{"damage":10,"enemies":"2 Orb Walkers","floor":48,"turns":5},{"damage":48,"enemies":"Time Eater","floor":50,"turns":2}],"seed_played":"5535469391546802298","potions_obtained":[{"floor":3,"key":"SpeedPotion"},{"floor":10,"key":"Block Potion"},{"floor":14,"key":"LiquidBronze"},{"floor":16,"key":"Fire Potion"},{"floor":18,"key":"SneckoOil"},{"floor":20,"key":"Dexterity Potion"},{"floor":23,"key":"PowerPotion"},{"floor":25,"key":"Dexterity Potion"},{"floor":27,"key":"Ancient Potion"},{"floor":35,"key":"Energy Potion"},{"floor":37,"key":"SteroidPotion"},{"floor":38,"key":"Explosive Potion"},{"floor":39,"key":"Fire Potion"}],"is_trial":false,"path_per_floor":["M","M","M","?","M","E","R","M","T","E","M","?","M","E","R","B",null,"M","M","M","M","M","E","?","E","T","E","$","M","$","E","R","B",null,"M","?","M","M","M","E","?","E","T","M","R","M","$","?","R","B"],"character_chosen":"IRONCLAD","items_purchased":["Toolbox","Strawberry","Deep Breath","Corruption","Shrug It Off","Body Slam","Panache","Dramatic Entrance"],"campfire_rested":2,"item_purchase_floors":[28,28,28,30,30,30,47,47],"current_hp_per_floor":[80,80,80,80,61,12,36,26,26,17,21,21,8,14,38,22,80,79,79,73,61,48,42,40,27,27,29,36,41,41,21,21,29,47,24,24,33,22,39,41,41,47,47,47,47,47,47,43,43,0],"gold":82,"neow_bonus":"THREE_ENEMY_KILL","is_prod":false,"is_daily":false,"chose_seed":false,"campfire_upgraded":3,"win_rate":0,"timestamp":1557533853,"path_taken":["M","M","M","?","M","E","R","M","T","E","?","?","?","E","R","BOSS","M","M","M","M","M","E","?","E","T","E","$","M","$","E","R","BOSS","M","?","M","?","M","E","?","E","T","M","R","M","$","?","R","BOSS"],"build_version":"2019-01-23","purchased_purges":0,"victory":false,"max_hp_per_floor":[80,80,80,80,80,80,80,80,80,80,80,80,80,80,80,80,80,80,80,80,80,80,80,40,40,40,40,47,47,47,47,47,47,47,47,47,47,47,47,47,47,47,47,47,47,47,47,47,47,47],"card_choices":[{"not_picked":["Uppercut","Heavy Blade"],"picked":"Perfected Strike","floor":1},{"not_picked":["True Grit","Second Wind"],"picked":"Perfected Strike","floor":2},{"not_picked":["Blood for Blood","Intimidate"],"picked":"Pummel","floor":3},{"not_picked":["Armaments","Cleave"],"picked":"Corruption","floor":5},{"not_picked":["Berserk","Inflame"],"picked":"Fire Breathing","floor":6},{"not_picked":["Corruption","Uppercut","Disarm"],"picked":"Armaments","floor":8},{"not_picked":["Rampage","Battle Trance","Combust"],"picked":"Havoc","floor":10},{"not_picked":["Dual Wield","Combust","Iron Wave"],"picked":"Clash","floor":11},{"not_picked":["Sword Boomerang","Sentinel","Carnage"],"picked":"Feel No Pain","floor":13},{"not_picked":["Feed","Corruption","Iron Wave"],"picked":"Shockwave","floor":14},{"not_picked":["Immolate","Berserk","Brutality"],"picked":"Offering","floor":16},{"not_picked":["Thunderclap"],"picked":"Flex+1","floor":18},{"not_picked":["Thunderclap"],"picked":"Body Slam","floor":19},{"not_picked":["Reckless Charge"],"picked":"Clash","floor":20},{"not_picked":["True Grit"],"picked":"Flex+1","floor":21},{"not_picked":["Blood for Blood+1"],"picked":"Heavy Blade+1","floor":22},{"not_picked":["Reckless Charge"],"picked":"Twin Strike","floor":23},{"not_picked":["Berserk"],"picked":"Ghostly Armor+1","floor":25},{"not_picked":["Fire Breathing"],"picked":"Inflame","floor":27},{"not_picked":["Iron Wave"],"picked":"Warcry+1","floor":29},{"not_picked":["Sword Boomerang"],"picked":"Flex","floor":31},{"not_picked":["Exhume"],"picked":"Reaper","floor":33},{"not_picked":["Shrug It Off+1"],"picked":"Sword Boomerang+1","floor":35},{"not_picked":["Corruption"],"picked":"Shrug It Off+1","floor":37},{"not_picked":["Twin Strike"],"picked":"Havoc","floor":38},{"not_picked":["True Grit+1"],"picked":"Clash+1","floor":39},{"not_picked":["Rage"],"picked":"Armaments","floor":40},{"not_picked":["Rage+1"],"picked":"Warcry+1","floor":42},{"not_picked":["Clothesline"],"picked":"Battle Trance+1","floor":44},{"not_picked":["Anger"],"picked":"Pommel Strike+1","floor":46},{"not_picked":["Uppercut"],"picked":"Havoc","floor":48}],"player_experience":172501,"relics_obtained":[{"floor":6,"key":"Question Card"},{"floor":9,"key":"Dead Branch"},{"floor":10,"key":"Bottled Flame"},{"floor":14,"key":"StoneCalendar"},{"floor":23,"key":"Turnip"},{"floor":25,"key":"Regal Pillow"},{"floor":26,"key":"Art of War"},{"floor":27,"key":"Blood Vial"},{"floor":31,"key":"Sundial"},{"floor":40,"key":"Lantern"},{"floor":42,"key":"Oddly Smooth Stone"},{"floor":43,"key":"War Paint"},{"floor":48,"key":"Gambling Chip"}],"event_choices":[{"cards_removed":["Defend_R"],"damage_healed":0,"gold_gain":0,"player_choice":"Offered Basic","damage_taken":0,"max_hp_gain":0,"max_hp_loss":0,"event_name":"Bonfire Elementals","floor":4,"gold_loss":0},{"cards_removed":["Bash"],"damage_healed":0,"gold_gain":0,"player_choice":"Purged","damage_taken":0,"max_hp_gain":0,"max_hp_loss":0,"event_name":"Purifier","floor":12,"gold_loss":0},{"damage_healed":0,"gold_gain":0,"player_choice":"Became a Ghost","damage_taken":0,"max_hp_gain":0,"max_hp_loss":40,"event_name":"Ghosts","floor":24,"gold_loss":0,"cards_obtained":["Ghostly","Ghostly","Ghostly","Ghostly","Ghostly"]},{"damage_healed":0,"gold_gain":0,"player_choice":"1 cards matched","damage_taken":0,"max_hp_gain":0,"max_hp_loss":0,"event_name":"Match and Keep!","floor":36,"gold_loss":0,"cards_obtained":["Bash"]},{"cards_removed":["Clash"],"damage_healed":0,"gold_gain":0,"player_choice":"Removed Attack","damage_taken":0,"max_hp_gain":0,"max_hp_loss":0,"event_name":"Falling","floor":41,"gold_loss":0},{"damage_healed":0,"gold_gain":0,"player_choice":"Fight","damage_taken":0,"max_hp_gain":0,"max_hp_loss":0,"event_name":"Mysterious Sphere","floor":48,"gold_loss":0}],"is_beta":false,"boss_relics":[{"not_picked":["Velvet Choker","Eternal Feather"],"picked":"Busted Crown"},{"not_picked":["Astrolabe","Calling Bell"],"picked":"Empty Cage"}],"items_purged_floors":[],"is_endless":false,"potions_floor_spawned":[3,10,14,16,18,20,23,25,27,33,35,37,38,39],"killed_by":"Time Eater","ascension_level":3}