{"gold_per_floor":[118,137,137,62,8,8,42,42,67,80,90,104,104,121,121,121],"floor_reached":16,"playtime":527,"items_purged":[],"score":204,"play_id":"50fe3b13-259c-4429-8228-4224d69dc66f","local_time":"20190515161326","is_ascension_mode":true,"campfire_choices":[{"data":"Juggernaut","floor":6,"key":"SMITH"},{"floor":13,"key":"REST"},{"data":"Armaments","floor":15,"key":"SMITH"}],"neow_cost":"NONE","seed_source_timestamp":23261096751900,"circlet_count":0,"master_deck":["AscendersBane","Strike_R","Strike_R","Defend_R+1","Defend_R","Defend_R+1","Defend_R","Bash","Juggernaut+1","Carnage","Armaments+1","Thunderclap","Anger","Intimidate","Iron Wave","Shrug It Off","Shrug It Off"],"relics":["Burning Blood","Gambling Chip","War Paint"],"potions_floor_usage":[16],"damage_taken":[{"damage":14,"enemies":"Jaw Worm","floor":1,"turns":4},{"damage":4,"enemies":"Small Slimes","floor":2,"turns":4},{"damage":49,"enemies":"3 Sentries","floor":7,"turns":11},{"damage":4,"enemies":"2 Louse","floor":10,"turns":3},{"damage":0,"enemies":"Looter","floor":11,"turns":3},{"damage":0,"enemies":"Red Slaver","floor":12,"turns":4},{"damage":14,"enemies":"Lots of Slimes","floor":14,"turns":4},{"damage":48,"enemies":"Slime Boss","floor":16,"turns":10}],"seed_played":"3793305369313191690","potions_obtained":[{"floor":7,"key":"Fire Potion"},{"floor":10,"key":"Ancient Potion"}],"is_trial":false,"path_per_floor":["M","M","?","?","$","R","E","?","T","M","M","M","R","M","R","B"],"character_chosen":"IRONCLAD","items_purchased":["Thunderclap"],"campfire_rested":1,"item_purchase_floors":[5],"current_hp_per_floor":[60,62,62,62,62,62,19,12,12,14,20,26,48,40,40,0],"gold":121,"neow_bonus":"TRANSFORM_CARD","is_prod":false,"is_daily":false,"chose_seed":false,"campfire_upgraded":2,"win_rate":0,"timestamp":1557929606,"path_taken":["M","M","?","?","?","R","E","?","T","M","M","M","R","M","R","BOSS"],"build_version":"2019-05-07","purchased_purges":0,"victory":false,"max_hp_per_floor":[75,75,75,75,75,75,75,75,75,75,75,75,75,75,75,75],"card_choices":[{"not_picked":["Shrug It Off","Body Slam"],"picked":"Carnage","floor":1},{"not_picked":["Wild Strike","Searing Blow"],"picked":"Armaments","floor":2},{"not_picked":["Corruption","Wild Strike"],"picked":"Anger","floor":7},{"not_picked":["Sword Boomerang","Spot Weakness"],"picked":"Intimidate","floor":10},{"not_picked":["Combust","Sword Boomerang"],"picked":"Iron Wave","floor":11},{"not_picked":["Sentinel","Searing Blow"],"picked":"Shrug It Off","floor":12},{"not_picked":["Dual Wield","Bludgeon"],"picked":"Shrug It Off","floor":14}],"player_experience":716511,"relics_obtained":[{"floor":7,"key":"Gambling Chip"},{"floor":9,"key":"War Paint"}],"event_choices":[{"damage_healed":0,"gold_gain":0,"player_choice":"Ignored","damage_taken":0,"max_hp_gain":0,"max_hp_loss":0,"event_name":"Liars Game","floor":3,"gold_loss":0},{"cards_removed":["Strike_R"],"damage_healed":0,"gold_gain":0,"player_choice":"Card Removal","damage_taken":0,"max_hp_gain":0,"max_hp_loss":0,"event_name":"The Cleric","floor":4,"gold_loss":75},{"cards_removed":["Strike_R"],"damage_healed":0,"gold_gain":0,"player_choice":"Card Removal","damage_taken":7,"max_hp_gain":0,"max_hp_loss":0,"event_name":"Golden Wing","floor":8,"gold_loss":0}],"is_beta":true,"boss_relics":[],"items_purged_floors":[],"is_endless":false,"potions_floor_spawned":[7,10,12],"killed_by":"Slime Boss","ascension_level":20}