{"gold_per_floor":[111,123,138,64,84,84,112,112,112,187,187,217,217,227,227,227],"floor_reached":16,"playtime":596,"items_purged":[],"score":116,"play_id":"6fc36eff-5408-4a5d-8168-cfecc9b80557","local_time":"20190618230101","is_ascension_mode":true,"campfire_choices":[{"data":"Footwork","floor":6.0,"key":"SMITH"},{"data":"Night Terror","floor":8.0,"key":"SMITH"},{"floor":11.0,"key":"REST"},{"floor":15,"key":"RECALL"}],"neow_cost":"NONE","seed_source_timestamp":42557028753321,"circlet_count":0,"master_deck":["Defend_G","Defend_G","Defend_G","Defend_G","Defend_G","Strike_G","Strike_G","Strike_G","Strike_G","Strike_G","Survivor","Neutralize+1","PiercingWail","Blur","Infinite Blades","Footwork+1","Acrobatics","Night Terror+1","Decay","Catalyst"],"special_seed":0,"relics":["Ring of the Snake","Bronze Scales","Matryoshka"],"potions_floor_usage":[],"damage_taken":[{"damage":0.0,"enemies":"Small Slimes","floor":1.0,"turns":3.0},{"damage":4.0,"enemies":"Jaw Worm","floor":2.0,"turns":6.0},{"damage":0.0,"enemies":"Cultist","floor":3.0,"turns":7.0},{"damage":10.0,"enemies":"Looter","floor":5.0,"turns":4.0},{"damage":28.0,"enemies":"Gremlin Nob","floor":7.0,"turns":6.0},{"damage":22,"enemies":"Lagavulin","floor":12,"turns":11},{"damage":9,"enemies":"Blue Slaver","floor":14,"turns":5},{"damage":0,"enemies":"The Guardian","floor":16,"turns":1}],"seed_played":"4067845904792135669","potions_obtained":[{"floor":2.0,"key":"FearPotion"},{"floor":5.0,"key":"AttackPotion"},{"floor":14,"key":"Energy Potion"}],"is_trial":false,"path_per_floor":["M","M","M","$","M","R","E","R","T","?","R","E","?","M","R","B"],"character_chosen":"THE_SILENT","items_purchased":["Footwork"],"campfire_rested":1,"item_purchase_floors":[4],"current_hp_per_floor":[70,66,66,66,56,56,28,28,28,17,38,16,16,7,7,7],"gold":227,"neow_bonus":"UPGRADE_CARD","is_prod":false,"is_daily":false,"chose_seed":false,"campfire_upgraded":2,"win_rate":0,"timestamp":1560924061,"path_taken":["M","M","M","$","M","R","E","R","T","?","R","E","?","M","R","BOSS"],"build_version":"2019-01-23","purchased_purges":0,"victory":false,"max_hp_per_floor":[70,70,70,70,70,70,70,70,70,70,70,70,70,70,70,70],"card_choices":[{"not_picked":["Slice","Riddle With Holes"],"picked":"PiercingWail","floor":1.0},{"not_picked":["Leg Sweep","Skewer"],"picked":"Blur","floor":2.0},{"not_picked":["Flying Knee","Blur"],"picked":"Infinite Blades","floor":3.0},{"not_picked":["Deadly Poison","Flying Knee"],"picked":"Acrobatics","floor":5.0},{"not_picked":["Reflex","Quick Slash"],"picked":"Night Terror","floor":7.0},{"not_picked":["Prepared","Riddle With Holes","Eviscerate"],"picked":"SKIP","floor":12},{"not_picked":["Eviscerate","Endless Agony"],"picked":"Catalyst","floor":14}],"player_experience":350664,"relics_obtained":[{"floor":7.0,"key":"Bronze Scales"},{"floor":12,"key":"Matryoshka"}],"event_choices":[{"damage_healed":0.0,"max_hp_gain":0.0,"max_hp_loss":0.0,"gold_gain":75.0,"event_name":"World of Goop","player_choice":"Gather Gold","floor":10.0,"gold_loss":0.0,"damage_taken":11.0},{"damage_healed":0,"gold_gain":0,"player_choice":"Cursed","damage_taken":0,"max_hp_gain":0,"max_hp_loss":0,"event_name":"Wheel of Change","floor":13,"gold_loss":0,"cards_obtained":["Decay"]}],"is_beta":false,"boss_relics":[],"items_purged_floors":[],"is_endless":false,"potions_floor_spawned":[2,5,14],"killed_by":"The Guardian","ascension_level":1}