{"gold_per_floor":[114,129,144,159,159,189,189,189,189,204,234,249,279,294,294,394,394,409,424,439,454,154,184,184,199,199,214,229,244,274,289,289,389,389,404,419,0,15,30,60,60,60],"floor_reached":42,"playtime":3509,"items_purged":[],"score":625,"play_id":"2c213a68-fb9b-4d50-b44a-096535ae10cc","local_time":"20181001195121","daily_mods":["Chimera","Hoarder","Terminal"],"is_ascension_mode":false,"campfire_choices":[{"data":"Storm","floor":7,"key":"SMITH"},{"data":"Capacitor","floor":15,"key":"SMITH"},{"data":"Capacitor","floor":24,"key":"SMITH"},{"data":"Capacitor","floor":32,"key":"SMITH"}],"neow_cost":"","seed_source_timestamp":0,"circlet_count":0,"master_deck":["Bash","Survivor","Zap","Strike_R","Strike_G","Strike_B","Defend_R","Defend_G","Defend_B","White Noise","White Noise","White Noise","Storm+1","Storm+1","Storm+1","Ball Lightning","Ball Lightning","Ball Lightning","Rip and Tear","Rip and Tear","Rip and Tear+1","Sweeping Beam","Sweeping Beam","Sweeping Beam","Hello World","Hello World","Hello World","Capacitor+1","Capacitor+1","Capacitor+1","Double Energy","Double Energy","Double Energy","Thunder Strike","Thunder Strike","Thunder Strike","Turbo","Turbo","Turbo","Recycle","Recycle","Recycle","Seek","Seek","Seek","Turbo+1","Turbo+1","Turbo+1","Force Field","Force Field","Force Field","Hello World","Hello World","Hello World","Go for the Eyes+1","Go for the Eyes+1","Go for the Eyes+1","Thunder Strike","Thunder Strike","Thunder Strike","Barrage","Barrage","Barrage","Reboot","Reboot","Reboot","Skim+1","Skim+1","Skim+1","Conserve Battery+1","Conserve Battery+1","Conserve Battery+1","All For One","All For One","All For One","Biased Cognition","Biased Cognition","Biased Cognition"],"special_seed":17806,"relics":["Cracked Core","Anchor","Dream Catcher","Pen Nib","Meat on the Bone","Runic Pyramid","Lantern","Blood Vial","Art of War","Sundial","Regal Pillow","White Beast Statue","Red Mask","Bag of Preparation"],"potions_floor_usage":[13,16,20,25,30,38,39,39,40],"damage_taken":[{"damage":0,"enemies":"2 Louse","floor":1,"turns":2},{"damage":0,"enemies":"Cultist","floor":2,"turns":4},{"damage":0,"enemies":"Jaw Worm","floor":3,"turns":3},{"damage":0,"enemies":"2 Fungi Beasts","floor":4,"turns":2},{"damage":8,"enemies":"Lagavulin","floor":6,"turns":3},{"damage":0,"enemies":"Large Slime","floor":10,"turns":2},{"damage":2,"enemies":"Gremlin Nob","floor":11,"turns":3},{"damage":0,"enemies":"Gremlin Gang","floor":12,"turns":3},{"damage":2,"enemies":"3 Sentries","floor":13,"turns":4},{"damage":0,"enemies":"3 Louse","floor":14,"turns":2},{"damage":19,"enemies":"Hexaghost","floor":16,"turns":5},{"damage":0,"enemies":"3 Byrds","floor":18,"turns":3},{"damage":0,"enemies":"Chosen","floor":19,"turns":3},{"damage":0,"enemies":"Shelled Parasite and Fungi","floor":20,"turns":3},{"damage":6,"enemies":"Snake Plant","floor":21,"turns":2},{"damage":7,"enemies":"Gremlin Leader","floor":23,"turns":3},{"damage":0,"enemies":"Sentry and Sphere","floor":25,"turns":2},{"damage":0,"enemies":"Chosen and Byrds","floor":27,"turns":3},{"damage":0,"enemies":"Centurion and Healer","floor":28,"turns":2},{"damage":0,"enemies":"Snecko","floor":29,"turns":2},{"damage":23,"enemies":"Slavers","floor":30,"turns":3},{"damage":6,"enemies":"Snake Plant","floor":31,"turns":2},{"damage":12,"enemies":"Champ","floor":33,"turns":4},{"damage":0,"enemies":"Orb Walker","floor":35,"turns":2},{"damage":33,"enemies":"3 Shapes","floor":36,"turns":2},{"damage":11,"enemies":"Spire Growth","floor":38,"turns":3},{"damage":0,"enemies":"4 Shapes","floor":39,"turns":4},{"damage":12,"enemies":"2 Orb Walkers","floor":40,"turns":4},{"damage":28,"enemies":"Nemesis","floor":42,"turns":2}],"seed_played":"-7174466282255395136","potions_obtained":[{"floor":1,"key":"SteroidPotion"},{"floor":4,"key":"SkillPotion"},{"floor":10,"key":"SpeedPotion"},{"floor":11,"key":"EssenceOfSteel"},{"floor":16,"key":"GamblersBrew"},{"floor":18,"key":"Weak Potion"},{"floor":28,"key":"Regen Potion"},{"floor":29,"key":"LiquidBronze"},{"floor":31,"key":"LiquidBronze"},{"floor":33,"key":"Ancient Potion"},{"floor":36,"key":"SkillPotion"},{"floor":38,"key":"Weak Potion"},{"floor":39,"key":"Strength Potion"},{"floor":40,"key":"Fire Potion"}],"is_trial":false,"path_per_floor":["M","M","M","M","?","E","R","?","T","M","E","M","E","M","R","B",null,"M","M","M","M","$","E","R","M","T","M","M","M","E","M","R","B",null,"M","M","?","M","M","E","?"],"character_chosen":"DEFECT","items_purchased":["Lantern","Blood Vial"],"campfire_rested":0,"item_purchase_floors":[22,22],"current_hp_per_floor":[73,72,71,70,69,61,61,48,48,48,46,46,44,51,51,32,57,56,55,54,48,48,43,43,45,45,47,46,45,34,30,30,32,40,39,18,18,26,28,18,18,0],"gold":60,"neow_bonus":"","is_prod":false,"is_daily":true,"chose_seed":false,"campfire_upgraded":4,"win_rate":0,"timestamp":1538445081,"path_taken":["M","M","M","M","?","E","R","?","T","M","E","M","E","M","R","BOSS","M","M","M","M","$","E","R","M","T","M","M","M","E","M","R","BOSS","M","M","?","M","M","E","?","E"],"build_version":"2018-09-27","purchased_purges":0,"victory":false,"max_hp_per_floor":[73,72,71,70,69,68,67,66,65,64,63,62,61,60,59,58,57,56,55,54,53,52,51,50,49,48,47,46,45,44,43,42,41,40,39,38,37,36,35,34,33,33],"card_choices":[{"not_picked":["Scrape","Cold Snap"],"picked":"White Noise","floor":1},{"not_picked":["Coolheaded","Fusion"],"picked":"Storm","floor":2},{"not_picked":["Leap","White Noise"],"picked":"Ball Lightning","floor":3},{"not_picked":["Beam Cell","Chaos"],"picked":"Rip and Tear","floor":4},{"not_picked":["Go for the Eyes","Stack"],"picked":"Sweeping Beam","floor":6},{"not_picked":["Conserve Battery","Steam"],"picked":"Hello World","floor":10},{"not_picked":["Rebound","Core Surge"],"picked":"Capacitor","floor":11},{"not_picked":["Streamline","Compile Driver","Leap"],"picked":"SKIP","floor":12},{"not_picked":["Rebound","Self Repair"],"picked":"Double Energy","floor":13},{"not_picked":["Redo","Sweeping Beam","Go for the Eyes"],"picked":"SKIP","floor":14},{"not_picked":["Seek","Reboot"],"picked":"Thunder Strike","floor":16},{"not_picked":["Compile Driver+1","Streamline","Sweeping Beam"],"picked":"SKIP","floor":18},{"not_picked":["Beam Cell","Redo"],"picked":"Turbo","floor":19},{"not_picked":["Sweeping Beam","Redo"],"picked":"Recycle","floor":20},{"not_picked":["Gash+1","Sweeping Beam+1"],"picked":"Seek","floor":21},{"not_picked":["Streamline","FTL"],"picked":"Turbo+1","floor":23},{"not_picked":["Steam+1","Go for the Eyes","Buffer"],"picked":"SKIP","floor":25},{"not_picked":["Scrape","Turbo"],"picked":"Force Field","floor":27},{"not_picked":["Coolheaded","Gash+1"],"picked":"Hello World","floor":28},{"not_picked":["Coolheaded","Redo+1"],"picked":"Go for the Eyes+1","floor":29},{"not_picked":["Go for the Eyes","Steam"],"picked":"Thunder Strike","floor":30},{"not_picked":["Lockon","Hello World+1"],"picked":"Barrage","floor":31},{"not_picked":["Meteor Strike","Electrodynamics"],"picked":"Reboot","floor":33},{"not_picked":["Sweeping Beam+1","Conserve Battery"],"picked":"Skim+1","floor":35},{"not_picked":["Rebound","Coolheaded"],"picked":"Conserve Battery+1","floor":36},{"not_picked":["Cold Snap","Hologram+1","Melter+1"],"picked":"SKIP","floor":38},{"not_picked":["Go for the Eyes+1","Leap"],"picked":"All For One","floor":39},{"not_picked":["Streamline+1","Cold Snap"],"picked":"Biased Cognition","floor":40}],"player_experience":15180,"relics_obtained":[{"floor":6,"key":"Anchor"},{"floor":9,"key":"Dream Catcher"},{"floor":11,"key":"Pen Nib"},{"floor":13,"key":"Meat on the Bone"},{"floor":23,"key":"Art of War"},{"floor":26,"key":"Sundial"},{"floor":30,"key":"Regal Pillow"},{"floor":40,"key":"Bag of Preparation"}],"event_choices":[{"event_name":"Upgrade Shrine","player_choice":"Upgraded","floor":5,"damage_taken":0},{"event_name":"Shining Light","player_choice":"Entered Light","floor":8,"damage_taken":0},{"event_name":"Tomb of Lord Red Mask","player_choice":"Paid","floor":37,"damage_taken":0},{"event_name":"SensoryStone","player_choice":"Memory 1","floor":41,"damage_taken":0}],"is_beta":false,"boss_relics":[{"not_picked":["Busted Crown","Tiny House"],"picked":"Runic Pyramid"},{"not_picked":["Snecko Eye","FrozenCore"],"picked":"White Beast Statue"}],"items_purged_floors":[],"is_endless":false,"potions_floor_spawned":[1,4,10,11,16,18,28,29,31,33,35,36,38,39,40],"killed_by":"Nemesis","ascension_level":0}