{"gold_per_floor":[112,130,130,148,33,33,60,60,60,60,80,80,97,126,126,126],"floor_reached":16,"playtime":448,"items_purged":[],"score":216,"play_id":"4c25fbbb-6ca1-4fe0-801a-a42241ff8a95","local_time":"20190626125245","is_ascension_mode":true,"campfire_choices":[{"data":"Noxious Fumes","floor":6,"key":"SMITH"},{"floor":8,"key":"REST"},{"data":"Neutralize","floor":10,"key":"SMITH"},{"floor":12,"key":"REST"},{"floor":15,"key":"REST"}],"neow_cost":"NONE","seed_source_timestamp":213848196630800,"circlet_count":0,"master_deck":["AscendersBane","Strike_G","Strike_G","Strike_G","Strike_G","Defend_G","Defend_G","Defend_G","Defend_G","Defend_G","Survivor","Neutralize+1","Sucker Punch","Caltrops","Blur","Noxious Fumes+1","Poisoned Stab","Blade Dance","PiercingWail","Well Laid Plans","Wraith Form v2"],"relics":["Ring of the Snake","Lantern","Blue Candle","Bag of Preparation","Odd Mushroom","Blood Vial"],"potions_floor_usage":[7,14,14,16],"damage_taken":[{"damage":7,"enemies":"Small Slimes","floor":1,"turns":4},{"damage":3,"enemies":"Cultist","floor":2,"turns":4},{"damage":3,"enemies":"2 Louse","floor":4,"turns":4},{"damage":31,"enemies":"3 Sentries","floor":7,"turns":8},{"damage":16,"enemies":"The Mushroom Lair","floor":11,"turns":5},{"damage":3,"enemies":"Exordium Wildlife","floor":13,"turns":5},{"damage":21,"enemies":"Gremlin Nob","floor":14,"turns":4},{"damage":51,"enemies":"Slime Boss","floor":16,"turns":9}],"seed_played":"2349573882644397410","potions_obtained":[{"floor":1,"key":"Swift Potion"},{"floor":4,"key":"GamblersBrew"},{"floor":13,"key":"Block Potion"},{"floor":14,"key":"Regen Potion"}],"is_trial":false,"path_per_floor":["M","M","?","M","$","R","E","R","T","R","?","R","M","E","R","B"],"character_chosen":"THE_SILENT","items_purchased":["Noxious Fumes","Poisoned Stab"],"campfire_rested":3,"item_purchase_floors":[5,5],"current_hp_per_floor":[52,49,49,46,46,46,15,34,34,34,18,37,34,13,32,0],"gold":126,"neow_bonus":"RANDOM_COMMON_RELIC","is_prod":false,"is_daily":false,"chose_seed":false,"campfire_upgraded":2,"win_rate":0,"timestamp":1561546365,"path_taken":["M","M","?","M","?","R","E","R","T","R","?","R","M","E","R","BOSS"],"build_version":"2019-06-24","purchased_purges":0,"victory":false,"max_hp_per_floor":[66,66,66,66,66,66,66,66,66,66,66,66,66,66,66,66],"card_choices":[{"not_picked":["Setup","Bouncing Flask"],"picked":"Sucker Punch","floor":1},{"not_picked":["Dodge and Roll","Flying Knee"],"picked":"Caltrops","floor":2},{"not_picked":["Bane","Accuracy"],"picked":"Blur","floor":4},{"not_picked":["Bane","Phantasmal Killer"],"picked":"Blade Dance","floor":7},{"not_picked":["Quick Slash","Accuracy"],"picked":"PiercingWail","floor":11},{"not_picked":["Poisoned Stab","Outmaneuver"],"picked":"Well Laid Plans","floor":13},{"not_picked":["Cloak And Dagger","Heel Hook"],"picked":"Wraith Form v2","floor":14}],"player_experience":893771,"relics_obtained":[{"floor":7,"key":"Blue Candle"},{"floor":9,"key":"Bag of Preparation"},{"floor":11,"key":"Odd Mushroom"},{"floor":14,"key":"Blood Vial"}],"event_choices":[{"cards_removed":["Strike_G"],"damage_healed":0,"gold_gain":0,"player_choice":"Purged","damage_taken":0,"max_hp_gain":0,"max_hp_loss":0,"event_name":"Purifier","floor":3,"gold_loss":0},{"damage_healed":0,"gold_gain":0,"player_choice":"Fought Mushrooms","damage_taken":0,"max_hp_gain":0,"max_hp_loss":0,"event_name":"Mushrooms","floor":11,"gold_loss":0}],"is_beta":true,"boss_relics":[],"items_purged_floors":[],"is_endless":false,"potions_floor_spawned":[1,4,13,14],"killed_by":"Slime Boss","ascension_level":20}