{"gold_per_floor":[112,112,132,151,167,167,198,198,198,217,234,234,268,287,287,287],"floor_reached":16,"playtime":480,"items_purged":[],"score":228,"play_id":"80be7afb-e4fc-4c80-9f95-c761224c3025","local_time":"20190515215719","is_ascension_mode":true,"campfire_choices":[{"data":"Bash","floor":6,"key":"SMITH"},{"data":"Inflame","floor":8,"key":"SMITH"},{"data":"Shrug It Off","floor":15,"key":"SMITH"}],"neow_cost":"NONE","seed_source_timestamp":9648458522300,"circlet_count":0,"master_deck":["AscendersBane","Strike_R","Strike_R","Strike_R","Strike_R","Strike_R","Defend_R","Defend_R","Defend_R","Defend_R","Bash+1","Reckless Charge","Pommel Strike","Inflame+1","Whirlwind","Shrug It Off+1","Exhume","Pain","Intimidate"],"relics":["Burning Blood","Smiling Mask","Meat on the Bone","WarpedTongs","Bottled Tornado"],"potions_floor_usage":[7,16,16],"damage_taken":[{"damage":16,"enemies":"Jaw Worm","floor":1,"turns":5},{"damage":1,"enemies":"Cultist","floor":3,"turns":3},{"damage":0,"enemies":"2 Louse","floor":4,"turns":3},{"damage":16,"enemies":"Blue Slaver","floor":5,"turns":3},{"damage":15,"enemies":"3 Sentries","floor":7,"turns":4},{"damage":7,"enemies":"3 Louse","floor":10,"turns":2},{"damage":23,"enemies":"Large Slime","floor":11,"turns":5},{"damage":29,"enemies":"Lagavulin","floor":13,"turns":7},{"damage":3,"enemies":"2 Fungi Beasts","floor":14,"turns":3},{"damage":59,"enemies":"The Guardian","floor":16,"turns":10}],"seed_played":"1971300204304573264","potions_obtained":[{"floor":1,"key":"GamblersBrew"},{"floor":5,"key":"Explosive Potion"},{"floor":11,"key":"FairyPotion"},{"floor":14,"key":"Swift Potion"}],"is_trial":false,"path_per_floor":["M","?","M","M","M","R","E","R","T","M","M","?","E","M","R","B"],"character_chosen":"IRONCLAD","items_purchased":[],"campfire_rested":0,"item_purchase_floors":[],"current_hp_per_floor":[58,85,85,85,75,75,66,66,66,65,60,60,49,52,52,0],"gold":287,"neow_bonus":"ONE_RANDOM_RARE_CARD","is_prod":false,"is_daily":false,"chose_seed":false,"campfire_upgraded":3,"win_rate":0,"timestamp":1557950239,"path_taken":["M","?","M","?","M","R","E","R","T","M","M","?","E","?","R","BOSS"],"build_version":"2019-05-07","purchased_purges":0,"victory":false,"max_hp_per_floor":[75,85,85,85,85,85,85,85,85,85,85,85,85,85,85,85],"card_choices":[{"not_picked":["Entrench","Flame Barrier"],"picked":"Reckless Charge","floor":1},{"not_picked":["Flex","Ghostly Armor"],"picked":"Pommel Strike","floor":3},{"not_picked":["Ghostly Armor","Pommel Strike"],"picked":"Inflame","floor":4},{"not_picked":["Ghostly Armor","Perfected Strike"],"picked":"Whirlwind","floor":5},{"not_picked":["Sever Soul","Heavy Blade"],"picked":"Shrug It Off","floor":7},{"not_picked":["Power Through","Flex","Anger"],"picked":"SKIP","floor":10},{"not_picked":["Warcry","Wild Strike"],"picked":"Exhume","floor":11},{"not_picked":["True Grit","Iron Wave"],"picked":"Intimidate","floor":13},{"not_picked":["Perfected Strike","Twin Strike","Dual Wield"],"picked":"SKIP","floor":14}],"player_experience":721730,"relics_obtained":[{"floor":7,"key":"Smiling Mask"},{"floor":9,"key":"Meat on the Bone"},{"floor":13,"key":"Bottled Tornado"}],"event_choices":[{"cards_removed":["Juggernaut"],"damage_healed":17,"gold_gain":0,"player_choice":"Offered Rare","damage_taken":0,"max_hp_gain":10,"max_hp_loss":0,"event_name":"Bonfire Elementals","floor":2,"gold_loss":0},{"damage_healed":0,"gold_gain":0,"player_choice":"Rummage","damage_taken":0,"relics_obtained":["WarpedTongs"],"max_hp_gain":0,"max_hp_loss":0,"event_name":"Accursed Blacksmith","floor":12,"gold_loss":0,"cards_obtained":["Pain"]}],"is_beta":true,"boss_relics":[],"items_purged_floors":[],"is_endless":false,"potions_floor_spawned":[1,5,11,14],"killed_by":"The Guardian","ascension_level":20}