{"gold_per_floor":[114,132,132,148,148,148,176,193,193,204,204,223,125,190,190,264,264,275,275,299,281,181,211,211,211],"floor_reached":25,"playtime":1097,"items_purged":["Strike_B","Strike_B"],"score":443,"play_id":"80cd3a89-ce52-4843-a402-889e6b147353","local_time":"20190507123150","is_ascension_mode":true,"campfire_choices":[{"data":"Defragment","floor":6,"key":"SMITH"},{"floor":15,"key":"REST"}],"neow_cost":"NONE","seed_source_timestamp":100688354609600,"circlet_count":0,"master_deck":["AscendersBane","Strike_B","Defend_B","Defend_B","Defend_B","Defend_B","Zap","Dualcast","Defragment+1","White Noise","Sweeping Beam","Coolheaded","Recycle","Hologram","Fusion","Ball Lightning","Conserve Battery","Steam","Reboot","Chill","Ghostly","Ghostly","Ghostly","Ghostly","Ghostly","Meteor Strike"],"relics":["Cracked Core","WarpedTongs","Pantograph","Frozen Egg 2","Cables","Nuclear Battery","Vajra","Omamori"],"potions_floor_usage":[7,14,16,23,23],"damage_taken":[{"damage":0,"enemies":"Small Slimes","floor":1,"turns":3},{"damage":2,"enemies":"Jaw Worm","floor":2,"turns":3},{"damage":1,"enemies":"Cultist","floor":4,"turns":3},{"damage":9,"enemies":"Lagavulin","floor":7,"turns":7},{"damage":6,"enemies":"Large Slime","floor":8,"turns":6},{"damage":22,"enemies":"Lots of Slimes","floor":10,"turns":3},{"damage":9,"enemies":"Exordium Wildlife","floor":12,"turns":4},{"damage":8,"enemies":"3 Sentries","floor":14,"turns":5},{"damage":25,"enemies":"The Guardian","floor":16,"turns":10},{"damage":5,"enemies":"Shell Parasite","floor":18,"turns":9},{"damage":0,"enemies":"2 Thieves","floor":21,"turns":4},{"damage":33,"enemies":"Gremlin Leader","floor":23,"turns":8},{"damage":2,"enemies":"Shelled Parasite and Fungi","floor":25,"turns":1}],"seed_played":"7559814380212343589","potions_obtained":[{"floor":1,"key":"Dexterity Potion"},{"floor":2,"key":"Poison Potion"},{"floor":12,"key":"Explosive Potion"},{"floor":14,"key":"GamblersBrew"},{"floor":16,"key":"SkillPotion"}],"is_trial":false,"path_per_floor":["M","M","?","M","?","R","E","M","T","M","?","M","$","?","R","B",null,"M","?","T","M","$","E","?","M"],"character_chosen":"DEFECT","items_purchased":["Conserve Battery"],"campfire_rested":1,"item_purchase_floors":[13],"current_hp_per_floor":[64,62,62,61,61,61,52,46,46,24,24,15,15,7,28,28,60,55,35,35,35,35,2,2,0],"gold":211,"neow_bonus":"THREE_CARDS","is_prod":false,"is_daily":false,"chose_seed":false,"campfire_upgraded":1,"win_rate":0,"timestamp":1557225110,"path_taken":["M","M","?","M","?","R","E","M","T","?","?","?","$","?","R","BOSS","M","?","?","?","$","E","?","M"],"build_version":"2019-04-23","purchased_purges":2,"victory":false,"max_hp_per_floor":[71,71,71,71,71,71,71,71,71,71,71,71,71,71,71,71,71,71,35,35,35,35,35,35,35],"card_choices":[{"not_picked":["Coolheaded","Rebound"],"picked":"Defragment","floor":0},{"not_picked":["Hello World","Stack"],"picked":"White Noise","floor":1},{"not_picked":["Rebound","Steam Power"],"picked":"Sweeping Beam","floor":2},{"not_picked":["Steam Power","Barrage"],"picked":"Coolheaded","floor":4},{"not_picked":["Redo","Hologram"],"picked":"Recycle","floor":7},{"not_picked":["Melter","Redo"],"picked":"Hologram","floor":8},{"not_picked":["Stack","Undo"],"picked":"Fusion","floor":10},{"not_picked":["Seek","Rebound"],"picked":"Ball Lightning","floor":12},{"not_picked":["Leap","Doom and Gloom"],"picked":"Steam","floor":14},{"not_picked":["All For One","Amplify"],"picked":"Reboot","floor":16},{"not_picked":["Streamline","Stack"],"picked":"Chill","floor":18},{"not_picked":["Hologram","Heatsinks+1","Steam"],"picked":"SKIP","floor":21},{"not_picked":["Rebound","Redo"],"picked":"Meteor Strike","floor":23}],"player_experience":585757,"relics_obtained":[{"floor":7,"key":"Pantograph"},{"floor":9,"key":"Frozen Egg 2"},{"floor":14,"key":"Cables"},{"floor":20,"key":"Vajra"},{"floor":23,"key":"Omamori"}],"event_choices":[{"cards_removed":["Strike_B"],"damage_healed":0,"gold_gain":0,"player_choice":"Forget","damage_taken":0,"max_hp_gain":0,"max_hp_loss":0,"event_name":"Living Wall","floor":3,"gold_loss":0},{"damage_healed":0,"gold_gain":0,"player_choice":"Rummage","damage_taken":0,"relics_obtained":["WarpedTongs"],"max_hp_gain":0,"max_hp_loss":0,"event_name":"Accursed Blacksmith","floor":5,"gold_loss":0,"cards_obtained":["Pain"]},{"cards_removed":["Pain"],"damage_healed":0,"gold_gain":0,"player_choice":"Removed Curses","damage_taken":0,"max_hp_gain":0,"max_hp_loss":0,"event_name":"Fountain of Cleansing","floor":11,"gold_loss":0},{"damage_healed":0,"gold_gain":0,"player_choice":"Searched \u00272\u0027 times","damage_taken":0,"max_hp_gain":0,"max_hp_loss":0,"event_name":"Dead Adventurer","floor":14,"gold_loss":0},{"damage_healed":0,"gold_gain":0,"player_choice":"Became a Ghost","damage_taken":0,"max_hp_gain":0,"max_hp_loss":36,"event_name":"Ghosts","floor":19,"gold_loss":0,"cards_obtained":["Ghostly","Ghostly","Ghostly","Ghostly","Ghostly"]},{"damage_healed":0,"gold_gain":0,"player_choice":"Ignored","damage_taken":0,"max_hp_gain":0,"max_hp_loss":0,"event_name":"Cursed Tome","floor":24,"gold_loss":0}],"is_beta":true,"boss_relics":[{"not_picked":["Busted Crown","Black Star"],"picked":"Nuclear Battery"}],"items_purged_floors":[13,22],"is_endless":false,"potions_floor_spawned":[1,2,12,14,16,18],"killed_by":"Shelled Parasite and Fungi","ascension_level":14}