{"gold_per_floor":[118,134,134,145,145,145,176,193,193,204,169,11,31,31,31,108,108,78,95,95],"floor_reached":20,"playtime":685,"items_purged":[],"score":352,"play_id":"76c0210a-ac18-4a91-b3c1-ca156e44fec5","local_time":"20190614003005","is_ascension_mode":true,"campfire_choices":[{"data":"Neutralize","floor":6,"key":"SMITH"},{"data":"Finisher","floor":15,"key":"SMITH"}],"neow_cost":"NONE","seed_source_timestamp":51746127903200,"circlet_count":0,"master_deck":["AscendersBane","Strike_G","Strike_G","Strike_G","Defend_G+1","Defend_G+1","Defend_G","Defend_G","Defend_G","Survivor","Neutralize+1","Heel Hook","Poisoned Stab","Finisher+1","Infinite Blades","Slice","Accuracy","Caltrops","Adrenaline","Endless Agony"],"relics":["Ring of the Serpent","Bird Faced Urn","Meat on the Bone","War Paint","Pear"],"potions_floor_usage":[7,7,20],"damage_taken":[{"damage":2,"enemies":"Small Slimes","floor":1,"turns":4},{"damage":4,"enemies":"Jaw Worm","floor":2,"turns":5},{"damage":4,"enemies":"Cultist","floor":4,"turns":4},{"damage":47,"enemies":"Lagavulin","floor":7,"turns":8},{"damage":0,"enemies":"Large Slime","floor":8,"turns":5},{"damage":0,"enemies":"Blue Slaver","floor":10,"turns":1},{"damage":14,"enemies":"Exordium Thugs","floor":13,"turns":5},{"damage":56,"enemies":"Slime Boss","floor":16,"turns":15},{"damage":12,"enemies":"2 Thieves","floor":18,"turns":4},{"damage":22,"enemies":"Shell Parasite","floor":19,"turns":4},{"damage":52,"enemies":"3 Cultists","floor":20,"turns":4}],"seed_played":"-1569879413785992973","potions_obtained":[{"floor":1,"key":"Swift Potion"},{"floor":4,"key":"EssenceOfSteel"},{"floor":13,"key":"LiquidBronze"}],"is_trial":false,"path_per_floor":["M","M","?","M","?","R","E","M","T","M","?","$","M","T","R","B",null,"M","M","M"],"character_chosen":"THE_SILENT","items_purchased":["War Paint"],"campfire_rested":0,"item_purchase_floors":[12],"current_hp_per_floor":[63,59,59,55,55,55,8,10,10,22,40,40,42,52,52,14,65,59,43,0],"gold":95,"neow_bonus":"TEN_PERCENT_HP_BONUS","is_prod":false,"is_daily":false,"chose_seed":false,"campfire_upgraded":2,"win_rate":0,"timestamp":1560465005,"path_taken":["M","M","?","M","?","R","E","?","T","M","?","$","M","?","R","BOSS","M","M","M"],"build_version":"2019-06-12","purchased_purges":0,"victory":false,"max_hp_per_floor":[72,72,72,72,72,72,72,72,72,72,72,72,72,82,82,82,82,82,82,82],"card_choices":[{"not_picked":["Caltrops","Blade Dance"],"picked":"Heel Hook","floor":1},{"not_picked":["Blade Dance","Predator"],"picked":"Poisoned Stab","floor":2},{"not_picked":["Prepared","Dodge and Roll"],"picked":"Finisher","floor":4},{"not_picked":["Deadly Poison","Outmaneuver"],"picked":"Infinite Blades","floor":7},{"not_picked":["Blade Dance","Prepared"],"picked":"Slice","floor":8},{"not_picked":["Flechettes","Deadly Poison"],"picked":"Accuracy","floor":10},{"not_picked":["Dagger Throw","Phantasmal Killer"],"picked":"Caltrops","floor":13},{"not_picked":["Envenom","Venomology"],"picked":"Adrenaline","floor":16},{"not_picked":["Masterful Stab","Dash"],"picked":"Endless Agony","floor":18},{"not_picked":["Distraction","Flying Knee+1","Poisoned Stab"],"picked":"SKIP","floor":19}],"player_experience":829360,"relics_obtained":[{"floor":7,"key":"Bird Faced Urn"},{"floor":9,"key":"Meat on the Bone"},{"floor":14,"key":"Pear"}],"event_choices":[{"cards_removed":["Strike_G"],"damage_healed":0,"gold_gain":0,"player_choice":"Forget","damage_taken":0,"max_hp_gain":0,"max_hp_loss":0,"event_name":"Living Wall","floor":3,"gold_loss":0},{"cards_removed":["Strike_G"],"damage_healed":0,"gold_gain":0,"player_choice":"Purged","damage_taken":0,"max_hp_gain":0,"max_hp_loss":0,"event_name":"Purifier","floor":5,"gold_loss":0},{"damage_healed":18,"gold_gain":0,"player_choice":"Healed","damage_taken":0,"max_hp_gain":0,"max_hp_loss":0,"event_name":"The Cleric","floor":11,"gold_loss":35}],"is_beta":true,"boss_relics":[{"not_picked":["White Beast Statue","Black Star"],"picked":"Ring of the Serpent"}],"items_purged_floors":[],"is_endless":false,"potions_floor_spawned":[1,4,13],"killed_by":"3 Cultists","ascension_level":20}