{"gold_per_floor":[115,134,151,169,185,185,185,185,259,284,295,309,339,357,357,435,435,435,435,435,435,59,59,59],"floor_reached":24,"playtime":963,"items_purged":["Strike_R"],"score":424,"play_id":"4e3c1a90-c21b-4fe7-a699-ea497198d55c","local_time":"20190515101653","is_ascension_mode":true,"campfire_choices":[{"data":"Uppercut","floor":6,"key":"SMITH"},{"data":"Bash","floor":8,"key":"SMITH"},{"data":"Havoc","floor":15,"key":"SMITH"},{"data":"Feed","floor":23,"key":"SMITH"}],"neow_cost":"NONE","seed_source_timestamp":1431409279900,"circlet_count":0,"master_deck":["AscendersBane","Strike_R","Strike_R","Strike_R","Strike_R","Defend_R","Defend_R","Defend_R","Defend_R","Bash+1","Feel No Pain","Shrug It Off","Twin Strike","Rampage","Uppercut+1","Body Slam+1","Feed+1","Havoc+1","Fire Breathing","Ghostly Armor","Intimidate","Bludgeon","Flame Barrier","Sentinel","Impervious"],"relics":["Burning Blood","Meat on the Bone","Bird Faced Urn","Bag of Preparation","Ectoplasm","ClockworkSouvenir"],"potions_floor_usage":[13,16,16],"damage_taken":[{"damage":6,"enemies":"2 Louse","floor":1,"turns":4},{"damage":7,"enemies":"Cultist","floor":2,"turns":4},{"damage":4,"enemies":"Jaw Worm","floor":3,"turns":5},{"damage":0,"enemies":"2 Fungi Beasts","floor":4,"turns":3},{"damage":14,"enemies":"Blue Slaver","floor":5,"turns":5},{"damage":56,"enemies":"Lagavulin","floor":10,"turns":7},{"damage":5,"enemies":"Large Slime","floor":11,"turns":6},{"damage":3,"enemies":"Red Slaver","floor":12,"turns":3},{"damage":15,"enemies":"3 Sentries","floor":13,"turns":7},{"damage":13,"enemies":"3 Louse","floor":14,"turns":5},{"damage":60,"enemies":"Hexaghost","floor":16,"turns":10},{"damage":20,"enemies":"Spheric Guardian","floor":18,"turns":5},{"damage":24,"enemies":"Shell Parasite","floor":20,"turns":6},{"damage":23,"enemies":"Snake Plant","floor":21,"turns":5},{"damage":53,"enemies":"Gremlin Leader","floor":24,"turns":5}],"seed_played":"3373832229858999919","potions_obtained":[{"floor":3,"key":"SkillPotion"},{"floor":5,"key":"PowerPotion"},{"floor":13,"key":"Regen Potion"},{"floor":16,"key":"SteroidPotion"},{"floor":20,"key":"SteroidPotion"}],"is_trial":false,"path_per_floor":["M","M","M","M","M","R","?","R","T","E","M","M","E","M","R","B",null,"M","?","M","M","$","R","E"],"character_chosen":"IRONCLAD","items_purchased":["Impervious","ClockworkSouvenir"],"campfire_rested":0,"item_purchase_floors":[22,22],"current_hp_per_floor":[68,67,69,75,67,67,67,67,67,29,44,47,47,56,56,33,67,57,50,48,47,47,47,0],"gold":59,"neow_bonus":"THREE_CARDS","is_prod":false,"is_daily":false,"chose_seed":false,"campfire_upgraded":4,"win_rate":0,"timestamp":1557908213,"path_taken":["M","M","M","M","M","R","?","R","T","E","M","M","E","M","R","BOSS","M","?","M","M","$","R","E"],"build_version":"2019-05-07","purchased_purges":1,"victory":false,"max_hp_per_floor":[75,75,75,75,75,75,75,75,75,75,75,75,78,78,78,78,78,78,78,78,78,78,78,78],"card_choices":[{"not_picked":["Iron Wave","Wild Strike"],"picked":"Feel No Pain","floor":0},{"not_picked":["True Grit","Iron Wave"],"picked":"Shrug It Off","floor":1},{"not_picked":["Iron Wave","Entrench"],"picked":"Twin Strike","floor":2},{"not_picked":["Armaments","Berserk"],"picked":"Rampage","floor":3},{"not_picked":["Twin Strike","Shrug It Off"],"picked":"Uppercut","floor":4},{"not_picked":["Clash","Iron Wave"],"picked":"Body Slam","floor":5},{"not_picked":["Shrug It Off","Combust"],"picked":"Feed","floor":10},{"not_picked":["Anger","Headbutt"],"picked":"Havoc","floor":11},{"not_picked":["Anger","Flex"],"picked":"Fire Breathing","floor":12},{"not_picked":["Metallicize","Twin Strike"],"picked":"Ghostly Armor","floor":13},{"not_picked":["Iron Wave","Heavy Blade"],"picked":"Intimidate","floor":14},{"not_picked":["Double Tap","Brutality"],"picked":"Bludgeon","floor":16},{"not_picked":["Dual Wield","Havoc","Sword Boomerang"],"picked":"SKIP","floor":18},{"not_picked":["Flex","Wild Strike"],"picked":"Flame Barrier","floor":20},{"not_picked":["Wild Strike","Bloodletting+1"],"picked":"Sentinel","floor":21}],"player_experience":711600,"relics_obtained":[{"floor":9,"key":"Meat on the Bone"},{"floor":10,"key":"Bird Faced Urn"},{"floor":13,"key":"Bag of Preparation"}],"event_choices":[{"damage_healed":0,"gold_gain":0,"player_choice":"Upgraded","damage_taken":0,"max_hp_gain":0,"max_hp_loss":0,"event_name":"Upgrade Shrine","floor":7,"gold_loss":0,"cards_upgraded":["Body Slam"]},{"damage_healed":0,"gold_gain":50,"player_choice":"Touch","damage_taken":7,"max_hp_gain":0,"max_hp_loss":0,"event_name":"FaceTrader","floor":19,"gold_loss":0}],"is_beta":true,"boss_relics":[{"not_picked":["Philosopher\u0027s Stone","Busted Crown"],"picked":"Ectoplasm"}],"items_purged_floors":[22],"is_endless":false,"potions_floor_spawned":[3,5,11,13,16,20],"killed_by":"Gremlin Leader","ascension_level":20}