{"gold_per_floor":[110,126,138,148,98,98,132,132,132,132,148,174,174,187,187,289,289,305,305,305,305,275,275,310,310,310,182,214,224,239,252,252,357,407,424,120,133,145,195,195,230,230,230,242,45,75,75,75,75,75,75,75,75,107,107],"floor_reached":55,"playtime":2896,"items_purged":["Strike_R","Strike_R","Strike_R"],"score":864,"play_id":"a8ccc264-08c2-4d11-9af3-6c3256e69bfb","local_time":"20190618120521","is_ascension_mode":true,"campfire_choices":[{"data":"Rampage","floor":6.0,"key":"SMITH"},{"data":"Armaments","floor":8.0,"key":"SMITH"},{"data":"Shrug It Off","floor":10.0,"key":"SMITH"},{"data":"Iron Wave","floor":15.0,"key":"SMITH"},{"data":"RitualDagger","floor":23.0,"key":"SMITH"},{"data":"Corruption","floor":25.0,"key":"SMITH"},{"data":"Shockwave","floor":32.0,"key":"SMITH"},{"floor":40,"key":"RECALL"},{"data":"Feel No Pain","floor":42,"key":"SMITH"},{"data":"Sword Boomerang","floor":47,"key":"SMITH"},{"data":"Clothesline","floor":49,"key":"SMITH"},{"data":"Sword Boomerang","floor":52,"key":"SMITH"}],"neow_cost":"NONE","seed_source_timestamp":25631043128518,"circlet_count":0,"master_deck":["Strike_R","Defend_R","Defend_R","Defend_R","Defend_R+1","Bash","Trip","Sword Boomerang+1","Shrug It Off+1","Iron Wave+1","Rampage+1","Armaments+1","Clothesline+1","Feel No Pain+1","Exhume","Shockwave+1","Ghostly","Ghostly","Ghostly","Ghostly","Ghostly","RitualDagger+1","Pummel","Corruption+1","Headbutt","Carnage+1","Sword Boomerang+1","Armaments+1","Shrug It Off","Impervious","Sword Boomerang+1","Twin Strike+1","Headbutt","Exhume","Ghostly Armor+1","Armaments+1","Ghostly Armor+1","Dropkick","Fire Breathing+1","Madness","Madness","Sentinel+1"],"special_seed":0,"relics":["Burning Blood","Shuriken","Paper Frog","Philosopher\u0027s Stone","Centennial Puzzle","Red Skull","Letter Opener","Tiny House","Strange Spoon","Magic Flower","Ginger","Gremlin Horn","Bottled Flame","Mummified Hand"],"potions_floor_usage":[50,50],"damage_taken":[{"damage":4.0,"enemies":"Jaw Worm","floor":1.0,"turns":4.0},{"damage":9.0,"enemies":"Small Slimes","floor":2.0,"turns":3.0},{"damage":0.0,"enemies":"2 Louse","floor":3.0,"turns":3.0},{"damage":7.0,"enemies":"Blue Slaver","floor":4.0,"turns":3.0},{"damage":45.0,"enemies":"3 Sentries","floor":7.0,"turns":15.0},{"damage":0.0,"enemies":"2 Fungi Beasts","floor":11.0,"turns":4.0},{"damage":22.0,"enemies":"Gremlin Nob","floor":12.0,"turns":4.0},{"damage":9.0,"enemies":"Red Slaver","floor":14.0,"turns":3.0},{"damage":20.0,"enemies":"The Guardian","floor":16.0,"turns":12.0},{"damage":24.0,"enemies":"3 Byrds","floor":18.0,"turns":5.0},{"damage":3.0,"enemies":"2 Thieves","floor":22.0,"turns":5.0},{"damage":0.0,"enemies":"Slavers","floor":24.0,"turns":7.0},{"damage":9.0,"enemies":"Book of Stabbing","floor":28.0,"turns":6.0},{"damage":2.0,"enemies":"3 Cultists","floor":29.0,"turns":7.0},{"damage":15.0,"enemies":"Snecko","floor":30.0,"turns":6.0},{"damage":7.0,"enemies":"Cultist and Chosen","floor":31.0,"turns":5.0},{"damage":6.0,"enemies":"Automaton","floor":33.0,"turns":10.0},{"damage":4.0,"enemies":"3 Shapes","floor":35.0,"turns":3.0},{"damage":14,"enemies":"3 Darklings","floor":37,"turns":10},{"damage":3,"enemies":"Spire Growth","floor":38,"turns":4},{"damage":3,"enemies":"2 Orb Walkers","floor":39,"turns":4},{"damage":10,"enemies":"Nemesis","floor":41,"turns":9},{"damage":15,"enemies":"Sphere and 2 Shapes","floor":44,"turns":6},{"damage":15,"enemies":"Giant Head","floor":46,"turns":9},{"damage":2,"enemies":"Awakened One","floor":50,"turns":7},{"damage":40,"enemies":"Shield and Spear","floor":54,"turns":8},{"damage":28,"enemies":"The Heart","floor":55,"turns":8}],"seed_played":"-8323473723745562497","potions_obtained":[{"floor":4.0,"key":"Dexterity Potion"},{"floor":11.0,"key":"Fire Potion"},{"floor":12.0,"key":"Poison Potion"},{"floor":22.0,"key":"Explosive Potion"},{"floor":30.0,"key":"Ancient Potion"},{"floor":33.0,"key":"Strength Potion"},{"floor":34.0,"key":"FairyPotion"},{"floor":54,"key":"Explosive Potion"}],"is_trial":false,"path_per_floor":["M","M","M","M","?","R","E","R","T","R","M","E","?","M","R","B",null,"M","?","?","?","M","R","E","R","T","$","E","M","M","M","R","B",null,"M","$","M","M","?","R","E","R","T","M","$","E","R","?","R","B",null,"R","$","E","B"],"character_chosen":"IRONCLAD","items_purchased":["Headbutt","Strange Spoon","Dropkick"],"campfire_rested":0,"item_purchase_floors":[27,36,45],"current_hp_per_floor":[80,77,80,79,79,79,40,40,40,40,46,30,30,27,27,13,80,62,40,35,29,32,32,38,38,38,38,35,39,30,29,29,29,50,50,50,42,45,48,48,47,47,47,41,41,35,35,29,29,36,50,50,50,19,0],"gold":107,"neow_bonus":"RANDOM_COLORLESS","is_prod":false,"is_daily":false,"chose_seed":false,"campfire_upgraded":11,"win_rate":0,"timestamp":1560884721,"path_taken":["M","M","M","M","?","R","E","R","T","R","M","E","?","M","R","BOSS","M","?","?","?","M","R","E","R","T","$","E","M","?","M","R","BOSS","M","$","M","M","?","R","E","R","T","M","$","E","R","?","R","BOSS","R","$","E","BOSS"],"build_version":"2019-01-23","purchased_purges":3,"victory":false,"max_hp_per_floor":[80,80,80,80,80,80,80,80,80,80,80,80,80,80,80,80,80,80,40,45,45,45,45,45,45,45,45,45,45,45,45,45,45,50,50,50,50,50,50,50,50,50,50,50,50,50,50,50,50,50,50,50,50,50,50],"card_choices":[{"not_picked":["Bloodletting","Clothesline"],"picked":"Sword Boomerang","floor":1.0},{"not_picked":["Flex","Disarm"],"picked":"Shrug It Off","floor":2.0},{"not_picked":["Body Slam","Blood for Blood"],"picked":"Iron Wave","floor":3.0},{"not_picked":["Clash","Cleave"],"picked":"Rampage","floor":4.0},{"not_picked":["Anger","Perfected Strike"],"picked":"Armaments","floor":7.0},{"not_picked":["Fire Breathing","Berserk"],"picked":"Clothesline","floor":11.0},{"not_picked":["Evolve","Second Wind"],"picked":"Feel No Pain","floor":12.0},{"not_picked":["Flex","Heavy Blade","Sentinel"],"picked":"SKIP","floor":14.0},{"not_picked":["Dark Embrace","Barricade"],"picked":"Exhume","floor":16.0},{"not_picked":["Wild Strike","Warcry"],"picked":"Shockwave","floor":18.0},{"not_picked":["Blood for Blood","Battle Trance"],"picked":"Pummel","floor":22.0},{"not_picked":["Reckless Charge+1","Bloodletting+1"],"picked":"Corruption","floor":24.0},{"not_picked":["Thunderclap","Flex+1"],"picked":"Carnage+1","floor":28.0},{"not_picked":["Flame Barrier","Infernal Blade"],"picked":"Sword Boomerang+1","floor":29.0},{"not_picked":["Sentinel+1","Wild Strike"],"picked":"Armaments+1","floor":30.0},{"not_picked":["Warcry","Pommel Strike+1"],"picked":"Shrug It Off","floor":31.0},{"not_picked":["Fiend Fire","Berserk"],"picked":"Impervious","floor":33.0},{"not_picked":["Clash","Perfected Strike"],"picked":"Sword Boomerang","floor":34.0},{"not_picked":["Pommel Strike","Flex"],"picked":"Twin Strike+1","floor":35.0},{"not_picked":["Clothesline","Inflame"],"picked":"Headbutt","floor":37},{"not_picked":["Clash","Dropkick"],"picked":"Exhume","floor":38},{"not_picked":["Thunderclap","Pommel Strike"],"picked":"Ghostly Armor+1","floor":39},{"not_picked":["Feel No Pain","Headbutt+1"],"picked":"Armaments+1","floor":41},{"not_picked":["Inflame+1","Bloodletting"],"picked":"Ghostly Armor+1","floor":44},{"not_picked":["Havoc","Bloodletting+1"],"picked":"Fire Breathing+1","floor":46},{"not_picked":["Ghostly Armor+1","Searing Blow"],"picked":"Sentinel+1","floor":54}],"player_experience":344675,"relics_obtained":[{"floor":7.0,"key":"Shuriken"},{"floor":12.0,"key":"Paper Frog"},{"floor":24.0,"key":"Centennial Puzzle"},{"floor":26.0,"key":"Red Skull"},{"floor":28.0,"key":"Letter Opener"},{"floor":39,"key":"Magic Flower"},{"floor":41,"key":"Ginger"},{"floor":43,"key":"Gremlin Horn"},{"floor":46,"key":"Bottled Flame"},{"floor":54,"key":"Mummified Hand"}],"event_choices":[{"cards_removed":["Strike_R"],"damage_healed":0.0,"max_hp_gain":0.0,"max_hp_loss":0.0,"gold_gain":0.0,"event_name":"The Cleric","player_choice":"Card Removal","floor":5.0,"gold_loss":50.0,"damage_taken":0.0},{"damage_healed":0.0,"max_hp_gain":0.0,"max_hp_loss":0.0,"gold_gain":0.0,"event_name":"Liars Game","player_choice":"Ignored","floor":13.0,"gold_loss":0.0,"damage_taken":0.0},{"damage_healed":0.0,"max_hp_gain":0.0,"max_hp_loss":40.0,"gold_gain":0.0,"event_name":"Ghosts","player_choice":"Became a Ghost","floor":19.0,"gold_loss":0.0,"damage_taken":0.0,"cards_obtained":["Ghostly","Ghostly","Ghostly","Ghostly","Ghostly"]},{"damage_healed":0.0,"max_hp_gain":5.0,"max_hp_loss":0.0,"gold_gain":0.0,"event_name":"Forgotten Altar","player_choice":"Shed Blood","floor":20.0,"gold_loss":0.0,"damage_taken":10.0},{"damage_healed":0.0,"max_hp_gain":0.0,"max_hp_loss":0.0,"gold_gain":0.0,"event_name":"Nest","player_choice":"Joined the Cult","floor":21.0,"gold_loss":0.0,"damage_taken":6.0,"cards_obtained":["RitualDagger"]},{"damage_healed":0,"gold_gain":0,"player_choice":"Fight","damage_taken":0,"max_hp_gain":0,"max_hp_loss":0,"event_name":"Mysterious Sphere","floor":39,"gold_loss":0},{"damage_healed":0,"gold_gain":0,"player_choice":"Embrace Madness","damage_taken":6,"max_hp_gain":0,"max_hp_loss":0,"event_name":"Winding Halls","floor":48,"gold_loss":0,"cards_obtained":["Madness","Madness"]}],"is_beta":false,"boss_relics":[{"not_picked":["Black Star","Eternal Feather"],"picked":"Philosopher\u0027s Stone"},{"not_picked":["Astrolabe","Calling Bell"],"picked":"Tiny House"}],"items_purged_floors":[27,36,45],"is_endless":false,"potions_floor_spawned":[4,11,12,22,30,33,35,38,44,54],"killed_by":"The Heart","ascension_level":1}