{"gold_per_floor":[116,129,70,84,27,27,59,76,76,91,91],"floor_reached":11,"playtime":327,"items_purged":[],"score":143,"play_id":"508ac5de-a0b7-445b-91af-a289cf14cffc","local_time":"20190620153213","is_ascension_mode":true,"campfire_choices":[{"data":"1","floor":6,"key":"LIFT"}],"neow_cost":"NONE","seed_source_timestamp":624655451010200,"circlet_count":0,"master_deck":["AscendersBane","Strike_B","Strike_B","Strike_B","Strike_B","Defend_B","Defend_B","Defend_B","Defend_B","Zap","Dualcast","Go for the Eyes","Gash","Leap","Beam Cell","Meteor Strike","Cold Snap","Sweeping Beam"],"relics":["Cracked Core","Girya","Frozen Egg 2","Cables"],"potions_floor_usage":[8],"damage_taken":[{"damage":10,"enemies":"2 Louse","floor":1,"turns":3},{"damage":6,"enemies":"Cultist","floor":2,"turns":3},{"damage":6,"enemies":"Jaw Worm","floor":4,"turns":4},{"damage":31,"enemies":"3 Sentries","floor":7,"turns":8},{"damage":6,"enemies":"Exordium Thugs","floor":8,"turns":4},{"damage":9,"enemies":"3 Louse","floor":10,"turns":4},{"damage":5,"enemies":"Red Slaver","floor":11,"turns":1}],"seed_played":"-2201745880102112578","potions_obtained":[{"floor":4,"key":"EssenceOfSteel"},{"floor":7,"key":"Swift Potion"}],"is_trial":false,"path_per_floor":["M","M","?","M","$","R","E","M","T","M","M"],"character_chosen":"DEFECT","items_purchased":["Beam Cell"],"campfire_rested":0,"item_purchase_floors":[5],"current_hp_per_floor":[61,55,55,49,49,49,18,12,12,3,0],"gold":91,"neow_bonus":"TEN_PERCENT_HP_BONUS","is_prod":false,"is_daily":false,"chose_seed":false,"campfire_upgraded":0,"win_rate":0,"timestamp":1561037533,"path_taken":["M","M","?","M","?","R","E","M","T","M","M"],"build_version":"2019-06-19","purchased_purges":0,"victory":false,"max_hp_per_floor":[78,78,78,78,78,78,78,78,78,78,78],"card_choices":[{"not_picked":["Barrage","Redo"],"picked":"Go for the Eyes","floor":1},{"not_picked":["Turbo","Conserve Battery"],"picked":"Gash","floor":2},{"not_picked":["Barrage","Steam"],"picked":"Leap","floor":4},{"not_picked":["Fusion","Consume"],"picked":"Meteor Strike","floor":7},{"not_picked":["Redo","Conserve Battery"],"picked":"Cold Snap","floor":8},{"not_picked":["Coolheaded","Static Discharge+1"],"picked":"Sweeping Beam","floor":10}],"player_experience":864880,"relics_obtained":[{"floor":7,"key":"Frozen Egg 2"},{"floor":9,"key":"Cables"}],"event_choices":[{"damage_healed":0,"gold_gain":0,"player_choice":"Paid Gold","damage_taken":0,"relics_obtained":["Girya"],"max_hp_gain":0,"max_hp_loss":0,"event_name":"WeMeetAgain","floor":3,"gold_loss":59}],"is_beta":true,"boss_relics":[],"items_purged_floors":[],"is_endless":false,"potions_floor_spawned":[4,7],"killed_by":"Red Slaver","ascension_level":18}