{"gold_per_floor":[109,384,397,397,42,60,60,93,93,108,108,134,134,147,147,221,221,233,247,247,247,263,263,263],"floor_reached":24,"playtime":706,"items_purged":["Regret"],"score":427,"play_id":"72eea453-857a-41ec-8fa3-12f5d3335c75","local_time":"20190624020607","is_ascension_mode":true,"campfire_choices":[{"data":"Zap","floor":7,"key":"SMITH"},{"floor":11,"key":"REST"},{"data":"FTL","floor":13,"key":"SMITH"},{"data":"White Noise","floor":15,"key":"SMITH"},{"data":"Coolheaded","floor":23,"key":"SMITH"}],"neow_cost":"NONE","seed_source_timestamp":0,"circlet_count":0,"master_deck":["AscendersBane","Defend_B","Defend_B","Defend_B","Defend_B","Zap+1","Dualcast","Beam Cell","Static Discharge","FTL+1","White Noise+1","Ball Lightning","Sweeping Beam","Ball Lightning","Seek+1","Echo Form","Glacier","BootSequence","Bite","Bite","Bite","Bite","Bite","Coolheaded+1"],"special_seed":0,"relics":["Cracked Core","Membership Card","Bronze Scales","Pocketwatch","Mummified Hand","Singing Bowl","Eternal Feather"],"potions_floor_usage":[18,24],"damage_taken":[{"damage":12.0,"enemies":"Jaw Worm","floor":1.0,"turns":3.0},{"damage":1,"enemies":"Cultist","floor":3,"turns":3},{"damage":5,"enemies":"2 Louse","floor":6,"turns":2},{"damage":10,"enemies":"Lagavulin","floor":8,"turns":7},{"damage":11,"enemies":"Blue Slaver","floor":10,"turns":3},{"damage":20,"enemies":"3 Sentries","floor":12,"turns":4},{"damage":0,"enemies":"Large Slime","floor":14,"turns":3},{"damage":6,"enemies":"Slime Boss","floor":16,"turns":6},{"damage":17,"enemies":"2 Thieves","floor":18,"turns":3},{"damage":6,"enemies":"Spheric Guardian","floor":19,"turns":3},{"damage":28,"enemies":"Snake Plant","floor":22,"turns":4},{"damage":60,"enemies":"Book of Stabbing","floor":24,"turns":5}],"seed_played":"9127946465426333761","potions_obtained":[{"floor":3,"key":"EssenceOfSteel"},{"floor":12,"key":"Poison Potion"},{"floor":14,"key":"Swift Potion"},{"floor":18,"key":"EssenceOfSteel"},{"floor":19,"key":"Dexterity Potion"}],"is_trial":false,"path_per_floor":["M","?","M","?","$","M","R","E","T","M","R","E","R","M","R","B",null,"M","M","?","?","M","R","E"],"character_chosen":"DEFECT","items_purchased":["Membership Card","FTL","Bronze Scales"],"campfire_rested":1,"item_purchase_floors":[5,5,5],"current_hp_per_floor":[59,59,58,63,63,58,58,48,48,37,61,41,41,41,41,35,71,54,48,48,48,32,44,0],"gold":263,"neow_bonus":"TEN_PERCENT_HP_BONUS","is_prod":false,"is_daily":false,"chose_seed":false,"campfire_upgraded":4,"win_rate":0,"timestamp":1561334767,"path_taken":["M","?","?","?","$","M","R","E","T","M","R","E","R","M","R","BOSS","M","M","?","?","?","R","E"],"build_version":"2019-06-21","purchased_purges":1,"victory":false,"max_hp_per_floor":[78,78,78,83,83,83,83,83,83,83,83,83,83,83,83,83,83,83,83,58,58,58,58,58],"card_choices":[{"not_picked":["Redo","Darkness"],"picked":"Beam Cell","floor":1},{"not_picked":["Heatsinks","Rebound"],"picked":"Static Discharge","floor":3},{"not_picked":["Conserve Battery","Stack"],"picked":"White Noise","floor":6},{"not_picked":["Leap","BootSequence"],"picked":"Ball Lightning","floor":8},{"not_picked":["Double Energy","Steam Power"],"picked":"Sweeping Beam","floor":10},{"not_picked":["Heatsinks","Darkness"],"picked":"Ball Lightning","floor":12},{"not_picked":["Aggregate","BootSequence"],"picked":"Seek","floor":14},{"not_picked":["Biased Cognition","Multi-Cast"],"picked":"Echo Form","floor":16},{"not_picked":["Hologram","Sweeping Beam"],"picked":"Glacier","floor":18},{"not_picked":["Auto Shields","Stack"],"picked":"BootSequence","floor":19},{"not_picked":["Go for the Eyes","Fusion"],"picked":"Coolheaded","floor":22}],"player_experience":872829,"relics_obtained":[{"floor":8,"key":"Pocketwatch"},{"floor":9,"key":"Mummified Hand"},{"floor":12,"key":"Singing Bowl"}],"event_choices":[{"damage_healed":0,"gold_gain":275,"player_choice":"Desecrate","damage_taken":0,"max_hp_gain":0,"max_hp_loss":0,"event_name":"Golden Shrine","floor":2,"gold_loss":0,"cards_obtained":["Regret"]},{"damage_healed":0,"gold_gain":0,"player_choice":"Donut","damage_taken":0,"max_hp_gain":5,"max_hp_loss":0,"event_name":"Big Fish","floor":4,"gold_loss":0},{"damage_healed":0,"gold_gain":0,"player_choice":"Became a vampire","damage_taken":0,"max_hp_gain":0,"max_hp_loss":25,"event_name":"Vampires","floor":20,"gold_loss":0,"cards_obtained":["Bite","Bite","Bite","Bite","Bite"]},{"damage_healed":0,"gold_gain":0,"player_choice":"Upgraded","damage_taken":0,"max_hp_gain":0,"max_hp_loss":0,"event_name":"Upgrade Shrine","floor":21,"gold_loss":0,"cards_upgraded":["Seek"]}],"is_beta":true,"boss_relics":[{"not_picked":["FrozenCore","Busted Crown"],"picked":"Eternal Feather"}],"items_purged_floors":[5],"is_endless":false,"potions_floor_spawned":[3,12,14,16,18,19],"killed_by":"Book of Stabbing","ascension_level":19}