{"gold_per_floor":[118,133,144,159,169,198,198,148,148,47,122,133,148,0,0,104,104,119,131,147,157,11,11],"floor_reached":23,"playtime":2769,"items_purged":["Strike_B"],"score":197,"play_id":"fbf76792-994c-4320-8dd4-b55051db3c3f","local_time":"20190608225405","is_ascension_mode":false,"campfire_choices":[{"floor":7,"key":"REST"},{"floor":15,"key":"REST"}],"neow_cost":"NONE","seed_source_timestamp":187783020660174,"circlet_count":0,"master_deck":["Strike_B","Strike_B","Strike_B","Defend_B","Defend_B","Defend_B","Zap","Dualcast","FTL","Reinforced Body","Cold Snap","Stack","Conserve Battery","Cold Snap","Ball Lightning","Loop","Hologram","Creative AI","Double Energy","Sweeping Beam+1","Go for the Eyes","Steam"],"relics":["Lizard Tail","Strawberry","PreservedInsect","Runic Pyramid","Oddly Smooth Stone"],"potions_floor_usage":[5,16,20,20],"damage_taken":[{"damage":10,"enemies":"Small Slimes","floor":1,"turns":3},{"damage":1,"enemies":"Jaw Worm","floor":2,"turns":3},{"damage":0,"enemies":"Cultist","floor":3,"turns":3},{"damage":0,"enemies":"Red Slaver","floor":4,"turns":4},{"damage":14,"enemies":"Gremlin Gang","floor":5,"turns":7},{"damage":5,"enemies":"3 Sentries","floor":6,"turns":10},{"damage":7,"enemies":"Exordium Wildlife","floor":12,"turns":4},{"damage":11,"enemies":"2 Fungi Beasts","floor":13,"turns":4},{"damage":33,"enemies":"Slime Boss","floor":16,"turns":12},{"damage":2,"enemies":"Chosen","floor":18,"turns":7},{"damage":12,"enemies":"Shell Parasite","floor":19,"turns":11},{"damage":37,"enemies":"Cultist and Chosen","floor":20,"turns":8},{"damage":27,"enemies":"Sentry and Sphere","floor":21,"turns":10},{"damage":48,"enemies":"Book of Stabbing","floor":23,"turns":8}],"seed_played":"-6352171427212489123","potions_obtained":[{"floor":1,"key":"Poison Potion"},{"floor":2,"key":"Dexterity Potion"},{"floor":5,"key":"Energy Potion"},{"floor":13,"key":"Weak Potion"},{"floor":19,"key":"SkillPotion"}],"is_trial":false,"path_per_floor":["M","M","M","M","M","E","R","?","T","$","?","M","M","$","R","B",null,"M","M","M","M","$","E"],"character_chosen":"DEFECT","items_purchased":["Ball Lightning","PreservedInsect","Oddly Smooth Stone"],"campfire_rested":2,"item_purchase_floors":[10,14,22],"current_hp_per_floor":[65,64,64,64,50,52,76,76,76,76,65,58,47,47,71,38,82,80,68,31,4,4,0],"gold":11,"neow_bonus":"BOSS_RELIC","is_prod":false,"is_daily":false,"chose_seed":false,"campfire_upgraded":0,"win_rate":1,"timestamp":1560048845,"path_taken":["M","M","M","M","M","E","R","?","T","?","?","M","M","?","R","BOSS","M","M","M","M","$","E"],"build_version":"2019-01-23","purchased_purges":1,"victory":false,"max_hp_per_floor":[75,75,75,75,75,82,82,82,82,82,82,82,82,82,82,82,82,82,82,82,82,82,82],"card_choices":[{"not_picked":["Rebound","Redo"],"picked":"FTL","floor":1},{"not_picked":["Beam Cell","Skim"],"picked":"Reinforced Body","floor":2},{"not_picked":["Beam Cell","Hello World"],"picked":"Cold Snap","floor":3},{"not_picked":["Turbo","Storm"],"picked":"Stack","floor":4},{"not_picked":["Melter","Darkness"],"picked":"Conserve Battery","floor":5},{"not_picked":["Skim","Reboot"],"picked":"Cold Snap","floor":6},{"not_picked":["Sunder","Hello World"],"picked":"Loop","floor":12},{"not_picked":["Barrage","Coolheaded"],"picked":"Hologram","floor":13},{"not_picked":["Buffer","Electrodynamics"],"picked":"Creative AI","floor":16},{"not_picked":["Stack","Hologram"],"picked":"Double Energy","floor":18},{"not_picked":["Beam Cell","Leap+1"],"picked":"Sweeping Beam+1","floor":19},{"not_picked":["Consume","Ball Lightning+1"],"picked":"Go for the Eyes","floor":20},{"not_picked":["Scrape","Aggregate"],"picked":"Steam","floor":21}],"player_experience":53219,"relics_obtained":[{"floor":6,"key":"Strawberry"}],"event_choices":[{"cards_removed":["Defend_B"],"damage_healed":0,"gold_gain":0,"player_choice":"Card Removal","damage_taken":0,"max_hp_gain":0,"max_hp_loss":0,"event_name":"The Cleric","floor":8,"gold_loss":50},{"damage_healed":0,"gold_gain":75,"player_choice":"Gather Gold","damage_taken":11,"max_hp_gain":0,"max_hp_loss":0,"event_name":"World of Goop","floor":11,"gold_loss":0}],"is_beta":false,"boss_relics":[{"not_picked":["Eternal Feather","Astrolabe"],"picked":"Runic Pyramid"}],"items_purged_floors":[10],"is_endless":false,"potions_floor_spawned":[1,2,5,13,19],"killed_by":"Book of Stabbing","ascension_level":0}