{"gold_per_floor":[109,125,144,144,244,69,97,110,134,134,167,167,187,199,199,302,302,322,341,354,369,385,385,385,410,433,464,475,490,490,503,503,607,607,624,643,653,666,666,666,695,695,745,773,791,804,830,52,52,52],"floor_reached":50,"playtime":4250,"items_purged":["Defend_R","Strike_R"],"score":615,"play_id":"351166e8-8345-4835-9456-26f0255ac40e","local_time":"20181001214021","is_ascension_mode":false,"campfire_choices":[{"data":"Anger","floor":10,"key":"SMITH"},{"data":"Fire Breathing","floor":12,"key":"SMITH"},{"data":"Offering","floor":15,"key":"SMITH"},{"data":"Reaper","floor":24,"key":"SMITH"},{"data":"Dark Shackles","floor":32,"key":"SMITH"},{"data":"Whirlwind","floor":40,"key":"SMITH"},{"data":"Offering","floor":49,"key":"SMITH"}],"neow_cost":"NONE","seed_source_timestamp":1358208673764483,"circlet_count":0,"master_deck":["Strike_R","Strike_R","Strike_R","Strike_R","Defend_R","Defend_R","Defend_R","Bash","Cleave","Anger+1","Thunderclap","Pommel Strike","Dark Shackles+1","Twin Strike","Headbutt","Fire Breathing+1","Offering+1","Dropkick","Reaper+1","Second Wind","Feel No Pain+1","True Grit+1","Flame Barrier","Headbutt","Clothesline","Burning Pact+1","Flame Barrier","Impervious","Whirlwind+1","Cleave+1","Twin Strike","Flex+1","Inflame","Cleave+1","Entrench+1","Offering+1","Dark Shackles","The Bomb"],"relics":["Burning Blood","Red Skull","Vajra","Juzu Bracelet","StoneCalendar","Busted Crown","Happy Flower","Darkstone Periapt","Strawberry","Pen Nib","MutagenicStrength","Coffee Dripper","Pocketwatch","Bronze Scales","Unceasing Top","Mercury Hourglass","Sundial"],"potions_floor_usage":[7,16,21,29,31,33,41,45,50,50,50],"damage_taken":[{"damage":0,"enemies":"Small Slimes","floor":1,"turns":2},{"damage":6,"enemies":"Jaw Worm","floor":2,"turns":2},{"damage":0,"enemies":"2 Louse","floor":3,"turns":2},{"damage":18,"enemies":"3 Sentries","floor":7,"turns":4},{"damage":0,"enemies":"Gremlin Gang","floor":8,"turns":2},{"damage":4,"enemies":"Gremlin Nob","floor":11,"turns":3},{"damage":0,"enemies":"Large Slime","floor":13,"turns":4},{"damage":12,"enemies":"Blue Slaver","floor":14,"turns":2},{"damage":49,"enemies":"The Guardian","floor":16,"turns":7},{"damage":26,"enemies":"Shell Parasite","floor":18,"turns":4},{"damage":11,"enemies":"Chosen","floor":19,"turns":3},{"damage":26,"enemies":"Centurion and Healer","floor":20,"turns":5},{"damage":18,"enemies":"Snecko","floor":21,"turns":5},{"damage":17,"enemies":"Shelled Parasite and Fungi","floor":22,"turns":3},{"damage":29,"enemies":"Book of Stabbing","floor":25,"turns":4},{"damage":32,"enemies":"Slavers","floor":27,"turns":3},{"damage":12,"enemies":"Snake Plant","floor":28,"turns":4},{"damage":8,"enemies":"Centurion and Healer","floor":29,"turns":3},{"damage":21,"enemies":"Sentry and Sphere","floor":31,"turns":3},{"damage":39,"enemies":"Collector","floor":33,"turns":5},{"damage":14,"enemies":"3 Darklings","floor":35,"turns":4},{"damage":0,"enemies":"3 Shapes","floor":36,"turns":2},{"damage":6,"enemies":"Spire Growth","floor":37,"turns":3},{"damage":22,"enemies":"Maw","floor":38,"turns":6},{"damage":19,"enemies":"Nemesis","floor":41,"turns":5},{"damage":26,"enemies":"2 Orb Walkers","floor":44,"turns":3},{"damage":15,"enemies":"Transient","floor":45,"turns":5},{"damage":46,"enemies":"4 Shapes","floor":46,"turns":4},{"damage":18,"enemies":"Nemesis","floor":47,"turns":5},{"damage":46,"enemies":"Awakened One","floor":50,"turns":4}],"seed_played":"817936237257579099","potions_obtained":[{"floor":3,"key":"Strength Potion"},{"floor":7,"key":"SpeedPotion"},{"floor":8,"key":"EssenceOfSteel"},{"floor":13,"key":"BloodPotion"},{"floor":16,"key":"Ancient Potion"},{"floor":19,"key":"SpeedPotion"},{"floor":20,"key":"Fire Potion"},{"floor":27,"key":"Regen Potion"},{"floor":31,"key":"Explosive Potion"},{"floor":33,"key":"EssenceOfSteel"},{"floor":37,"key":"EssenceOfSteel"},{"floor":45,"key":"FearPotion"},{"floor":47,"key":"Regen Potion"}],"is_trial":false,"path_per_floor":["M","M","M","?","?","$","E","M","T","R","E","R","M","M","R","B",null,"M","M","M","M","M","?","R","E","T","E","M","M","?","M","R","B",null,"M","M","M","M","?","R","E","?","T","E","M","M","E","$","R"],"character_chosen":"IRONCLAD","items_purchased":["Dark Shackles","Offering","Dark Shackles","The Bomb","Sundial"],"campfire_rested":0,"item_purchase_floors":[6,48,48,48,48],"current_hp_per_floor":[80,80,80,77,77,77,65,71,71,71,73,73,79,73,73,30,80,67,64,54,49,38,38,38,24,31,36,40,38,38,32,32,37,87,87,87,87,71,71,71,70,70,70,50,59,31,20,20,20,0],"gold":52,"neow_bonus":"THREE_CARDS","is_prod":false,"is_daily":false,"chose_seed":false,"campfire_upgraded":7,"win_rate":0.0,"timestamp":1538451621,"path_taken":["M","M","M","?","?","$","E","M","T","R","E","R","M","M","R","BOSS","M","M","M","M","M","?","R","E","T","E","M","M","?","M","R","BOSS","M","M","M","M","?","R","E","?","T","E","M","M","E","$","R","BOSS"],"build_version":"2018-09-27","purchased_purges":2,"victory":false,"max_hp_per_floor":[80,80,80,80,80,80,80,80,80,80,80,80,80,80,80,80,80,80,80,80,80,80,80,80,80,87,87,87,87,87,87,87,87,87,87,87,87,87,87,87,87,87,87,87,87,87,87,87,87,87],"card_choices":[{"not_picked":["Shrug It Off","Iron Wave"],"picked":"Cleave","floor":0},{"not_picked":["Sword Boomerang","Blood for Blood"],"picked":"Anger","floor":1},{"not_picked":["Iron Wave","Pommel Strike"],"picked":"Thunderclap","floor":2},{"not_picked":["Rage","Warcry"],"picked":"Pommel Strike","floor":3},{"not_picked":["Reckless Charge","Barricade"],"picked":"Twin Strike","floor":7},{"not_picked":["Disarm","Clash"],"picked":"Headbutt","floor":8},{"not_picked":["Twin Strike","Iron Wave"],"picked":"Fire Breathing","floor":11},{"not_picked":["Shrug It Off","Cleave"],"picked":"Offering","floor":13},{"not_picked":["Shockwave","Clothesline"],"picked":"Dropkick","floor":14},{"not_picked":["Bludgeon","Feed"],"picked":"Reaper","floor":16},{"not_picked":[],"picked":"Second Wind","floor":18},{"not_picked":[],"picked":"Feel No Pain+1","floor":19},{"not_picked":[],"picked":"True Grit+1","floor":20},{"not_picked":[],"picked":"Flame Barrier","floor":21},{"not_picked":["True Grit+1"],"picked":"SKIP","floor":22},{"not_picked":[],"picked":"Headbutt","floor":25},{"not_picked":["Bloodletting"],"picked":"SKIP","floor":27},{"not_picked":[],"picked":"Clothesline","floor":28},{"not_picked":[],"picked":"Burning Pact+1","floor":29},{"not_picked":[],"picked":"Flame Barrier","floor":31},{"not_picked":[],"picked":"Impervious","floor":33},{"not_picked":[],"picked":"Whirlwind","floor":35},{"not_picked":[],"picked":"Cleave+1","floor":36},{"not_picked":[],"picked":"Sever Soul+1","floor":37},{"not_picked":[],"picked":"Twin Strike","floor":38},{"not_picked":[],"picked":"Flex+1","floor":41},{"not_picked":[],"picked":"Inflame","floor":44},{"not_picked":[],"picked":"Cleave+1","floor":45},{"not_picked":[],"picked":"Entrench+1","floor":46},{"not_picked":["Power Through+1"],"picked":"SKIP","floor":47}],"player_experience":20934,"relics_obtained":[{"floor":7,"key":"Vajra"},{"floor":9,"key":"Juzu Bracelet"},{"floor":11,"key":"StoneCalendar"},{"floor":25,"key":"Darkstone Periapt"},{"floor":26,"key":"Strawberry"},{"floor":27,"key":"Pen Nib"},{"floor":41,"key":"Pocketwatch"},{"floor":43,"key":"Bronze Scales"},{"floor":44,"key":"Unceasing Top"},{"floor":47,"key":"Mercury Hourglass"}],"event_choices":[{"event_name":"Scrap Ooze","player_choice":"success","floor":4,"damage_taken":3},{"event_name":"Golden Shrine","player_choice":"Pray","floor":5,"damage_taken":0},{"event_name":"The Mausoleum","player_choice":"Yes","floor":23,"damage_taken":0},{"event_name":"Drug Dealer","player_choice":"Inject Mutagens","floor":30,"damage_taken":0},{"event_name":"Falling","player_choice":"Removed Attack","floor":39,"damage_taken":0},{"event_name":"Tomb of Lord Red Mask","player_choice":"Ignored","floor":42,"damage_taken":0}],"is_beta":false,"boss_relics":[{"not_picked":["Eternal Feather","Tiny House"],"picked":"Busted Crown"},{"not_picked":["White Beast Statue","Empty Cage"],"picked":"Coffee Dripper"}],"items_purged_floors":[6,48],"is_endless":false,"potions_floor_spawned":[3,7,8,13,16,19,20,27,31,33,37,38,45,47],"killed_by":"Awakened One","ascension_level":0}