{"gold_per_floor":[119,139,139,139,155,155,186,196,219,219,102,122,122,22,22,97,97,113,133,147,147,147,147,147],"floor_reached":24,"playtime":810,"items_purged":["Pain","Strike_R"],"score":392,"play_id":"87847c41-02b5-43b8-8c94-11f45f6bb9fb","local_time":"20190515164145","is_ascension_mode":true,"campfire_choices":[{"data":"Bash","floor":6,"key":"SMITH"},{"floor":10,"key":"REST"},{"floor":13,"key":"REST"},{"data":"Limit Break","floor":15,"key":"SMITH"},{"floor":23,"key":"REST"}],"neow_cost":"NONE","seed_source_timestamp":24678126621100,"circlet_count":0,"master_deck":["AscendersBane","Defend_R","Defend_R","Bash+1","Limit Break+1","Shrug It Off","Anger","Armaments","Metallicize","Power Through","Immolate","True Grit+1","Barricade+1","Shrug It Off+1","Power Through","Feel No Pain"],"relics":["Burning Blood","WarpedTongs","Regal Pillow","Red Skull","Astrolabe"],"potions_floor_usage":[12,16],"damage_taken":[{"damage":3,"enemies":"2 Louse","floor":1,"turns":4},{"damage":1,"enemies":"Cultist","floor":2,"turns":4},{"damage":6,"enemies":"Jaw Worm","floor":5,"turns":3},{"damage":68,"enemies":"Gremlin Nob","floor":7,"turns":6},{"damage":11,"enemies":"Large Slime","floor":8,"turns":5},{"damage":29,"enemies":"Gremlin Gang","floor":12,"turns":5},{"damage":25,"enemies":"The Guardian","floor":16,"turns":16},{"damage":16,"enemies":"Shell Parasite","floor":18,"turns":9},{"damage":28,"enemies":"3 Byrds","floor":19,"turns":5},{"damage":21,"enemies":"3 Cultists","floor":20,"turns":5},{"damage":56,"enemies":"Book of Stabbing","floor":24,"turns":7}],"seed_played":"-844969876961946186","potions_obtained":[{"floor":7,"key":"LiquidBronze"},{"floor":12,"key":"SkillPotion"},{"floor":18,"key":"Fire Potion"}],"is_trial":false,"path_per_floor":["M","M","?","?","M","R","E","M","T","R","$","M","R","$","R","B",null,"M","M","M","?","?","R","E"],"character_chosen":"IRONCLAD","items_purchased":["Metallicize"],"campfire_rested":3,"item_purchase_floors":[11],"current_hp_per_floor":[71,75,75,75,75,75,13,8,8,45,45,22,59,59,59,40,66,56,34,19,19,19,56,0],"gold":147,"neow_bonus":"ONE_RANDOM_RARE_CARD","is_prod":false,"is_daily":false,"chose_seed":false,"campfire_upgraded":2,"win_rate":0,"timestamp":1557931305,"path_taken":["M","M","?","?","M","R","E","?","T","R","?","M","R","$","R","BOSS","M","M","M","?","?","R","E"],"build_version":"2019-05-07","purchased_purges":2,"victory":false,"max_hp_per_floor":[75,75,75,75,75,75,75,75,75,75,75,75,75,75,75,75,75,75,75,75,75,75,75,75],"card_choices":[{"not_picked":["Perfected Strike","Havoc"],"picked":"Shrug It Off","floor":1},{"not_picked":["Entrench","Intimidate"],"picked":"Anger","floor":2},{"not_picked":["Combust","Flex"],"picked":"Armaments","floor":5},{"not_picked":["Armaments","Warcry","Second Wind"],"picked":"SKIP","floor":7},{"not_picked":["Iron Wave","Anger","Cleave"],"picked":"SKIP","floor":8},{"not_picked":["Burning Pact","Armaments"],"picked":"Power Through","floor":12},{"not_picked":["Brutality","Juggernaut"],"picked":"Immolate","floor":16},{"not_picked":["Warcry","Dual Wield","Havoc"],"picked":"SKIP","floor":18},{"not_picked":["Clash","Rage","Warcry"],"picked":"SKIP","floor":19},{"not_picked":["Hemokinesis","Iron Wave","Infernal Blade"],"picked":"SKIP","floor":20}],"player_experience":717880,"relics_obtained":[{"floor":7,"key":"Regal Pillow"},{"floor":9,"key":"Red Skull"}],"event_choices":[{"cards_removed":["Strike_R"],"damage_healed":0,"gold_gain":0,"player_choice":"Forget","damage_taken":0,"max_hp_gain":0,"max_hp_loss":0,"event_name":"Living Wall","floor":3,"gold_loss":0},{"damage_healed":0,"gold_gain":0,"player_choice":"Rummage","damage_taken":0,"relics_obtained":["WarpedTongs"],"max_hp_gain":0,"max_hp_loss":0,"event_name":"Accursed Blacksmith","floor":4,"gold_loss":0,"cards_obtained":["Pain"]},{"damage_healed":0,"gold_gain":0,"cards_transformed":["Defend_R","Defend_R"],"player_choice":"Became Test Subject","damage_taken":0,"max_hp_gain":0,"max_hp_loss":0,"event_name":"Drug Dealer","floor":21,"gold_loss":0,"cards_obtained":["Power Through","Feel No Pain"]},{"damage_healed":0,"gold_gain":0,"player_choice":"Ignored","damage_taken":0,"max_hp_gain":0,"max_hp_loss":0,"event_name":"Vampires","floor":22,"gold_loss":0}],"is_beta":true,"boss_relics":[{"not_picked":["Eternal Feather","Ectoplasm"],"picked":"Astrolabe"}],"items_purged_floors":[11,14],"is_endless":false,"potions_floor_spawned":[7,12,18],"killed_by":"Book of Stabbing","ascension_level":20}