{"gold_per_floor":[116,116,135,135,149,182,132,132,132,132,160,216,245,262,262,364,364,377,377,15,15,32,63,63,63,63,15,43,61,61,74,74,176,176,194,194,204,204,304,338,354,379,424,424,439,539,60,73,73,73],"floor_reached":51,"playtime":3473,"items_purged":["Defend_B"],"score":882,"play_id":"243621d5-7bdb-4b6c-bf49-1a30b58c1d8b","local_time":"20181119224202","is_ascension_mode":true,"campfire_choices":[{"floor":8,"key":"REST"},{"data":"Sweeping Beam","floor":10,"key":"SMITH"},{"floor":15,"key":"REST"},{"floor":30,"key":"REST"},{"floor":32,"key":"REST"},{"data":"Flash of Steel","floor":44,"key":"SMITH"},{"floor":49,"key":"REST"}],"neow_cost":"NONE","seed_source_timestamp":331025699635358,"circlet_count":0,"master_deck":["Defend_B","Zap","Dualcast","Sweeping Beam+1","Glacier","Rebound","Leap","Amplify+1","Stack+1","Chill+1","Streamline","Electrodynamics","Ball Lightning","Storm","Leap+1","Necronomicurse","Ball Lightning+1","Stack+1","RitualDagger","Bite","Bite+1","Bite","Bite","Bite","Conserve Battery+1","Tempest+1","Chill+1","Conserve Battery+1","Electrodynamics","Self Repair+1","Jack Of All Trades+1","Discovery+1","Flash of Steel+1","Madness+1","Madness+1","Sunder","Leap+1","Rip and Tear","Sweeping Beam","Undo+1","Sunder","Undo+1","Defragment","Panacea+1"],"relics":["Cracked Core","NeowsBlessing","Pen Nib","Art of War","Toxic Egg 2","Singing Bowl","Meat on the Bone","Sozu","Letter Opener","Necronomicon","Kunai","Regal Pillow","Ancient Tea Set","Nuclear Battery","Mango","Smiling Mask","Matryoshka","Whetstone","Lantern","Bag of Preparation"],"potions_floor_usage":[6,11,12,16,16],"damage_taken":[{"damage":0,"enemies":"Jaw Worm","floor":1,"turns":1},{"damage":0,"enemies":"Small Slimes","floor":3,"turns":1},{"damage":0,"enemies":"2 Louse","floor":5,"turns":1},{"damage":25,"enemies":"Lagavulin","floor":6,"turns":5},{"damage":18,"enemies":"Gremlin Nob","floor":11,"turns":5},{"damage":12,"enemies":"Gremlin Nob","floor":12,"turns":4},{"damage":12,"enemies":"Lagavulin","floor":13,"turns":8},{"damage":5,"enemies":"2 Fungi Beasts","floor":14,"turns":2},{"damage":38,"enemies":"The Guardian","floor":16,"turns":10},{"damage":6,"enemies":"Shell Parasite","floor":18,"turns":7},{"damage":0,"enemies":"Chosen","floor":22,"turns":4},{"damage":34,"enemies":"Slavers","floor":23,"turns":4},{"damage":16,"enemies":"Book of Stabbing","floor":28,"turns":6},{"damage":24,"enemies":"Centurion and Healer","floor":29,"turns":4},{"damage":28,"enemies":"Shelled Parasite and Fungi","floor":31,"turns":5},{"damage":32,"enemies":"Champ","floor":33,"turns":14},{"damage":24,"enemies":"3 Darklings","floor":35,"turns":5},{"damage":9,"enemies":"3 Shapes","floor":37,"turns":3},{"damage":16,"enemies":"Mind Bloom Boss Battle","floor":39,"turns":6},{"damage":17,"enemies":"Nemesis","floor":40,"turns":5},{"damage":9,"enemies":"Sphere and 2 Shapes","floor":41,"turns":4},{"damage":42,"enemies":"Reptomancer","floor":42,"turns":7},{"damage":6,"enemies":"4 Shapes","floor":45,"turns":4},{"damage":0,"enemies":"3 Darklings","floor":48,"turns":3},{"damage":72,"enemies":"Donu and Deca","floor":50,"turns":8}],"seed_played":"-909885552527948795","potions_obtained":[{"floor":1,"key":"Strength Potion"},{"floor":3,"key":"Ancient Potion"},{"floor":11,"key":"FearPotion"},{"floor":13,"key":"Regen Potion"},{"floor":14,"key":"PowerPotion"}],"is_trial":false,"path_per_floor":["M","?","M","?","M","E","?","R","T","R","E","?","E","M","R","B",null,"M","?","$","?","M","E","?","?","T","$","E","M","R","M","R","B",null,"M","?","M","?","?","E","M","E","T","R","M","?","$","M","R","B",null],"character_chosen":"DEFECT","items_purchased":["Storm","Leap+1","Letter Opener","Conserve Battery+1","Sunder","Undo+1","Defragment","Bag of Preparation","Panacea+1"],"campfire_rested":5,"item_purchase_floors":[20,20,20,27,47,47,47,47,47],"current_hp_per_floor":[75,72,72,65,65,40,40,62,62,62,44,34,24,33,55,46,75,69,55,55,39,41,21,15,15,15,15,23,15,54,48,80,70,80,64,54,59,49,77,78,83,69,69,69,65,65,65,67,98,42],"gold":73,"neow_bonus":"THREE_ENEMY_KILL","is_prod":false,"is_daily":false,"chose_seed":false,"campfire_upgraded":2,"win_rate":0,"timestamp":1542692522,"path_taken":["M","?","M","?","M","E","?","R","T","R","E","?","E","M","R","BOSS","M","?","$","?","M","E","?","?","T","$","E","M","R","M","R","BOSS","M","?","M","?","?","E","M","E","T","R","M","?","$","M","R","BOSS"],"build_version":"2018-11-15","purchased_purges":1,"victory":true,"max_hp_per_floor":[75,75,75,75,75,75,75,75,75,75,75,75,75,75,75,75,75,75,80,80,80,80,80,80,80,80,80,80,80,80,80,80,80,80,80,80,82,82,96,96,96,96,96,96,96,96,96,98,98,98],"card_choices":[{"not_picked":["Doom and Gloom","Rebound"],"picked":"Sweeping Beam","floor":1},{"not_picked":["Coolheaded","Rebound"],"picked":"Glacier","floor":3},{"not_picked":["Redo","Barrage"],"picked":"Rebound","floor":5},{"not_picked":["Darkness","Hologram"],"picked":"Leap","floor":6},{"not_picked":["Sweeping Beam","Blizzard"],"picked":"Amplify+1","floor":11},{"not_picked":["Glacier+1","Gash"],"picked":"Stack+1","floor":12},{"not_picked":["Blizzard","Streamline"],"picked":"Chill+1","floor":13},{"not_picked":["Recycle+1","Double Energy+1"],"picked":"Streamline","floor":14},{"not_picked":["All For One","Reboot+1"],"picked":"Electrodynamics","floor":16},{"not_picked":["Leap+1","Conserve Battery+1"],"picked":"Ball Lightning","floor":18},{"not_picked":["Barrage+1","Turbo+1"],"picked":"Ball Lightning","floor":22},{"not_picked":["Force Field+1","Darkness+1"],"picked":"Stack+1","floor":23},{"not_picked":["Lockon","Redo+1"],"picked":"Tempest+1","floor":28},{"not_picked":["Gash","Compile Driver"],"picked":"Chill+1","floor":29},{"not_picked":["Compile Driver","Capacitor"],"picked":"Conserve Battery+1","floor":31},{"not_picked":["Reboot+1","Buffer"],"picked":"Electrodynamics","floor":33},{"not_picked":["Coolheaded+1","Blizzard"],"picked":"Self Repair+1","floor":35},{"not_picked":["Discovery+1","Purity+1"],"picked":"Jack Of All Trades+1","floor":36},{"not_picked":["HandOfGreed","Forethought+1"],"picked":"Discovery+1","floor":36},{"not_picked":["Swift Strike","Madness+1"],"picked":"Flash of Steel","floor":36},{"not_picked":["Darkness+1","Steam+1","Hologram+1"],"picked":"Singing Bowl","floor":37},{"not_picked":["Redo+1","Doom and Gloom"],"picked":"Sunder","floor":39},{"not_picked":["Reprogram+1","Chaos+1"],"picked":"Leap+1","floor":40},{"not_picked":["Steam+1","Cold Snap"],"picked":"Rip and Tear","floor":41},{"not_picked":["Multi-Cast+1","Aggregate+1"],"picked":"Sweeping Beam","floor":42},{"not_picked":["Redo+1","Genetic Algorithm+1"],"picked":"Undo+1","floor":45},{"not_picked":["Cold Snap+1","Go for the Eyes+1","Hologram+1"],"picked":"Singing Bowl","floor":48}],"player_experience":151817,"relics_obtained":[{"floor":6,"key":"Art of War"},{"floor":9,"key":"Toxic Egg 2"},{"floor":11,"key":"Blood Vial"},{"floor":13,"key":"Meat on the Bone"},{"floor":21,"key":"Necronomicon"},{"floor":23,"key":"Kunai"},{"floor":26,"key":"Regal Pillow"},{"floor":28,"key":"Ancient Tea Set"},{"floor":39,"key":"Mango"},{"floor":40,"key":"Smiling Mask"},{"floor":42,"key":"Matryoshka"},{"floor":43,"key":"Whetstone"},{"floor":43,"key":"Lantern"}],"event_choices":[{"damage_healed":0,"gold_gain":0,"player_choice":"Success","damage_taken":3,"relics_obtained":["Pen Nib"],"max_hp_gain":0,"max_hp_loss":0,"event_name":"Scrap Ooze","floor":2,"gold_loss":0},{"cards_removed":["Defend_B"],"damage_healed":0,"gold_gain":0,"player_choice":"Card Removal","damage_taken":7,"max_hp_gain":0,"max_hp_loss":0,"event_name":"Golden Wing","floor":4,"gold_loss":0},{"cards_removed":["Defend_B"],"damage_healed":0,"gold_gain":0,"player_choice":"Card Removal","damage_taken":0,"max_hp_gain":0,"max_hp_loss":0,"event_name":"The Cleric","floor":7,"gold_loss":50},{"damage_healed":0,"gold_gain":30,"player_choice":"Searched \u00273\u0027 times","damage_taken":0,"relics_obtained":["Singing Bowl"],"max_hp_gain":0,"max_hp_loss":0,"event_name":"Dead Adventurer","floor":12,"gold_loss":0},{"damage_healed":0,"gold_gain":0,"player_choice":"Shed Blood","damage_taken":19,"max_hp_gain":5,"max_hp_loss":0,"event_name":"Forgotten Altar","floor":19,"gold_loss":0},{"damage_healed":0,"gold_gain":0,"player_choice":"Obtained Book","damage_taken":16,"max_hp_gain":0,"max_hp_loss":0,"event_name":"Cursed Tome","floor":21,"gold_loss":0},{"damage_healed":0,"gold_gain":0,"player_choice":"Joined the Cult","damage_taken":6,"max_hp_gain":0,"max_hp_loss":0,"event_name":"Nest","floor":24,"gold_loss":0,"cards_obtained":["RitualDagger"]},{"damage_healed":0,"gold_gain":0,"player_choice":"Became a vampire (Vial)","damage_taken":0,"max_hp_gain":0,"max_hp_loss":0,"event_name":"Vampires","floor":25,"relics_lost":["Blood Vial"],"gold_loss":0,"cards_obtained":["Bite","Bite","Bite","Bite","Bite"]},{"damage_healed":0,"gold_gain":0,"player_choice":"Memory 3","damage_taken":10,"max_hp_gain":0,"max_hp_loss":0,"event_name":"SensoryStone","floor":36,"gold_loss":0},{"damage_healed":0,"gold_gain":0,"player_choice":"Embrace Madness","damage_taken":10,"max_hp_gain":0,"max_hp_loss":0,"event_name":"Winding Halls","floor":38,"gold_loss":0,"cards_obtained":["Madness","Madness"]},{"damage_healed":0,"gold_gain":0,"player_choice":"Fight","damage_taken":0,"max_hp_gain":0,"max_hp_loss":0,"event_name":"MindBloom","floor":39,"gold_loss":0},{"damage_healed":0,"gold_gain":100,"player_choice":"Pray","damage_taken":0,"max_hp_gain":0,"max_hp_loss":0,"event_name":"Golden Shrine","floor":46,"gold_loss":0}],"is_beta":false,"boss_relics":[{"not_picked":["Coffee Dripper","Ectoplasm"],"picked":"Sozu"},{"not_picked":["White Beast Statue","Eternal Feather"],"picked":"Nuclear Battery"}],"items_purged_floors":[47],"is_endless":false,"potions_floor_spawned":[1,3,11,13,14,23,28,29,31,35,39,41,48],"ascension_level":2}