{"gold_per_floor":[114,134,134,134,148,174,174,199,223,25,25,25,68,81,81,210,210,230,254,254],"floor_reached":20,"playtime":793,"items_purged":[],"score":278,"play_id":"48ff1a47-ab78-47f8-9da6-175bd629587e","local_time":"20190620220304","is_ascension_mode":true,"campfire_choices":[{"data":"Zap","floor":7.0,"key":"SMITH"},{"data":"Dualcast","floor":11.0,"key":"SMITH"},{"floor":15.0,"key":"REST"}],"neow_cost":"PERCENT_DAMAGE","seed_source_timestamp":149858931322577,"circlet_count":0,"master_deck":["Strike_B","Strike_B","Strike_B","Strike_B","Defend_B","Defend_B","Defend_B","Defend_B","Zap+1","Dualcast+1","Rip and Tear","Rebound","Decay","Rebound","Hologram","Machine Learning","BootSequence","Streamline","All For One","Doom and Gloom","Gash"],"special_seed":0,"relics":["Cracked Core","Incense Burner","Juzu Bracelet","Lantern","Orichalcum","Lee\u0027s Waffle","Golden Idol","Blue Candle","Fusion Hammer"],"potions_floor_usage":[20],"damage_taken":[{"damage":1.0,"enemies":"Cultist","floor":1.0,"turns":3.0},{"damage":2.0,"enemies":"Jaw Worm","floor":2.0,"turns":3.0},{"damage":5.0,"enemies":"Small Slimes","floor":5.0,"turns":3.0},{"damage":26.0,"enemies":"Lagavulin","floor":6.0,"turns":7.0},{"damage":15.0,"enemies":"Gremlin Nob","floor":8.0,"turns":4.0},{"damage":27.0,"enemies":"Lagavulin","floor":13.0,"turns":4.0},{"damage":18.0,"enemies":"Exordium Thugs","floor":14.0,"turns":3.0},{"damage":38.0,"enemies":"Hexaghost","floor":16.0,"turns":12.0},{"damage":11.0,"enemies":"3 Byrds","floor":18.0,"turns":4.0},{"damage":25.0,"enemies":"Shell Parasite","floor":19.0,"turns":5.0},{"damage":27,"enemies":"Centurion and Healer","floor":20,"turns":4}],"seed_played":"8409375325596996183","potions_obtained":[{"floor":5.0,"key":"Dexterity Potion"},{"floor":6.0,"key":"Dexterity Potion"},{"floor":14.0,"key":"Ancient Potion"},{"floor":16.0,"key":"Fire Potion"},{"floor":19.0,"key":"Poison Potion"}],"is_trial":false,"path_per_floor":["M","M","?","?","M","E","R","E","T","$","R","?","E","M","R","B",null,"M","M","M"],"character_chosen":"DEFECT","items_purchased":["Lee\u0027s Waffle"],"campfire_rested":1,"item_purchase_floors":[10],"current_hp_per_floor":[49,47,72,72,67,41,41,26,26,82,82,62,35,17,41,3,62,51,26,0],"gold":254,"neow_bonus":"ONE_RARE_RELIC","is_prod":false,"is_daily":false,"chose_seed":false,"campfire_upgraded":2,"win_rate":0,"timestamp":1561089784,"path_taken":["M","?","?","?","M","E","R","E","T","$","R","?","E","M","R","BOSS","M","M","M"],"build_version":"2019-01-23","purchased_purges":0,"victory":false,"max_hp_per_floor":[75,75,75,75,75,75,75,75,75,82,82,82,82,82,82,82,82,82,82,82],"card_choices":[{"not_picked":["Redo","Go for the Eyes"],"picked":"Rip and Tear","floor":1.0},{"not_picked":["Conserve Battery","Steam"],"picked":"Rebound","floor":2.0},{"not_picked":["Consume","Chaos"],"picked":"Rebound","floor":5.0},{"not_picked":["Tempest","Beam Cell"],"picked":"Hologram","floor":6.0},{"not_picked":["Skim","Tempest"],"picked":"Machine Learning","floor":8.0},{"not_picked":["Fusion","Barrage"],"picked":"BootSequence","floor":13.0},{"not_picked":["Go for the Eyes","Barrage"],"picked":"Streamline","floor":14.0},{"not_picked":["Thunder Strike","Amplify"],"picked":"All For One","floor":16.0},{"not_picked":["Stack+1","Skim"],"picked":"Doom and Gloom","floor":18.0},{"not_picked":["Ball Lightning+1","Fusion+1"],"picked":"Gash","floor":19.0}],"player_experience":379646,"relics_obtained":[{"floor":6.0,"key":"Juzu Bracelet"},{"floor":8.0,"key":"Lantern"},{"floor":9.0,"key":"Orichalcum"},{"floor":13.0,"key":"Blue Candle"}],"event_choices":[{"damage_healed":25.0,"max_hp_gain":0.0,"max_hp_loss":0.0,"gold_gain":0.0,"event_name":"Big Fish","player_choice":"Banana","floor":3.0,"gold_loss":0.0,"damage_taken":0.0},{"damage_healed":0.0,"max_hp_gain":0.0,"max_hp_loss":0.0,"gold_gain":0.0,"event_name":"Wheel of Change","player_choice":"Cursed","floor":4.0,"gold_loss":0.0,"damage_taken":0.0,"cards_obtained":["Decay"]},{"damage_healed":0.0,"max_hp_gain":0.0,"max_hp_loss":0.0,"gold_gain":0.0,"event_name":"Golden Idol","player_choice":"Take Damage","floor":12.0,"gold_loss":0.0,"damage_taken":20.0,"relics_obtained":["Golden Idol"]}],"is_beta":false,"boss_relics":[{"not_picked":["Calling Bell","Runic Dome"],"picked":"Fusion Hammer"}],"items_purged_floors":[],"is_endless":false,"potions_floor_spawned":[5,6,14,16,19],"killed_by":"Centurion and Healer","ascension_level":9}