{"gold_per_floor":[111,126,140,152,42,68,68,102,125,152,3,20,20,35,35,130,130,148,148,166,166],"floor_reached":21,"playtime":1545,"items_purged":[],"score":244,"play_id":"39ca92c3-2853-4604-9746-8182111e4680","local_time":"20190515235121","is_ascension_mode":true,"campfire_choices":[{"data":"Bane","floor":7.0,"key":"SMITH"},{"floor":13,"key":"REST"},{"floor":15,"key":"REST"}],"neow_cost":"NONE","seed_source_timestamp":0,"circlet_count":0,"master_deck":["Defend_G","Defend_G","Defend_G","Defend_G","Defend_G","Strike_G","Strike_G","Strike_G","Strike_G","Strike_G","Survivor","Neutralize","Deadly Poison","Bane+1","Dagger Throw","Blade Dance","All Out Attack","Concentrate","Underhanded Strike","Well Laid Plans","Dagger Spray","Endless Agony","Underhanded Strike","Envenom","Bane+1","Endless Agony"],"special_seed":0,"relics":["Ring of the Snake","Potion Belt","PreservedInsect","Bag of Marbles","Juzu Bracelet","Blood Vial","Bag of Preparation","Black Star"],"potions_floor_usage":[16,16,19,19],"damage_taken":[{"damage":0.0,"enemies":"Cultist","floor":1.0,"turns":4.0},{"damage":0.0,"enemies":"2 Louse","floor":2.0,"turns":2.0},{"damage":4.0,"enemies":"Small Slimes","floor":3.0,"turns":3.0},{"damage":6.0,"enemies":"2 Fungi Beasts","floor":4.0,"turns":4.0},{"damage":45.0,"enemies":"Lagavulin","floor":6.0,"turns":9.0},{"damage":18.0,"enemies":"Gremlin Nob","floor":8.0,"turns":3.0},{"damage":10,"enemies":"Lagavulin","floor":10,"turns":3},{"damage":0,"enemies":"Blue Slaver","floor":12,"turns":2},{"damage":0,"enemies":"Looter","floor":14,"turns":2},{"damage":39,"enemies":"The Guardian","floor":16,"turns":9},{"damage":29,"enemies":"Shell Parasite","floor":18,"turns":6},{"damage":0,"enemies":"3 Byrds","floor":19,"turns":2},{"damage":35,"enemies":"Snake Plant","floor":20,"turns":3},{"damage":20,"enemies":"Snecko","floor":21,"turns":3}],"seed_played":"-2595582870963949064","potions_obtained":[{"floor":1.0,"key":"GamblersBrew"},{"floor":2.0,"key":"SmokeBomb"},{"floor":4.0,"key":"Regen Potion"},{"floor":10,"key":"PowerPotion"},{"floor":14,"key":"SkillPotion"},{"floor":18,"key":"GamblersBrew"},{"floor":20,"key":"SpeedPotion"}],"is_trial":false,"path_per_floor":["M","M","M","M","$","E","R","E","T","E","$","M","R","M","R","B",null,"M","M","M","M"],"character_chosen":"THE_SILENT","items_purchased":["All Out Attack","Concentrate","Bag of Preparation"],"campfire_rested":2,"item_purchase_floors":[5,5,11],"current_hp_per_floor":[70,70,66,60,60,30,30,12,12,2,2,4,25,27,48,11,70,41,43,10,0],"gold":166,"neow_bonus":"RANDOM_COMMON_RELIC","is_prod":false,"is_daily":false,"chose_seed":false,"campfire_upgraded":1,"win_rate":0,"timestamp":1557985881,"path_taken":["M","M","M","M","$","E","R","E","T","E","?","M","R","M","R","BOSS","M","M","M","M"],"build_version":"2019-01-23","purchased_purges":0,"victory":false,"max_hp_per_floor":[70,70,70,70,70,70,70,70,70,70,70,70,70,70,70,70,70,70,70,70,70],"card_choices":[{"not_picked":["Choke","Catalyst"],"picked":"Deadly Poison","floor":1.0},{"not_picked":["Setup","Quick Slash"],"picked":"Bane","floor":2.0},{"not_picked":["Backflip","Dagger Spray"],"picked":"Dagger Throw","floor":3.0},{"not_picked":["Accuracy","Eviscerate"],"picked":"Blade Dance","floor":4.0},{"not_picked":["Envenom","Dodge and Roll"],"picked":"Underhanded Strike","floor":6.0},{"not_picked":["Bullet Time","Wraith Form v2"],"picked":"Well Laid Plans","floor":8.0},{"not_picked":["Quick Slash","Wraith Form v2"],"picked":"Dagger Spray","floor":10},{"not_picked":["Acrobatics","Dodge and Roll"],"picked":"Endless Agony","floor":12},{"not_picked":["Backflip","Slice"],"picked":"Underhanded Strike","floor":14},{"not_picked":["Adrenaline","Phantasmal Killer"],"picked":"Envenom","floor":16},{"not_picked":["Dodge and Roll+1","Dagger Throw"],"picked":"Bane+1","floor":18},{"not_picked":["Accuracy","Dagger Throw"],"picked":"Endless Agony","floor":20}],"player_experience":191378,"relics_obtained":[{"floor":6.0,"key":"PreservedInsect"},{"floor":8.0,"key":"Bag of Marbles"},{"floor":9,"key":"Juzu Bracelet"},{"floor":10,"key":"Blood Vial"}],"event_choices":[],"is_beta":false,"boss_relics":[{"not_picked":["Snecko Eye","Philosopher\u0027s Stone"],"picked":"Black Star"}],"items_purged_floors":[],"is_endless":false,"potions_floor_spawned":[1,2,4,10,14,18,20],"killed_by":"Snecko","ascension_level":4}