{"gold_per_floor":[115,125,139,159,175,203,215,262,274,286,313,337,349,387,399,513,525,547,519,547,572,598,610],"floor_reached":23,"playtime":1842,"items_purged":[],"score":315,"play_id":"290e5a21-e9c7-4e2f-8670-14b65efce4db","local_time":"20190603003403","is_ascension_mode":true,"campfire_choices":[{"data":"Defragment","floor":7,"key":"SMITH"},{"data":"Echo Form","floor":13,"key":"SMITH"},{"data":"Zap","floor":15,"key":"SMITH"}],"neow_cost":"NONE","seed_source_timestamp":1120717836403099,"circlet_count":0,"master_deck":["Zap+1","Dualcast","Ball Lightning","Conserve Battery","Conserve Battery+1","Leap","Defragment+1","Conserve Battery","Echo Form+1","White Noise","Glacier","Aggregate","Buffer","Creative AI","Creative AI","Fission","Genetic Algorithm","Redo+1","Beam Cell","Leap","Conserve Battery+1","White Noise","Chill","Compile Driver"],"relics":["Cracked Core","Blood Vial","MawBank","Bag of Marbles","Oddly Smooth Stone","Orichalcum","Pandora\u0027s Box"],"potions_floor_usage":[5,6,16,16,18,22,23],"damage_taken":[{"damage":8,"enemies":"2 Louse","floor":1,"turns":2},{"damage":1,"enemies":"Cultist","floor":2,"turns":3},{"damage":0,"enemies":"Small Slimes","floor":3,"turns":2},{"damage":2,"enemies":"Red Slaver","floor":4,"turns":3},{"damage":13,"enemies":"Lots of Slimes","floor":5,"turns":5},{"damage":18,"enemies":"Lagavulin","floor":6,"turns":6},{"damage":5,"enemies":"Gremlin Nob","floor":8,"turns":3},{"damage":0,"enemies":"2 Fungi Beasts","floor":11,"turns":4},{"damage":5,"enemies":"Looter","floor":12,"turns":3},{"damage":0,"enemies":"Lagavulin","floor":14,"turns":7},{"damage":22,"enemies":"The Guardian","floor":16,"turns":8},{"damage":0,"enemies":"Chosen","floor":18,"turns":7},{"damage":9,"enemies":"Shell Parasite","floor":20,"turns":4},{"damage":9,"enemies":"Centurion and Healer","floor":21,"turns":9},{"damage":15,"enemies":"Snake Plant","floor":22,"turns":6},{"damage":64,"enemies":"Gremlin Leader","floor":23,"turns":8}],"seed_played":"5788950895655870858","potions_obtained":[{"floor":1,"key":"EssenceOfSteel"},{"floor":4,"key":"GamblersBrew"},{"floor":8,"key":"FearPotion"},{"floor":11,"key":"SpeedPotion"},{"floor":14,"key":"Energy Potion"},{"floor":16,"key":"SpeedPotion"},{"floor":21,"key":"SkillPotion"},{"floor":22,"key":"Energy Potion"}],"is_trial":false,"path_per_floor":["M","M","M","M","M","E","R","E","T","?","M","M","R","E","R","B",null,"M","?","M","M","M","E"],"character_chosen":"DEFECT","items_purchased":[],"campfire_rested":0,"item_purchase_floors":[],"current_hp_per_floor":[67,68,70,70,59,43,43,40,40,40,42,39,39,41,41,21,75,75,75,66,59,46,0],"gold":610,"neow_bonus":"RANDOM_COMMON_RELIC","is_prod":false,"is_daily":false,"chose_seed":false,"campfire_upgraded":3,"win_rate":0,"timestamp":1559543643,"path_taken":["M","M","M","M","M","E","R","E","T","?","M","M","R","E","R","BOSS","M","?","M","?","M","E"],"build_version":"2019-01-23","purchased_purges":0,"victory":false,"max_hp_per_floor":[75,75,75,75,75,75,75,75,75,75,75,75,75,75,75,75,75,75,75,75,75,75,75],"card_choices":[{"not_picked":["Gash","Self Repair"],"picked":"Ball Lightning","floor":1},{"not_picked":["Stack","Barrage"],"picked":"Conserve Battery","floor":2},{"not_picked":["Barrage","Rebound"],"picked":"Conserve Battery","floor":3},{"not_picked":["Barrage","Aggregate"],"picked":"Leap","floor":4},{"not_picked":["Melter","Compile Driver"],"picked":"Defragment","floor":5},{"not_picked":["Hologram","Rip and Tear"],"picked":"Conserve Battery","floor":6},{"not_picked":["Rebound","Barrage"],"picked":"Echo Form","floor":8},{"not_picked":["Compile Driver","Sunder"],"picked":"White Noise","floor":11},{"not_picked":["Stack","Skim"],"picked":"Glacier","floor":12},{"not_picked":["Gash","Recycle"],"picked":"Aggregate","floor":14},{"not_picked":["Multi-Cast","Hyperbeam"],"picked":"Buffer","floor":16},{"not_picked":["Redo","Sweeping Beam"],"picked":"Conserve Battery+1","floor":18},{"not_picked":["Leap","Go for the Eyes+1"],"picked":"White Noise","floor":20},{"not_picked":["Redo","Sweeping Beam+1"],"picked":"Chill","floor":21},{"not_picked":["Gash","Leap"],"picked":"Compile Driver","floor":22}],"player_experience":277548,"relics_obtained":[{"floor":6,"key":"MawBank"},{"floor":8,"key":"Bag of Marbles"},{"floor":9,"key":"Oddly Smooth Stone"},{"floor":14,"key":"Orichalcum"}],"event_choices":[{"cards_removed":["Strike_B"],"damage_healed":0,"gold_gain":0,"player_choice":"Offered Basic","damage_taken":0,"max_hp_gain":0,"max_hp_loss":0,"event_name":"Bonfire Elementals","floor":10,"gold_loss":0},{"damage_healed":0,"gold_gain":0,"player_choice":"Upgraded Two","damage_taken":0,"max_hp_gain":0,"max_hp_loss":0,"event_name":"Designer","floor":19,"gold_loss":40,"cards_upgraded":["Redo","Conserve Battery"]}],"is_beta":false,"boss_relics":[{"not_picked":["White Beast Statue","Ectoplasm"],"picked":"Pandora\u0027s Box"}],"items_purged_floors":[],"is_endless":false,"potions_floor_spawned":[1,4,8,11,14,16,21,22],"killed_by":"Gremlin Leader","ascension_level":4}