{"gold_per_floor":[119,119,132,152,166,198,198,198,224,251,251,147,147,177,177,248,248,219,219],"floor_reached":19,"playtime":602,"items_purged":["Strike_R"],"score":350,"play_id":"2b1f2a1a-457b-45a3-b2d6-51d06948efda","local_time":"20190515221357","is_ascension_mode":true,"campfire_choices":[{"floor":7.0,"key":"REST"},{"floor":11.0,"key":"REST"},{"data":"Bash","floor":13.0,"key":"SMITH"},{"floor":15.0,"key":"REST"}],"neow_cost":"NONE","seed_source_timestamp":10137527473100,"circlet_count":0,"master_deck":["AscendersBane","Strike_R","Strike_R","Strike_R","Defend_R","Defend_R","Defend_R","Defend_R","Bash+1","Armaments","Twin Strike","Inflame","Juggernaut","Headbutt","Metallicize","Havoc","Limit Break","Fire Breathing"],"special_seed":0,"relics":["Burning Blood","Lantern","Centennial Puzzle","Ornamental Fan","Potion Belt","StoneCalendar","Tiny Chest","Velvet Choker"],"potions_floor_usage":[19],"damage_taken":[{"damage":14.0,"enemies":"Small Slimes","floor":1.0,"turns":3.0},{"damage":4.0,"enemies":"Jaw Worm","floor":3.0,"turns":4.0},{"damage":0.0,"enemies":"2 Louse","floor":4.0,"turns":2.0},{"damage":34.0,"enemies":"Exordium Thugs","floor":5.0,"turns":8.0},{"damage":30.0,"enemies":"Lagavulin","floor":6.0,"turns":7.0},{"damage":33.0,"enemies":"Gremlin Nob","floor":10.0,"turns":4.0},{"damage":34.0,"enemies":"Hexaghost","floor":16.0,"turns":7.0},{"damage":20.0,"enemies":"2 Thieves","floor":18.0,"turns":4.0},{"damage":64,"enemies":"Masked Bandits","floor":19,"turns":5}],"seed_played":"1126220486713544917","potions_obtained":[{"floor":1.0,"key":"BloodPotion"},{"floor":5.0,"key":"Fruit Juice"},{"floor":10.0,"key":"Strength Potion"},{"floor":16.0,"key":"PowerPotion"}],"is_trial":false,"path_per_floor":["M","?","M","M","M","E","R","T","T","E","R","$","R","?","R","B",null,"M","?"],"character_chosen":"IRONCLAD","items_purchased":["Havoc"],"campfire_rested":3,"item_purchase_floors":[12],"current_hp_per_floor":[60,53,55,61,38,22,46,46,46,19,43,43,43,32,56,28,67,53,0],"gold":219,"neow_bonus":"RANDOM_COMMON_RELIC","is_prod":false,"is_daily":false,"chose_seed":false,"campfire_upgraded":1,"win_rate":0,"timestamp":1557951237,"path_taken":["M","?","M","M","M","E","R","?","T","E","R","$","R","?","R","BOSS","M","?"],"build_version":"2019-05-07","purchased_purges":1,"victory":false,"max_hp_per_floor":[75,75,75,75,80,80,80,80,80,80,80,80,80,80,80,80,80,80,80],"card_choices":[{"not_picked":["True Grit","Heavy Blade"],"picked":"Armaments","floor":1.0},{"not_picked":["Shrug It Off","Hemokinesis"],"picked":"Twin Strike","floor":3.0},{"not_picked":["Wild Strike","Cleave"],"picked":"Inflame","floor":4.0},{"not_picked":["Thunderclap","Clothesline"],"picked":"Juggernaut","floor":5.0},{"not_picked":["Body Slam","Hemokinesis"],"picked":"Headbutt","floor":6.0},{"not_picked":["True Grit","Thunderclap"],"picked":"Metallicize","floor":10.0},{"not_picked":["Reaper","Feed"],"picked":"Limit Break","floor":16.0},{"not_picked":["Hemokinesis","Clash"],"picked":"Fire Breathing","floor":18.0}],"player_experience":722210,"relics_obtained":[{"floor":6.0,"key":"Centennial Puzzle"},{"floor":8.0,"key":"Ornamental Fan"},{"floor":9.0,"key":"Potion Belt"},{"floor":10.0,"key":"StoneCalendar"}],"event_choices":[{"cards_removed":["Strike_R"],"damage_healed":0.0,"max_hp_gain":0.0,"max_hp_loss":0.0,"gold_gain":0.0,"event_name":"Golden Wing","player_choice":"Card Removal","floor":2.0,"gold_loss":0.0,"damage_taken":7.0},{"damage_healed":0.0,"max_hp_gain":0.0,"max_hp_loss":0.0,"gold_gain":0.0,"event_name":"Scrap Ooze","player_choice":"Success","floor":14.0,"gold_loss":0.0,"damage_taken":11.0,"relics_obtained":["Tiny Chest"]},{"damage_healed":0,"gold_gain":0,"player_choice":"Fought Bandits","damage_taken":0,"max_hp_gain":0,"max_hp_loss":0,"event_name":"Masked Bandits","floor":19,"gold_loss":0}],"is_beta":true,"boss_relics":[{"not_picked":["Runic Dome","Eternal Feather"],"picked":"Velvet Choker"}],"items_purged_floors":[12],"is_endless":false,"potions_floor_spawned":[1,5,10,16],"killed_by":"Masked Bandits","ascension_level":20}