{"gold_per_floor":[115,135,145,145,155,155,167,167,167,132,150,184,131,146,146,218,218,231,21,21,21,21,21,55,55,101,120,120,140,167,181,181,181],"floor_reached":33,"playtime":1012,"items_purged":["Strike_G"],"score":574,"play_id":"b99716b1-2d70-4878-9cb2-3c53d63709cb","local_time":"20190626093702","is_ascension_mode":true,"campfire_choices":[{"floor":6.0,"key":"REST"},{"data":"Sucker Punch","floor":8.0,"key":"SMITH"},{"data":"Neutralize","floor":15.0,"key":"SMITH"},{"floor":23.0,"key":"REST"},{"floor":25.0,"key":"REST"},{"data":"A Thousand Cuts","floor":28.0,"key":"SMITH"},{"floor":32,"key":"REST"}],"neow_cost":"NONE","seed_source_timestamp":201518027279700,"circlet_count":0,"master_deck":["AscendersBane","Strike_G","Strike_G+1","Strike_G","Defend_G","Defend_G","Defend_G","Defend_G","Defend_G","Survivor+1","Neutralize+1","Slice","Endless Agony","Slice","Slice","Sucker Punch+1","Predator","Dodge and Roll","Poisoned Stab","A Thousand Cuts+1","Blade Dance","Burst","Infinite Blades","Backflip+1","Acrobatics+1","Leg Sweep"],"special_seed":0,"relics":["Ring of the Snake","PreservedInsect","Du-Vu Doll","The Specimen","Black Star","MutagenicStrength","Nilry\u0027s Codex","Tingsha","Oddly Smooth Stone","Pen Nib","Sundial","Lantern"],"potions_floor_usage":[30,33],"damage_taken":[{"damage":17.0,"enemies":"Jaw Worm","floor":1.0,"turns":10.0},{"damage":5.0,"enemies":"2 Louse","floor":2.0,"turns":5.0},{"damage":8.0,"enemies":"Small Slimes","floor":3.0,"turns":3.0},{"damage":0.0,"enemies":"Exordium Wildlife","floor":5.0,"turns":2.0},{"damage":1.0,"enemies":"Looter","floor":7.0,"turns":3.0},{"damage":10.0,"enemies":"Gremlin Gang","floor":11.0,"turns":5.0},{"damage":1.0,"enemies":"Lagavulin","floor":12.0,"turns":3.0},{"damage":0.0,"enemies":"2 Fungi Beasts","floor":14.0,"turns":3.0},{"damage":31.0,"enemies":"The Guardian","floor":16.0,"turns":17.0},{"damage":27.0,"enemies":"3 Byrds","floor":18.0,"turns":6.0},{"damage":18.0,"enemies":"Slavers","floor":24.0,"turns":5.0},{"damage":0.0,"enemies":"Spheric Guardian","floor":27.0,"turns":2.0},{"damage":21.0,"enemies":"Cultist and Chosen","floor":29.0,"turns":6.0},{"damage":10,"enemies":"Book of Stabbing","floor":30,"turns":3},{"damage":2,"enemies":"Centurion and Healer","floor":31,"turns":5},{"damage":23,"enemies":"Champ","floor":33,"turns":7}],"seed_played":"2185108804528236779","potions_obtained":[{"floor":2.0,"key":"GhostInAJar"},{"floor":3.0,"key":"Strength Potion"},{"floor":14.0,"key":"Fire Potion"},{"floor":18.0,"key":"Block Potion"},{"floor":29.0,"key":"AttackPotion"},{"floor":31,"key":"LiquidBronze"}],"is_trial":false,"path_per_floor":["M","M","M","?","M","R","M","R","T","?","M","E","?","M","R","B",null,"M","$","?","?","?","R","E","R","T","M","R","M","E","M","R","B"],"character_chosen":"THE_SILENT","items_purchased":["Blade Dance","Regen Potion"],"campfire_rested":4,"item_purchase_floors":[19,19],"current_hp_per_floor":[42,37,29,9,9,28,27,27,27,43,33,32,32,32,32,1,50,23,23,23,2,2,21,17,36,36,36,36,15,5,3,22,0],"gold":181,"neow_bonus":"RANDOM_COMMON_RELIC","is_prod":false,"is_daily":false,"chose_seed":false,"campfire_upgraded":3,"win_rate":0,"timestamp":1561534622,"path_taken":["M","M","M","?","M","R","M","R","T","?","M","E","?","M","R","BOSS","M","$","?","?","?","R","E","R","T","M","R","M","E","M","R","BOSS"],"build_version":"2019-06-24","purchased_purges":1,"victory":false,"max_hp_per_floor":[66,66,66,66,66,66,66,66,66,66,66,66,66,66,66,66,66,66,66,66,66,66,66,66,66,66,66,66,66,66,66,66,66],"card_choices":[{"not_picked":["Bane","Dagger Spray"],"picked":"Slice","floor":1.0},{"not_picked":["Poisoned Stab","Backflip"],"picked":"Endless Agony","floor":2.0},{"not_picked":["Sucker Punch","Dodge and Roll"],"picked":"Slice","floor":3.0},{"not_picked":["Blade Dance","Blur"],"picked":"Slice","floor":5.0},{"not_picked":["Eviscerate","Blade Dance"],"picked":"Sucker Punch","floor":7.0},{"not_picked":["Expertise","Outmaneuver"],"picked":"Predator","floor":11.0},{"not_picked":["Doppelganger","Slice"],"picked":"Dodge and Roll","floor":12.0},{"not_picked":["Terror","Blade Dance"],"picked":"Poisoned Stab","floor":14.0},{"not_picked":["Venomology","Glass Knife"],"picked":"A Thousand Cuts","floor":16.0},{"not_picked":["Outmaneuver","Quick Slash","Bane+1"],"picked":"SKIP","floor":18.0},{"not_picked":["Phantasmal Killer","Dodge and Roll"],"picked":"Burst","floor":24.0},{"not_picked":["Skewer","Deflect"],"picked":"Infinite Blades","floor":27.0},{"not_picked":["Flechettes","Escape Plan+1"],"picked":"Backflip+1","floor":29.0},{"not_picked":["Poisoned Stab","Prepared"],"picked":"Acrobatics+1","floor":30},{"not_picked":["Dagger Throw","Flying Knee"],"picked":"Leg Sweep","floor":31}],"player_experience":891507,"relics_obtained":[{"floor":9.0,"key":"Du-Vu Doll"},{"floor":12.0,"key":"The Specimen"},{"floor":21.0,"key":"Nilry\u0027s Codex"},{"floor":24.0,"key":"Tingsha"},{"floor":24.0,"key":"Oddly Smooth Stone"},{"floor":26.0,"key":"Pen Nib"},{"floor":30,"key":"Sundial"},{"floor":30,"key":"Lantern"}],"event_choices":[{"damage_healed":0.0,"max_hp_gain":0.0,"max_hp_loss":0.0,"gold_gain":0.0,"event_name":"Shining Light","player_choice":"Entered Light","floor":4.0,"gold_loss":0.0,"damage_taken":20.0,"cards_upgraded":["Survivor","Strike_G"]},{"damage_healed":16.0,"max_hp_gain":0.0,"max_hp_loss":0.0,"gold_gain":0.0,"event_name":"The Cleric","player_choice":"Healed","floor":10.0,"gold_loss":35.0,"damage_taken":0.0},{"damage_healed":0.0,"max_hp_gain":0.0,"max_hp_loss":0.0,"gold_gain":0.0,"event_name":"World of Goop","player_choice":"Left Gold","floor":13.0,"gold_loss":53.0,"damage_taken":0.0},{"damage_healed":0.0,"max_hp_gain":0.0,"max_hp_loss":0.0,"gold_gain":0.0,"event_name":"Drug Dealer","player_choice":"Inject Mutagens","floor":20.0,"gold_loss":0.0,"damage_taken":0.0,"relics_obtained":["MutagenicStrength"]},{"damage_healed":0.0,"max_hp_gain":0.0,"max_hp_loss":0.0,"gold_gain":0.0,"event_name":"Cursed Tome","player_choice":"Obtained Book","floor":21.0,"gold_loss":0.0,"damage_taken":21.0},{"cards_removed":["Strike_G"],"damage_healed":0.0,"max_hp_gain":0.0,"max_hp_loss":0.0,"gold_gain":0.0,"event_name":"Back to Basics","player_choice":"Elegance","floor":22.0,"gold_loss":0.0,"damage_taken":0.0}],"is_beta":true,"boss_relics":[{"not_picked":["Ectoplasm","Sozu"],"picked":"Black Star"}],"items_purged_floors":[19],"is_endless":false,"potions_floor_spawned":[2,3,14,18,29,31],"killed_by":"Champ","ascension_level":20}