{"gold_per_floor":[213,233,233,36,61,61,94,94,94,94,132,146,165,190,190,315,315,335,360,360,360,23,23,51,51,119,119,150,150,177,189,189,292,342,356,18,36,36,0,34,53,79,147,4,4,39,54,54,54,54],"floor_reached":51,"playtime":4291,"items_purged":[],"score":1221,"play_id":"62df6d9b-2037-4ebb-98e2-e9cfdf9a2c5c","local_time":"20190605053848","is_ascension_mode":true,"campfire_choices":[{"data":"Noxious Fumes","floor":6,"key":"SMITH"},{"data":"Venomology","floor":8,"key":"SMITH"},{"data":"Catalyst","floor":15,"key":"SMITH"},{"data":"Adrenaline","floor":23,"key":"SMITH"},{"floor":25,"key":"REST"},{"floor":27,"key":"REST"},{"floor":32,"key":"REST"},{"data":"Adrenaline","floor":45,"key":"SMITH"},{"data":"Cloak And Dagger","floor":49,"key":"SMITH"}],"neow_cost":"NONE","seed_source_timestamp":1309377098579513,"circlet_count":0,"master_deck":["Defend_G","Defend_G","Defend_G","Defend_G","Defend_G","Strike_G","Strike_G","Strike_G","Survivor","Neutralize","Predator","Backflip","Noxious Fumes+1","Deadly Poison","Die Die Die","Poisoned Stab","Venomology+1","Catalyst+1","Dagger Spray+1","Dagger Spray","Footwork+1","After Image+1","Deadly Poison","Infinite Blades+1","Adrenaline+1","Dash","Infinite Blades+1","Accuracy+1","Cloak And Dagger+1","Adrenaline+1","Blur","Underhanded Strike","Adrenaline+1","PiercingWail","Backflip","Well Laid Plans+1","Footwork+1","PiercingWail","Riddle With Holes+1","Envenom+1","Bane","Deflect+1","Accuracy+1","Calculated Gamble+1","Footwork+1","Well Laid Plans+1","Backflip+1"],"relics":["Ring of the Snake","Bloody Idol","Dead Branch","Frozen Egg 2","Shuriken","Black Star","Kunai","Matryoshka","Happy Flower","The Courier","Blue Candle","Pantograph","Pocketwatch","Paper Crane","Ice Cream","Tiny House","Gremlin Horn","Red Mask","Potion Belt","Regal Pillow","Dream Catcher","Toxic Egg 2","Darkstone Periapt","Letter Opener","Oddly Smooth Stone","Orichalcum"],"potions_floor_usage":[7,11,11,11,14,18,18,19,19,24,28,30,31,33,40,42,46,47,47,50,50,50,50,50],"damage_taken":[{"damage":0,"enemies":"2 Louse","floor":1,"turns":4},{"damage":3,"enemies":"Small Slimes","floor":2,"turns":3},{"damage":0,"enemies":"Cultist","floor":5,"turns":3},{"damage":20,"enemies":"3 Sentries","floor":7,"turns":6},{"damage":8,"enemies":"Lagavulin","floor":11,"turns":7},{"damage":0,"enemies":"Large Slime","floor":12,"turns":4},{"damage":4,"enemies":"Looter","floor":13,"turns":4},{"damage":0,"enemies":"Lots of Slimes","floor":14,"turns":1},{"damage":1,"enemies":"The Guardian","floor":16,"turns":9},{"damage":0,"enemies":"Spheric Guardian","floor":18,"turns":5},{"damage":5,"enemies":"3 Byrds","floor":19,"turns":3},{"damage":43,"enemies":"Slavers","floor":24,"turns":5},{"damage":32,"enemies":"Gremlin Leader","floor":28,"turns":5},{"damage":21,"enemies":"Slavers","floor":30,"turns":3},{"damage":0,"enemies":"Snake Plant","floor":31,"turns":5},{"damage":29,"enemies":"Collector","floor":33,"turns":5},{"damage":2,"enemies":"Orb Walker","floor":35,"turns":3},{"damage":0,"enemies":"3 Shapes","floor":37,"turns":5},{"damage":0,"enemies":"Nemesis","floor":40,"turns":7},{"damage":0,"enemies":"Maw","floor":41,"turns":5},{"damage":5,"enemies":"Giant Head","floor":42,"turns":6},{"damage":9,"enemies":"Nemesis","floor":46,"turns":5},{"damage":9,"enemies":"3 Darklings","floor":47,"turns":4},{"damage":32,"enemies":"Donu and Deca","floor":50,"turns":7}],"seed_played":"-6062327725699510947","potions_obtained":[{"floor":1,"key":"Swift Potion"},{"floor":10,"key":"LiquidBronze"},{"floor":10,"key":"AttackPotion"},{"floor":10,"key":"PowerPotion"},{"floor":11,"key":"SkillPotion"},{"floor":12,"key":"LiquidBronze"},{"floor":16,"key":"AttackPotion"},{"floor":19,"key":"Ancient Potion"},{"floor":33,"key":"Weak Potion"},{"floor":34,"key":"Fire Potion"},{"floor":35,"key":"Explosive Potion"},{"floor":37,"key":"EssenceOfSteel"},{"floor":41,"key":"Ancient Potion"},{"floor":46,"key":"FearPotion"}],"is_trial":false,"path_per_floor":["M","M","?","$","M","R","E","R","T","?","E","M","M","M","R","B",null,"M","M","?","?","$","R","E","R","T","R","E","?","E","M","R","B",null,"M","$","M","$","?","E","M","E","T","$","R","E","M","?","R","B",null],"character_chosen":"THE_SILENT","items_purchased":["Noxious Fumes","Deadly Poison","Die Die Die","Infinite Blades+1","Kunai","Gremlin Horn","Well Laid Plans+1","Footwork+1","PiercingWail","Accuracy+1","Calculated Gamble+1","Footwork+1"],"campfire_rested":3,"item_purchase_floors":[4,4,4,22,22,36,36,36,36,44,44,44],"current_hp_per_floor":[63,60,60,60,60,60,40,40,40,40,32,32,28,28,28,27,56,56,51,51,51,51,51,13,32,37,56,29,29,13,18,37,38,65,68,68,70,70,70,70,70,70,70,70,70,66,62,62,62,34],"gold":54,"neow_bonus":"HUNDRED_GOLD","is_prod":false,"is_daily":false,"chose_seed":false,"campfire_upgraded":6,"win_rate":0,"timestamp":1559734728,"path_taken":["M","M","?","$","M","R","E","R","T","?","E","M","M","M","R","BOSS","M","M","?","?","$","R","E","R","T","R","E","?","E","M","R","BOSS","M","?","M","$","?","E","M","E","T","$","R","E","M","?","R","BOSS"],"build_version":"2019-01-23","purchased_purges":0,"victory":true,"max_hp_per_floor":[70,70,65,65,65,65,65,65,65,65,65,65,65,65,65,65,65,65,65,65,65,65,65,65,65,65,65,65,65,65,65,65,65,70,70,70,70,70,70,70,70,70,70,70,70,70,70,66,66,66],"card_choices":[{"not_picked":["Calculated Gamble","Finisher"],"picked":"Predator","floor":1},{"not_picked":["Underhanded Strike","Blade Dance"],"picked":"Backflip","floor":2},{"not_picked":["Dagger Throw","Distraction"],"picked":"Poisoned Stab","floor":5},{"not_picked":["Heel Hook","Choke"],"picked":"Venomology","floor":7},{"not_picked":["Quick Slash","Calculated Gamble"],"picked":"Catalyst","floor":11},{"not_picked":["Masterful Stab","Dagger Throw"],"picked":"Dagger Spray","floor":12},{"not_picked":["Flying Knee","Distraction"],"picked":"Dagger Spray","floor":13},{"not_picked":["Sucker Punch","Cloak And Dagger"],"picked":"Footwork+1","floor":14},{"not_picked":["A Thousand Cuts+1","Burst"],"picked":"After Image+1","floor":16},{"not_picked":["Deflect+1","Setup"],"picked":"Deadly Poison","floor":18},{"not_picked":["Catalyst+1","Tactician+1"],"picked":"Infinite Blades+1","floor":19},{"not_picked":["Leg Sweep+1","Sucker Punch"],"picked":"Accuracy+1","floor":24},{"not_picked":["Slice","Dagger Spray+1"],"picked":"Cloak And Dagger","floor":28},{"not_picked":["Deflect","Grand Finale"],"picked":"Blur","floor":30},{"not_picked":["Prepared+1","Heel Hook"],"picked":"Underhanded Strike","floor":31},{"not_picked":["Tools of the Trade+1","Doppelganger"],"picked":"Adrenaline","floor":33},{"not_picked":["Masterful Stab+1","Backflip"],"picked":"PiercingWail","floor":34},{"not_picked":["Quick Slash+1","Masterful Stab"],"picked":"Backflip","floor":35},{"not_picked":["Setup","Heel Hook"],"picked":"Riddle With Holes+1","floor":37},{"not_picked":["Underhanded Strike+1","Terror"],"picked":"Envenom+1","floor":40},{"not_picked":["PiercingWail","Deflect"],"picked":"Bane","floor":41},{"not_picked":["Flying Knee+1","Bane"],"picked":"Deflect+1","floor":42},{"not_picked":["Infinite Blades+1","Deadly Poison+1"],"picked":"Well Laid Plans+1","floor":46},{"not_picked":["Acrobatics+1","Dagger Spray+1"],"picked":"Backflip+1","floor":47}],"player_experience":296487,"relics_obtained":[{"floor":7,"key":"Dead Branch"},{"floor":9,"key":"Frozen Egg 2"},{"floor":11,"key":"Shuriken"},{"floor":24,"key":"Matryoshka"},{"floor":24,"key":"Happy Flower"},{"floor":26,"key":"The Courier"},{"floor":26,"key":"Blue Candle"},{"floor":28,"key":"Pantograph"},{"floor":28,"key":"Pocketwatch"},{"floor":30,"key":"Paper Crane"},{"floor":30,"key":"Ice Cream"},{"floor":40,"key":"Potion Belt"},{"floor":40,"key":"Regal Pillow"},{"floor":42,"key":"Dream Catcher"},{"floor":42,"key":"Toxic Egg 2"},{"floor":43,"key":"Darkstone Periapt"},{"floor":43,"key":"Letter Opener"},{"floor":46,"key":"Oddly Smooth Stone"},{"floor":46,"key":"Orichalcum"}],"event_choices":[{"damage_healed":0,"gold_gain":0,"player_choice":"Lose Max HP","damage_taken":0,"relics_obtained":["Golden Idol"],"max_hp_gain":0,"max_hp_loss":5,"event_name":"Golden Idol","floor":3,"gold_loss":0},{"damage_healed":0,"gold_gain":0,"player_choice":"Got Potions","damage_taken":0,"max_hp_gain":0,"max_hp_loss":0,"event_name":"Lab","floor":10,"gold_loss":0},{"damage_healed":0,"gold_gain":0,"cards_transformed":["Strike_G","Strike_G"],"player_choice":"Became Test Subject","damage_taken":0,"max_hp_gain":0,"max_hp_loss":0,"event_name":"Drug Dealer","floor":20,"gold_loss":0,"cards_obtained":["Adrenaline","Dash"]},{"damage_healed":0,"gold_gain":0,"player_choice":"Gave Idol","damage_taken":0,"relics_obtained":["Bloody Idol"],"max_hp_gain":0,"max_hp_loss":0,"event_name":"Forgotten Altar","floor":21,"relics_lost":["Golden Idol"],"gold_loss":0},{"damage_healed":0,"gold_gain":0,"player_choice":"Copied","damage_taken":0,"max_hp_gain":0,"max_hp_loss":0,"event_name":"Duplicator","floor":29,"gold_loss":0,"cards_obtained":["Adrenaline"]},{"damage_healed":0,"gold_gain":0,"player_choice":"Paid","damage_taken":0,"relics_obtained":["Red Mask"],"max_hp_gain":0,"max_hp_loss":0,"event_name":"Tomb of Lord Red Mask","floor":39,"gold_loss":36},{"damage_healed":0,"gold_gain":0,"player_choice":"Max HP","damage_taken":0,"max_hp_gain":0,"max_hp_loss":4,"event_name":"Winding Halls","floor":48,"gold_loss":0}],"is_beta":false,"boss_relics":[{"not_picked":["Snecko Eye","Lizard Tail"],"picked":"Black Star"},{"not_picked":["Velvet Choker","Fusion Hammer"],"picked":"Tiny House"}],"items_purged_floors":[],"is_endless":false,"potions_floor_spawned":[1,11,12,16,19,33,35,37,41,46],"ascension_level":8}