{"gold_per_floor":[114,134,144,160,20,55,74,101,101,101,113,130,161,178,178,280,280,296,331,32,44,55,88,13,13,13,40,40,51,85,95,95,197,197,211,222,55,72,72,105,123,158,226,252,264,286,298,354,366,378],"floor_reached":51,"playtime":4297,"items_purged":["Strike_R"],"score":962,"play_id":"0f539664-8b25-4ae1-ac0c-848dc3257c18","local_time":"20181007194129","is_ascension_mode":true,"campfire_choices":[{"data":"Shrug It Off","floor":10,"key":"SMITH"},{"data":"Feed","floor":15,"key":"SMITH"},{"data":"Body Slam","floor":25,"key":"SMITH"},{"floor":32,"key":"REST"},{"data":"Body Slam","floor":47,"key":"SMITH"},{"floor":49,"key":"REST"}],"neow_cost":"","seed_source_timestamp":1869490165574846,"circlet_count":0,"master_deck":["Bash","Body Slam+1","True Grit+1","Shrug It Off+1","Metallicize","Feed+1","Inflame","Iron Wave","Iron Wave","Offering","Entrench","Seeing Red","Shrug It Off","Brutality","Blood for Blood","Infernal Blade+1","Ghostly Armor+1","Metallicize","Carnage","Power Through+1","Flex","RitualDagger","Shrug It Off+1","Body Slam","Shrug It Off+1","Reaper","Metallicize","Pummel","Body Slam+1","Uppercut","Dual Wield","Clash","Headbutt","Ghostly Armor","Spot Weakness+1","Body Slam","Heavy Blade","Madness","Madness","Inflame","Flex+1","Body Slam+1","Heavy Blade","Transmutation","Master of Strategy","Dramatic Entrance","Clash","Pommel Strike+1"],"relics":["Burning Blood","PreservedInsect","Vajra","Bottled Lightning","Gremlin Horn","Sozu","Red Mask","Oddly Smooth Stone","Sundial","Bottled Flame","Ginger","Self Forming Clay","Pandora\u0027s Box","War Paint","Turnip","MawBank","Tiny Chest","Art of War"],"potions_floor_usage":[3,7,8,12,13,22],"damage_taken":[{"damage":1,"enemies":"Cultist","floor":1,"turns":4},{"damage":11,"enemies":"Jaw Worm","floor":2,"turns":4},{"damage":5,"enemies":"Small Slimes","floor":3,"turns":3},{"damage":1,"enemies":"2 Fungi Beasts","floor":4,"turns":5},{"damage":30,"enemies":"Gremlin Nob","floor":6,"turns":5},{"damage":2,"enemies":"Looter","floor":7,"turns":4},{"damage":5,"enemies":"Lagavulin","floor":8,"turns":6},{"damage":0,"enemies":"3 Louse","floor":11,"turns":4},{"damage":8,"enemies":"2 Fungi Beasts","floor":12,"turns":4},{"damage":12,"enemies":"3 Sentries","floor":13,"turns":6},{"damage":0,"enemies":"Looter","floor":14,"turns":3},{"damage":25,"enemies":"Slime Boss","floor":16,"turns":16},{"damage":12,"enemies":"Shell Parasite","floor":18,"turns":4},{"damage":14,"enemies":"Masked Bandits","floor":19,"turns":5},{"damage":3,"enemies":"Chosen","floor":21,"turns":4},{"damage":9,"enemies":"Snake Plant","floor":22,"turns":5},{"damage":13,"enemies":"Book of Stabbing","floor":23,"turns":5},{"damage":41,"enemies":"Gremlin Leader","floor":27,"turns":5},{"damage":14,"enemies":"Centurion and Healer","floor":29,"turns":6},{"damage":17,"enemies":"Book of Stabbing","floor":30,"turns":3},{"damage":8,"enemies":"Chosen and Byrds","floor":31,"turns":4},{"damage":30,"enemies":"Collector","floor":33,"turns":11},{"damage":6,"enemies":"3 Shapes","floor":35,"turns":3},{"damage":0,"enemies":"Orb Walker","floor":36,"turns":2},{"damage":17,"enemies":"Sphere and 2 Shapes","floor":38,"turns":5},{"damage":28,"enemies":"Nemesis","floor":40,"turns":7},{"damage":14,"enemies":"3 Darklings","floor":41,"turns":4},{"damage":17,"enemies":"2 Orb Walkers","floor":42,"turns":4},{"damage":6,"enemies":"4 Shapes","floor":44,"turns":2},{"damage":16,"enemies":"Sphere and 2 Shapes","floor":46,"turns":4},{"damage":22,"enemies":"Giant Head","floor":48,"turns":6},{"damage":113,"enemies":"Donu and Deca","floor":50,"turns":10}],"seed_played":"6858253401835669198","potions_obtained":[{"floor":2,"key":"LiquidBronze"},{"floor":3,"key":"Energy Potion"},{"floor":6,"key":"SteroidPotion"},{"floor":8,"key":"Dexterity Potion"},{"floor":12,"key":"AttackPotion"},{"floor":13,"key":"Block Potion"}],"is_trial":false,"path_per_floor":["M","M","M","M","$","E","M","E","T","R","M","M","E","M","R","B",null,"M","?","$","M","M","E","?","R","T","E","?","M","E","M","R","B",null,"M","M","$","M","?","E","M","E","T","M","?","M","R","E","R","B"],"character_chosen":"IRONCLAD","items_purchased":["Feed","Oddly Smooth Stone","Ghostly Armor","Body Slam","War Paint"],"campfire_rested":2,"item_purchase_floors":[5,20,20,37,37],"current_hp_per_floor":[80,75,76,80,80,56,63,67,67,67,76,77,74,80,80,61,95,89,85,85,88,89,86,86,86,86,51,45,41,30,32,66,42,115,119,119,119,112,97,85,93,89,89,93,83,90,90,91,130,45],"gold":390,"neow_bonus":"","is_prod":false,"is_daily":false,"chose_seed":false,"campfire_upgraded":4,"win_rate":0,"timestamp":1538962889,"path_taken":["M","M","M","?","$","E","M","E","T","R","M","M","E","M","R","BOSS","M","?","$","M","M","E","?","R","T","E","?","M","E","?","R","BOSS","M","M","$","M","?","E","M","E","T","M","?","?","R","E","R","BOSS"],"build_version":"2018-10-04v2","purchased_purges":1,"victory":true,"max_hp_per_floor":[80,80,80,80,80,80,83,86,86,86,89,92,95,95,95,95,95,95,99,99,99,103,107,107,107,107,107,107,111,111,115,115,115,115,119,119,119,123,123,123,123,123,123,127,127,131,131,131,131,131],"card_choices":[{"not_picked":["Perfected Strike","Clothesline"],"picked":"Body Slam","floor":1},{"not_picked":["Pommel Strike","Intimidate"],"picked":"True Grit","floor":2},{"not_picked":["Twin Strike","Flex"],"picked":"Shrug It Off","floor":3},{"not_picked":["Shrug It Off","Ghostly Armor"],"picked":"Metallicize","floor":4},{"not_picked":["Fire Breathing","Hemokinesis"],"picked":"Inflame","floor":6},{"not_picked":["Flex","Sword Boomerang"],"picked":"Iron Wave","floor":7},{"not_picked":["Fire Breathing","True Grit"],"picked":"Iron Wave","floor":8},{"not_picked":["Headbutt","Twin Strike"],"picked":"Offering","floor":11},{"not_picked":["Whirlwind","Warcry"],"picked":"Entrench","floor":12},{"not_picked":["Clash","Blood for Blood"],"picked":"Seeing Red","floor":13},{"not_picked":["Warcry","Headbutt"],"picked":"Shrug It Off","floor":14},{"not_picked":["Double Tap","Offering"],"picked":"Brutality","floor":16},{"not_picked":["Cleave+1","Power Through"],"picked":"Blood for Blood","floor":18},{"not_picked":["Cleave","Perfected Strike"],"picked":"Infernal Blade+1","floor":19},{"not_picked":["Heavy Blade+1","Warcry+1"],"picked":"Metallicize","floor":21},{"not_picked":["Clash","Dropkick"],"picked":"Carnage","floor":22},{"not_picked":["Cleave+1","True Grit"],"picked":"Power Through+1","floor":23},{"not_picked":["True Grit","Perfected Strike"],"picked":"Flex","floor":27},{"not_picked":["Rampage","Flame Barrier"],"picked":"Shrug It Off+1","floor":29},{"not_picked":["Corruption","Sword Boomerang"],"picked":"Body Slam","floor":30},{"not_picked":["Whirlwind","Iron Wave"],"picked":"Shrug It Off+1","floor":31},{"not_picked":["Bludgeon","Offering"],"picked":"Reaper","floor":33},{"not_picked":["Clothesline","Battle Trance"],"picked":"Ghostly Armor","floor":35},{"not_picked":["Cleave","True Grit"],"picked":"Spot Weakness+1","floor":36},{"not_picked":["Uppercut","Pommel Strike+1"],"picked":"Heavy Blade","floor":38},{"not_picked":["Reckless Charge+1","Fire Breathing"],"picked":"Inflame","floor":40},{"not_picked":["Sword Boomerang","Perfected Strike+1"],"picked":"Flex+1","floor":41},{"not_picked":["Flex","Clash+1"],"picked":"Body Slam+1","floor":42},{"not_picked":["Infernal Blade","Whirlwind"],"picked":"Heavy Blade","floor":44},{"not_picked":["PanicButton","The Bomb"],"picked":"Transmutation","floor":45},{"not_picked":["Transmutation","Good Instincts"],"picked":"Master of Strategy","floor":45},{"not_picked":["Secret Technique","Purity"],"picked":"Dramatic Entrance","floor":45},{"not_picked":["Searing Blow","Armaments"],"picked":"Clash","floor":46},{"not_picked":["Feel No Pain+1","Cleave+1"],"picked":"Pommel Strike+1","floor":48}],"player_experience":80203,"relics_obtained":[{"floor":6,"key":"PreservedInsect"},{"floor":8,"key":"Vajra"},{"floor":9,"key":"Bottled Lightning"},{"floor":13,"key":"Gremlin Horn"},{"floor":19,"key":"Red Mask"},{"floor":23,"key":"Sundial"},{"floor":26,"key":"Bottled Flame"},{"floor":27,"key":"Ginger"},{"floor":30,"key":"Self Forming Clay"},{"floor":40,"key":"Turnip"},{"floor":42,"key":"MawBank"},{"floor":43,"key":"Tiny Chest"},{"floor":48,"key":"Art of War"}],"event_choices":[{"event_name":"Masked Bandits","player_choice":"Fought Bandits","floor":19,"damage_taken":0},{"event_name":"Beggar","player_choice":"Gave Gold","floor":24,"damage_taken":0},{"event_name":"Nest","player_choice":"Joined the Cult","floor":28,"damage_taken":0},{"event_name":"Winding Halls","player_choice":"Embrace Madness","floor":39,"damage_taken":0},{"event_name":"SensoryStone","player_choice":"Memory 3","floor":45,"damage_taken":0}],"is_beta":false,"boss_relics":[{"not_picked":["White Beast Statue","Empty Cage"],"picked":"Sozu"},{"not_picked":["Calling Bell","Lizard Tail"],"picked":"Pandora\u0027s Box"}],"items_purged_floors":[20],"is_endless":false,"potions_floor_spawned":[2,3,6,8,12,13,18,19,30,35,38,41],"ascension_level":1}