{"gold_per_floor":[115,130,205,205,220,220,233,265,265,283,317,317,330,60,60,137,137,107,107,120,132,144,144,161,161,184,184,184,198,210,226,226,226],"floor_reached":33,"playtime":1441,"items_purged":[],"score":500,"play_id":"e11fe6d1-87d7-4af8-8b88-02412240e895","local_time":"20190618062450","is_ascension_mode":true,"campfire_choices":[{"data":"Dualcast","floor":6.0,"key":"SMITH"},{"floor":12,"key":"REST"},{"data":"Go for the Eyes","floor":15,"key":"SMITH"},{"floor":23,"key":"REST"},{"data":"Multi-Cast","floor":25,"key":"SMITH"},{"floor":27,"key":"REST"},{"floor":32,"key":"REST"}],"neow_cost":"NONE","seed_source_timestamp":0,"circlet_count":0,"master_deck":["AscendersBane","Strike_B","Strike_B","Strike_B","Strike_B","Defend_B","Defend_B","Defend_B","Defend_B","Zap+1","Dualcast+1","Cold Snap","Gash","Static Discharge","Cold Snap","Sunder","Go for the Eyes+1","Buffer","Machine Learning","Scrape","Gash","Compile Driver","Cold Snap","Conserve Battery","Tempest","Compile Driver","Multi-Cast+1","Compile Driver","Hologram+1","Coolheaded","Auto Shields+1"],"special_seed":0,"relics":["Cracked Core","Gremlin Horn","Sundial","Meat on the Bone","Kunai","Orrery","Blood Vial"],"potions_floor_usage":[10,16,21,28,33,33],"damage_taken":[{"damage":1.0,"enemies":"Cultist","floor":1.0,"turns":3.0},{"damage":1.0,"enemies":"Small Slimes","floor":2.0,"turns":2.0},{"damage":0.0,"enemies":"2 Louse","floor":5.0,"turns":2.0},{"damage":8.0,"enemies":"Lots of Slimes","floor":7.0,"turns":4.0},{"damage":43.0,"enemies":"Gremlin Nob","floor":8.0,"turns":5.0},{"damage":0,"enemies":"Gremlin Gang","floor":10,"turns":1},{"damage":3,"enemies":"3 Sentries","floor":11,"turns":5},{"damage":4,"enemies":"2 Fungi Beasts","floor":13,"turns":2},{"damage":10,"enemies":"Slime Boss","floor":16,"turns":8},{"damage":24,"enemies":"2 Thieves","floor":18,"turns":4},{"damage":11,"enemies":"Spheric Guardian","floor":20,"turns":5},{"damage":23,"enemies":"Shelled Parasite and Fungi","floor":21,"turns":5},{"damage":16,"enemies":"Centurion and Healer","floor":22,"turns":8},{"damage":31,"enemies":"Sentry and Sphere","floor":24,"turns":7},{"damage":33,"enemies":"Snake Plant","floor":29,"turns":6},{"damage":17,"enemies":"Centurion and Healer","floor":30,"turns":8},{"damage":18,"enemies":"Chosen and Byrds","floor":31,"turns":6},{"damage":51,"enemies":"Champ","floor":33,"turns":15}],"seed_played":"-4229408384329622538","potions_obtained":[{"floor":2.0,"key":"EssenceOfSteel"},{"floor":5.0,"key":"SteroidPotion"},{"floor":8.0,"key":"AttackPotion"},{"floor":10,"key":"Fire Potion"},{"floor":18,"key":"Strength Potion"},{"floor":28,"key":"Fruit Juice"},{"floor":28,"key":"GamblersBrew"}],"is_trial":false,"path_per_floor":["M","M","?","?","M","R","M","E","T","M","E","R","M","$","R","B",null,"M","?","M","M","M","R","M","R","T","R","?","M","M","M","R","B"],"character_chosen":"DEFECT","items_purchased":["Kunai"],"campfire_rested":4,"item_purchase_floors":[14],"current_hp_per_floor":[63,62,51,71,71,71,63,20,20,20,17,38,46,46,46,36,62,38,38,39,28,24,45,26,26,26,47,52,33,30,26,48,0],"gold":226,"neow_bonus":"UPGRADE_CARD","is_prod":false,"is_daily":false,"chose_seed":false,"campfire_upgraded":3,"win_rate":0,"timestamp":1560831890,"path_taken":["M","M","?","?","M","R","?","E","T","M","E","R","M","$","R","BOSS","M","?","M","?","?","R","M","R","T","R","?","M","M","?","R","BOSS"],"build_version":"2019-06-13","purchased_purges":0,"victory":false,"max_hp_per_floor":[71,71,71,71,71,71,71,71,71,71,71,71,71,71,71,71,71,71,71,71,71,71,71,71,71,71,71,76,76,76,76,76,76],"card_choices":[{"not_picked":["Sweeping Beam","Leap"],"picked":"Cold Snap","floor":1.0},{"not_picked":["Redo","Reinforced Body"],"picked":"Gash","floor":2.0},{"not_picked":["Lockon","Skim"],"picked":"Static Discharge","floor":5.0},{"not_picked":["Streamline","White Noise"],"picked":"Cold Snap","floor":7.0},{"not_picked":["Static Discharge","Hello World","Force Field"],"picked":"SKIP","floor":8.0},{"not_picked":["Capacitor","Turbo"],"picked":"Sunder","floor":10},{"not_picked":["Steam","Conserve Battery"],"picked":"Go for the Eyes","floor":11},{"not_picked":["Loop","Coolheaded"],"picked":"Buffer","floor":13},{"not_picked":["Amplify","Thunder Strike"],"picked":"Machine Learning","floor":16},{"not_picked":["Streamline","Barrage"],"picked":"Scrape","floor":17},{"not_picked":["Leap","Turbo"],"picked":"Gash","floor":17},{"not_picked":["Streamline","Fission"],"picked":"Compile Driver","floor":17},{"not_picked":["Rebound","Redo"],"picked":"Cold Snap","floor":17},{"not_picked":["Melter","Stack"],"picked":"Conserve Battery","floor":18},{"not_picked":["Steam Power","Rip and Tear","Lockon"],"picked":"SKIP","floor":20},{"not_picked":["Conserve Battery","Doom and Gloom"],"picked":"Compile Driver","floor":21},{"not_picked":["Cold Snap","Compile Driver"],"picked":"Multi-Cast","floor":22},{"not_picked":["Glacier","Scrape"],"picked":"Compile Driver","floor":24},{"not_picked":["Capacitor","Stack"],"picked":"Hologram+1","floor":29},{"not_picked":["Stack","Glacier"],"picked":"Coolheaded","floor":30},{"not_picked":["Rip and Tear","Barrage"],"picked":"Auto Shields+1","floor":31}],"player_experience":861154,"relics_obtained":[{"floor":8.0,"key":"Gremlin Horn"},{"floor":9,"key":"Sundial"},{"floor":11,"key":"Meat on the Bone"},{"floor":26,"key":"Blood Vial"}],"event_choices":[{"damage_healed":0.0,"max_hp_gain":0.0,"max_hp_loss":0.0,"gold_gain":75.0,"event_name":"World of Goop","player_choice":"Gather Gold","floor":3.0,"gold_loss":0.0,"damage_taken":11.0},{"damage_healed":20.0,"max_hp_gain":0.0,"max_hp_loss":0.0,"gold_gain":0.0,"event_name":"Wheel of Change","player_choice":"Full Heal","floor":4.0,"gold_loss":0.0,"damage_taken":0.0},{"damage_healed":0,"gold_gain":0,"player_choice":"1 cards matched","damage_taken":0,"max_hp_gain":0,"max_hp_loss":0,"event_name":"Match and Keep!","floor":19,"gold_loss":0,"cards_obtained":["Tempest"]},{"damage_healed":0,"gold_gain":0,"player_choice":"Got Potions","damage_taken":0,"max_hp_gain":0,"max_hp_loss":0,"event_name":"Lab","floor":28,"gold_loss":0}],"is_beta":true,"boss_relics":[{"not_picked":["Coffee Dripper","Runic Dome"],"picked":"Orrery"}],"items_purged_floors":[],"is_endless":false,"potions_floor_spawned":[2,5,8,10,18,29,30,31],"killed_by":"Champ","ascension_level":18}