{"gold_per_floor":[109,121,121,134,153,153,185,185,211,66,66],"floor_reached":11,"playtime":436,"items_purged":["Strike_B"],"score":128,"play_id":"0f66fef9-16a1-41d1-a601-56ef74c0159f","local_time":"20190614161006","is_ascension_mode":true,"campfire_choices":[{"floor":6,"key":"REST"}],"neow_cost":"TEN_PERCENT_HP_LOSS","seed_source_timestamp":108399409039800,"circlet_count":0,"master_deck":["AscendersBane","Strike_B","Strike_B","Defend_B","Defend_B","Defend_B","Defend_B","Zap+1","Dualcast","Ball Lightning","FTL","Gash","Coolheaded","Capacitor","Cold Snap","Steam"],"relics":["Cracked Core","Ginger","Boot","PreservedInsect"],"potions_floor_usage":[7,7],"damage_taken":[{"damage":12,"enemies":"Jaw Worm","floor":1,"turns":3},{"damage":1,"enemies":"Cultist","floor":2,"turns":3},{"damage":13,"enemies":"Small Slimes","floor":4,"turns":3},{"damage":25,"enemies":"Gremlin Gang","floor":5,"turns":3},{"damage":13,"enemies":"3 Sentries","floor":7,"turns":5},{"damage":25,"enemies":"Gremlin Nob","floor":11,"turns":3}],"seed_played":"-7772151535607524844","potions_obtained":[{"floor":2,"key":"Swift Potion"},{"floor":5,"key":"AttackPotion"}],"is_trial":false,"path_per_floor":["M","M","?","M","M","R","E","?","T","$","E"],"character_chosen":"DEFECT","items_purchased":["Cold Snap","Steam"],"campfire_rested":1,"item_purchase_floors":[10,10],"current_hp_per_floor":[52,51,51,38,13,32,19,19,19,19,0],"gold":66,"neow_bonus":"ONE_RARE_RELIC","is_prod":false,"is_daily":false,"chose_seed":false,"campfire_upgraded":0,"win_rate":0,"timestamp":1560521406,"path_taken":["M","M","?","?","M","R","E","?","T","$","E"],"build_version":"2019-06-13","purchased_purges":1,"victory":false,"max_hp_per_floor":[64,64,64,64,64,64,64,64,64,64,64],"card_choices":[{"not_picked":["Turbo","Leap"],"picked":"Ball Lightning","floor":1},{"not_picked":["Capacitor","Sunder"],"picked":"FTL","floor":2},{"not_picked":["Steam","Blizzard"],"picked":"Gash","floor":4},{"not_picked":["Melter","Redo"],"picked":"Coolheaded","floor":5},{"not_picked":["Turbo","Static Discharge"],"picked":"Capacitor","floor":7}],"player_experience":836210,"relics_obtained":[{"floor":7,"key":"Boot"},{"floor":9,"key":"PreservedInsect"}],"event_choices":[{"damage_healed":0,"gold_gain":0,"player_choice":"Upgraded","damage_taken":0,"max_hp_gain":0,"max_hp_loss":0,"event_name":"Upgrade Shrine","floor":3,"gold_loss":0,"cards_upgraded":["Zap"]},{"cards_removed":["Strike_B"],"damage_healed":0,"gold_gain":0,"player_choice":"Forget","damage_taken":0,"max_hp_gain":0,"max_hp_loss":0,"event_name":"Living Wall","floor":8,"gold_loss":0}],"is_beta":true,"boss_relics":[],"items_purged_floors":[10],"is_endless":false,"potions_floor_spawned":[2,5],"killed_by":"Gremlin Nob","ascension_level":15}