{"gold_per_floor":[219,219,238,313,41,67,67,88,88,88,108,108,119,138,138,243,243,210,229,240,256,274,274,305,305,305,305,158,177,177,147,147,247,297,308,183,194,44,44,10,10,26,26,51,61,61,61,161,161,161,161,161,32,65,65],"floor_reached":55,"playtime":5146,"items_purged":["Strike_R","Strike_R","Strike_R","Defend_R"],"score":715,"play_id":"c27d28e1-ab41-44a7-8645-284cdf83ef14","local_time":"20190619223749","is_ascension_mode":false,"campfire_choices":[{"data":"Armaments","floor":7,"key":"SMITH"},{"data":"Searing Blow","floor":12,"key":"SMITH"},{"floor":15,"key":"RECALL"},{"floor":23,"key":"REST"},{"floor":25,"key":"REST"},{"floor":27,"key":"REST"},{"data":"Limit Break","floor":30,"key":"SMITH"},{"data":"Searing Blow+1","floor":32,"key":"SMITH"},{"floor":41,"key":"REST"},{"floor":46,"key":"REST"},{"data":"Searing Blow+2","floor":49,"key":"SMITH"},{"data":"Ghostly Armor","floor":52,"key":"SMITH"}],"neow_cost":"NONE","seed_source_timestamp":358755553833267,"circlet_count":0,"master_deck":["Strike_R","Defend_R","Defend_R","Defend_R+1","Bash","Iron Wave","Twin Strike","Armaments+1","Searing Blow+3","Ghostly Armor+1","Flame Barrier","Metallicize+1","Limit Break+1","Shrug It Off+1","Cleave","Spot Weakness","Flex","Limit Break+1","Battle Trance+1","Cleave","Inflame+1","Metallicize+1","Metallicize+1","Whirlwind"],"relics":["Burning Blood","Chemical X","Frozen Egg 2","Odd Mushroom","Sundial","Mark of Pain","Mummified Hand","Shuriken","Tiny House","Pear","Pantograph","Charon\u0027s Ashes","Kunai"],"potions_floor_usage":[8,16,16,19,21,33,33,33,34,42,50,54,55],"damage_taken":[{"damage":10,"enemies":"Jaw Worm","floor":1,"turns":5},{"damage":0,"enemies":"Small Slimes","floor":3,"turns":3},{"damage":22,"enemies":"Gremlin Nob","floor":6,"turns":5},{"damage":10,"enemies":"The Mushroom Lair","floor":8,"turns":5},{"damage":0,"enemies":"2 Louse","floor":11,"turns":2},{"damage":0,"enemies":"Looter","floor":13,"turns":4},{"damage":7,"enemies":"Blue Slaver","floor":14,"turns":5},{"damage":32,"enemies":"Slime Boss","floor":16,"turns":14},{"damage":10,"enemies":"2 Thieves","floor":18,"turns":5},{"damage":0,"enemies":"3 Byrds","floor":19,"turns":4},{"damage":41,"enemies":"Sentry and Sphere","floor":20,"turns":12},{"damage":21,"enemies":"Snake Plant","floor":21,"turns":7},{"damage":5,"enemies":"Shelled Parasite and Fungi","floor":22,"turns":9},{"damage":46,"enemies":"Gremlin Leader","floor":24,"turns":8},{"damage":3,"enemies":"Cultist and Chosen","floor":29,"turns":7},{"damage":61,"enemies":"Collector","floor":33,"turns":9},{"damage":4,"enemies":"3 Shapes","floor":35,"turns":7},{"damage":40,"enemies":"3 Darklings","floor":37,"turns":6},{"damage":7,"enemies":"Sphere and 2 Shapes","floor":42,"turns":4},{"damage":29,"enemies":"Giant Head","floor":44,"turns":8},{"damage":25,"enemies":"Writhing Mass","floor":45,"turns":5},{"damage":1,"enemies":"Mind Bloom Boss Battle","floor":48,"turns":5},{"damage":48,"enemies":"Donu and Deca","floor":50,"turns":9},{"damage":29,"enemies":"Shield and Spear","floor":54,"turns":4},{"damage":100,"enemies":"The Heart","floor":55,"turns":8}],"seed_played":"-7821434370210445539","potions_obtained":[{"floor":1,"key":"Poison Potion"},{"floor":11,"key":"Energy Potion"},{"floor":14,"key":"Energy Potion"},{"floor":18,"key":"PowerPotion"},{"floor":20,"key":"Energy Potion"},{"floor":24,"key":"Block Potion"},{"floor":31,"key":"GamblersBrew"},{"floor":31,"key":"Regen Potion"},{"floor":34,"key":"Fruit Juice"},{"floor":35,"key":"Swift Potion"},{"floor":45,"key":"Strength Potion"},{"floor":48,"key":"SkillPotion"}],"is_trial":false,"path_per_floor":["M","?","M","?","$","E","R","?","T","T","M","R","M","M","R","B",null,"M","M","M","M","M","R","E","R","T","R","$","M","R","?","R","B",null,"M","$","M","$","?","$","R","M","T","E","M","R","?","?","R","B",null,"R","$","E","B"],"character_chosen":"IRONCLAD","items_purchased":["Chemical X","Flex","Inflame+1","Whirlwind","SpeedPotion"],"campfire_rested":5,"item_purchase_floors":[5,28,40,53,53],"current_hp_per_floor":[76,69,75,64,64,48,48,44,44,44,50,50,56,55,55,29,80,76,80,45,30,31,55,15,39,39,63,63,66,66,66,66,26,90,90,90,56,56,56,56,83,82,92,69,50,80,80,100,100,58,100,100,100,77,0],"gold":65,"neow_bonus":"HUNDRED_GOLD","is_prod":false,"is_daily":false,"chose_seed":false,"campfire_upgraded":6,"win_rate":0,"timestamp":1560998269,"path_taken":["M","?","M","?","$","E","R","?","T","?","M","R","M","M","R","BOSS","M","M","M","M","M","R","E","R","T","R","$","M","R","?","R","BOSS","M","$","M","$","?","?","R","M","T","E","?","R","?","?","R","BOSS","R","$","E","BOSS"],"build_version":"2019-01-23","purchased_purges":4,"victory":false,"max_hp_per_floor":[80,80,80,80,80,80,80,80,80,80,80,80,80,80,80,80,80,80,80,80,80,80,80,80,80,80,80,80,80,80,80,80,80,90,90,90,90,90,90,90,90,90,100,100,100,100,100,100,100,100,100,100,100,100,100],"card_choices":[{"not_picked":["Combust","Sever Soul"],"picked":"Iron Wave","floor":1},{"not_picked":["Feel No Pain","Combust"],"picked":"Twin Strike","floor":3},{"not_picked":["Sever Soul","Battle Trance"],"picked":"Armaments","floor":6},{"not_picked":["Sever Soul","Infernal Blade"],"picked":"Searing Blow","floor":8},{"not_picked":["Havoc","Armaments"],"picked":"Ghostly Armor","floor":11},{"not_picked":["Battle Trance","Impervious"],"picked":"Flame Barrier","floor":13},{"not_picked":["Anger","Pummel"],"picked":"Metallicize+1","floor":14},{"not_picked":["Feed","Bludgeon"],"picked":"Limit Break","floor":16},{"not_picked":["Havoc","Clothesline"],"picked":"Shrug It Off+1","floor":18},{"not_picked":["Thunderclap","Dual Wield"],"picked":"Cleave","floor":19},{"not_picked":["True Grit","Pommel Strike","Cleave"],"picked":"SKIP","floor":20},{"not_picked":["Cleave","Dropkick","Second Wind"],"picked":"SKIP","floor":21},{"not_picked":["Sword Boomerang+1","Anger"],"picked":"Spot Weakness","floor":22},{"not_picked":["Clothesline","Offering","Power Through"],"picked":"SKIP","floor":24},{"not_picked":["Dual Wield","Infernal Blade","Havoc"],"picked":"SKIP","floor":29},{"not_picked":["Fiend Fire","Exhume"],"picked":"Limit Break","floor":33},{"not_picked":["Clothesline+1","Headbutt"],"picked":"Battle Trance+1","floor":34},{"not_picked":["Clash+1","Sword Boomerang+1"],"picked":"Cleave","floor":35},{"not_picked":["Rage+1","Armaments","Shockwave+1"],"picked":"SKIP","floor":37},{"not_picked":["Clothesline+1","Dual Wield+1","Battle Trance"],"picked":"SKIP","floor":42},{"not_picked":["Feel No Pain+1","Exhume","Pommel Strike"],"picked":"SKIP","floor":44},{"not_picked":["Searing Blow","Clash"],"picked":"Metallicize+1","floor":45},{"not_picked":["Clothesline","Spot Weakness+1"],"picked":"Metallicize+1","floor":48},{"not_picked":["Seeing Red","Armaments","Offering"],"picked":"SKIP","floor":54}],"player_experience":95609,"relics_obtained":[{"floor":6,"key":"Frozen Egg 2"},{"floor":8,"key":"Odd Mushroom"},{"floor":10,"key":"Sundial"},{"floor":24,"key":"Mummified Hand"},{"floor":26,"key":"Shuriken"},{"floor":43,"key":"Pear"},{"floor":44,"key":"Pantograph"},{"floor":48,"key":"Charon\u0027s Ashes"},{"floor":54,"key":"Kunai"}],"event_choices":[{"cards_removed":["Strike_R"],"damage_healed":0,"gold_gain":0,"player_choice":"Card Removal","damage_taken":7,"max_hp_gain":0,"max_hp_loss":0,"event_name":"Golden Wing","floor":2,"gold_loss":0},{"damage_healed":0,"gold_gain":75,"player_choice":"Gather Gold","damage_taken":11,"max_hp_gain":0,"max_hp_loss":0,"event_name":"World of Goop","floor":4,"gold_loss":0},{"damage_healed":0,"gold_gain":0,"player_choice":"Fought Mushrooms","damage_taken":0,"max_hp_gain":0,"max_hp_loss":0,"event_name":"Mushrooms","floor":8,"gold_loss":0},{"damage_healed":0,"gold_gain":0,"player_choice":"Bought 2 Potions","damage_taken":0,"max_hp_gain":0,"max_hp_loss":0,"event_name":"The Woman in Blue","floor":31,"gold_loss":0},{"damage_healed":0,"gold_gain":0,"player_choice":"Upgraded","damage_taken":0,"max_hp_gain":0,"max_hp_loss":0,"event_name":"Upgrade Shrine","floor":39,"gold_loss":0,"cards_upgraded":["Limit Break"]},{"damage_healed":0,"gold_gain":0,"player_choice":"Ignored","damage_taken":0,"max_hp_gain":0,"max_hp_loss":0,"event_name":"Mysterious Sphere","floor":47,"gold_loss":0},{"damage_healed":0,"gold_gain":0,"player_choice":"Fight","damage_taken":0,"max_hp_gain":0,"max_hp_loss":0,"event_name":"MindBloom","floor":48,"gold_loss":0}],"is_beta":false,"boss_relics":[{"not_picked":["Eternal Feather","Snecko Eye"],"picked":"Mark of Pain"},{"not_picked":["Runic Dome","Coffee Dripper"],"picked":"Tiny House"}],"items_purged_floors":[5,28,36,38],"is_endless":false,"potions_floor_spawned":[1,11,14,18,20,24,35,45,48],"killed_by":"The Heart","ascension_level":0}