{"gold_per_floor":[114,126,145,6,22,55,55,86,113,139,154,174,174,174,174,279,279,293,310,322,322,339,65,99,110,110,110,138,138,153,187,187,187],"floor_reached":33,"playtime":2595,"items_purged":[],"score":537,"play_id":"9e3b7a5c-ab3c-42a8-9b85-287570a40e77","local_time":"20190529023443","is_ascension_mode":true,"campfire_choices":[{"data":"Mind Blast","floor":7,"key":"SMITH"},{"data":"A Thousand Cuts","floor":13,"key":"SMITH"},{"data":"Well Laid Plans","floor":15,"key":"SMITH"},{"data":"Catalyst","floor":27,"key":"SMITH"},{"floor":29,"key":"REST"},{"floor":32,"key":"REST"}],"neow_cost":"TEN_PERCENT_HP_LOSS","seed_source_timestamp":695097781339308,"circlet_count":0,"master_deck":["Survivor","Neutralize","Mind Blast+1","Finesse+1","Dodge and Roll","Deadly Poison","Cloak And Dagger","Well Laid Plans+1","Deadly Poison+1","Poisoned Stab","Poisoned Stab","Bane","Deadly Poison","Catalyst","A Thousand Cuts+1","Bane","Corpse Explosion","Tactician","Outmaneuver","Infinite Blades","Die Die Die","Unload","Finisher","Outmaneuver","Dodge and Roll","Bane","Cloak And Dagger","Infinite Blades","Footwork+1","Setup+1","Cloak And Dagger","Catalyst+1","Predator+1","Blade Dance+1","Footwork","Caltrops","Crippling Poison","Noxious Fumes+1","Dodge and Roll+1"],"relics":["Ring of the Snake","Oddly Smooth Stone","Lantern","Orichalcum","Dream Catcher","Bag of Marbles","Pandora\u0027s Box","War Paint","Anchor","Mercury Hourglass","Snake Skull","Dodecahedron"],"potions_floor_usage":[2,6,16,19,20,24,28],"damage_taken":[{"damage":4,"enemies":"Jaw Worm","floor":1,"turns":5},{"damage":0,"enemies":"Small Slimes","floor":2,"turns":5},{"damage":0,"enemies":"2 Louse","floor":3,"turns":4},{"damage":0,"enemies":"Looter","floor":5,"turns":4},{"damage":5,"enemies":"3 Sentries","floor":6,"turns":11},{"damage":14,"enemies":"Gremlin Nob","floor":8,"turns":4},{"damage":15,"enemies":"Lagavulin","floor":10,"turns":7},{"damage":0,"enemies":"2 Fungi Beasts","floor":11,"turns":3},{"damage":2,"enemies":"3 Louse","floor":12,"turns":3},{"damage":0,"enemies":"Hexaghost","floor":16,"turns":7},{"damage":0,"enemies":"3 Byrds","floor":18,"turns":4},{"damage":9,"enemies":"Shell Parasite","floor":19,"turns":3},{"damage":6,"enemies":"Chosen and Byrds","floor":20,"turns":3},{"damage":18,"enemies":"Snecko","floor":22,"turns":4},{"damage":2,"enemies":"Slavers","floor":24,"turns":4},{"damage":0,"enemies":"Snake Plant","floor":25,"turns":2},{"damage":23,"enemies":"Book of Stabbing","floor":28,"turns":4},{"damage":2,"enemies":"Chosen and Byrds","floor":30,"turns":3},{"damage":1,"enemies":"Gremlin Leader","floor":31,"turns":5},{"damage":56,"enemies":"Automaton","floor":33,"turns":6}],"seed_played":"248600269938617997","potions_obtained":[{"floor":1,"key":"Block Potion"},{"floor":3,"key":"SpeedPotion"},{"floor":10,"key":"Dexterity Potion"},{"floor":12,"key":"Strength Potion"},{"floor":18,"key":"GamblersBrew"},{"floor":19,"key":"Regen Potion"},{"floor":24,"key":"SmokeBomb"},{"floor":25,"key":"FearPotion"}],"is_trial":false,"path_per_floor":["M","M","M","$","M","E","R","E","T","E","M","M","R","?","R","B",null,"M","M","M","?","M","$","E","M","T","R","E","R","M","E","R","B"],"character_chosen":"THE_SILENT","items_purchased":["Well Laid Plans","Deadly Poison","Poisoned Stab","War Paint","Cloak And Dagger","Catalyst"],"campfire_rested":2,"item_purchase_floors":[4,4,4,23,23,23],"current_hp_per_floor":[59,59,59,59,59,54,54,40,40,25,25,23,23,16,16,16,51,51,42,48,48,30,30,28,28,28,28,5,23,21,20,38,0],"gold":187,"neow_bonus":"RANDOM_COLORLESS_2","is_prod":false,"is_daily":false,"chose_seed":false,"campfire_upgraded":4,"win_rate":0,"timestamp":1559118883,"path_taken":["M","M","M","$","M","E","R","E","T","E","M","M","R","?","R","BOSS","M","M","M","?","M","$","E","M","T","R","E","R","M","E","R","BOSS"],"build_version":"2019-01-23","purchased_purges":0,"victory":false,"max_hp_per_floor":[63,63,63,63,63,63,63,63,63,63,63,63,63,63,63,63,63,63,63,63,63,63,63,63,63,63,63,63,63,63,63,63,63],"card_choices":[{"not_picked":["Blade Dance","Catalyst"],"picked":"Dodge and Roll","floor":1},{"not_picked":["Sucker Punch","Dodge and Roll"],"picked":"Deadly Poison","floor":2},{"not_picked":["Wraith Form v2","Accuracy"],"picked":"Cloak And Dagger","floor":3},{"not_picked":["Acrobatics","Dagger Throw"],"picked":"Poisoned Stab","floor":5},{"not_picked":["Deflect","Slice"],"picked":"Bane","floor":6},{"not_picked":["Dodge and Roll","Riddle With Holes"],"picked":"Deadly Poison","floor":8},{"not_picked":["Terror","Reflex"],"picked":"Catalyst","floor":10},{"not_picked":["Blade Dance","Poisoned Stab"],"picked":"A Thousand Cuts","floor":11},{"not_picked":["Dodge and Roll","Quick Slash"],"picked":"Bane","floor":12},{"not_picked":["Bullet Time","Doppelganger"],"picked":"Corpse Explosion","floor":16},{"not_picked":["Deflect","Slice"],"picked":"Cloak And Dagger","floor":18},{"not_picked":["Dagger Spray","Reflex"],"picked":"Infinite Blades","floor":19},{"not_picked":["Poisoned Stab","Backflip"],"picked":"Footwork+1","floor":20},{"not_picked":["All Out Attack","Deflect"],"picked":"Setup+1","floor":22},{"not_picked":["Setup+1","Dagger Spray"],"picked":"Predator+1","floor":24},{"not_picked":["PiercingWail","Tactician+1"],"picked":"Blade Dance+1","floor":25},{"not_picked":["Night Terror","Masterful Stab"],"picked":"Footwork","floor":28},{"not_picked":["Eviscerate","Deflect+1"],"picked":"Caltrops","floor":29},{"not_picked":["Expertise","Underhanded Strike"],"picked":"Crippling Poison","floor":30},{"not_picked":["Footwork+1","Quick Slash"],"picked":"Noxious Fumes+1","floor":31},{"not_picked":["Poisoned Stab","Blade Dance"],"picked":"Dodge and Roll+1","floor":32}],"player_experience":252754,"relics_obtained":[{"floor":6,"key":"Oddly Smooth Stone"},{"floor":8,"key":"Lantern"},{"floor":9,"key":"Orichalcum"},{"floor":10,"key":"Dream Catcher"},{"floor":24,"key":"Anchor"},{"floor":26,"key":"Mercury Hourglass"},{"floor":28,"key":"Snake Skull"},{"floor":31,"key":"Dodecahedron"}],"event_choices":[{"damage_healed":0,"gold_gain":0,"player_choice":"Success","damage_taken":7,"relics_obtained":["Bag of Marbles"],"max_hp_gain":0,"max_hp_loss":0,"event_name":"Scrap Ooze","floor":14,"gold_loss":0},{"cards_removed":["Eviscerate"],"damage_healed":0,"gold_gain":0,"player_choice":"Elegance","damage_taken":0,"max_hp_gain":0,"max_hp_loss":0,"event_name":"Back to Basics","floor":21,"gold_loss":0}],"is_beta":false,"boss_relics":[{"not_picked":["WristBlade","White Beast Statue"],"picked":"Pandora\u0027s Box"}],"items_purged_floors":[],"is_endless":false,"potions_floor_spawned":[1,3,10,12,18,19,24,25],"killed_by":"Automaton","ascension_level":7}