{"gold_per_floor":[118,132,150,150,150,183,183,217,217,217,236,248,248,311,311,388,388,408,508,521,521,532,532,562,611,638,655,655,670,670,377,377,377],"floor_reached":33,"playtime":1097,"items_purged":["Armaments"],"score":575,"play_id":"94b1105b-9ab9-43c3-9b1e-a81282428c32","local_time":"20190513212002","is_ascension_mode":true,"campfire_choices":[{"floor":7.0,"key":"REST"},{"data":"Limit Break","floor":10.0,"key":"SMITH"},{"floor":13.0,"key":"REST"},{"data":"Rampage","floor":15.0,"key":"SMITH"},{"floor":23.0,"key":"REST"},{"floor":28.0,"key":"REST"},{"floor":30.0,"key":"REST"},{"floor":32,"key":"REST"}],"neow_cost":"NONE","seed_source_timestamp":0,"circlet_count":0,"master_deck":["AscendersBane","Strike_R+1","Strike_R+1","Defend_R","Defend_R","Defend_R","Defend_R","Bash","Feed","Headbutt","Inflame","Rampage+1","Limit Break+1","Armaments","Disarm","Offering","Feel No Pain","Heavy Blade","Inflame","Headbutt","Corruption","Juggernaut","Evolve+1","Shrug It Off","Immolate","Flame Barrier"],"special_seed":0,"relics":["Burning Blood","Bronze Scales","The Courier","Bag of Preparation","Bottled Flame","Gremlin Horn","Fusion Hammer","Calipers","Bottled Lightning","Sundial","Smiling Mask","Dream Catcher","Vajra","Lantern"],"potions_floor_usage":[33],"damage_taken":[{"damage":7.0,"enemies":"Cultist","floor":1.0,"turns":4.0},{"damage":12.0,"enemies":"Jaw Worm","floor":2.0,"turns":2.0},{"damage":2.0,"enemies":"2 Louse","floor":3.0,"turns":3.0},{"damage":35.0,"enemies":"Lagavulin","floor":6.0,"turns":5.0},{"damage":24.0,"enemies":"Gremlin Nob","floor":8.0,"turns":4.0},{"damage":21.0,"enemies":"Large Slime","floor":11.0,"turns":4.0},{"damage":7.0,"enemies":"2 Fungi Beasts","floor":12.0,"turns":3.0},{"damage":8.0,"enemies":"Gremlin Nob","floor":14.0,"turns":3.0},{"damage":18.0,"enemies":"Hexaghost","floor":16.0,"turns":11.0},{"damage":9.0,"enemies":"3 Byrds","floor":18.0,"turns":3.0},{"damage":21.0,"enemies":"Colosseum Slavers","floor":19.0,"turns":4.0},{"damage":36.0,"enemies":"Colosseum Nobs","floor":19.0,"turns":5.0},{"damage":26.0,"enemies":"Spheric Guardian","floor":20.0,"turns":4.0},{"damage":11.0,"enemies":"Centurion and Healer","floor":22.0,"turns":6.0},{"damage":12.0,"enemies":"Book of Stabbing","floor":24.0,"turns":4.0},{"damage":16.0,"enemies":"Cultist and Chosen","floor":27.0,"turns":5.0},{"damage":29.0,"enemies":"Snecko","floor":29.0,"turns":4.0},{"damage":105,"enemies":"Collector","floor":33,"turns":7}],"seed_played":"4395569635477606257","potions_obtained":[{"floor":3.0,"key":"Energy Potion"},{"floor":6.0,"key":"Ancient Potion"},{"floor":11.0,"key":"AttackPotion"},{"floor":12.0,"key":"Energy Potion"},{"floor":20.0,"key":"SkillPotion"},{"floor":22.0,"key":"SkillPotion"},{"floor":24.0,"key":"Swift Potion"}],"is_trial":false,"path_per_floor":["M","M","M","?","T","E","R","E","T","R","M","M","R","?","R","B",null,"M","?","M","?","M","R","E","T","T","M","R","M","R","$","R","B"],"character_chosen":"IRONCLAD","items_purchased":["Vajra","Lantern"],"campfire_rested":6,"item_purchase_floors":[31,31],"current_hp_per_floor":[70,67,74,49,49,20,45,27,27,27,12,14,40,38,38,30,76,73,31,15,15,13,43,40,40,40,30,61,38,69,69,100,0],"gold":377,"neow_bonus":"TRANSFORM_CARD","is_prod":false,"is_daily":false,"chose_seed":false,"campfire_upgraded":2,"win_rate":0,"timestamp":1557775202,"path_taken":["M","M","M","?","?","E","R","E","T","R","M","M","R","?","R","BOSS","M","?","M","?","M","R","E","?","T","?","R","M","R","?","R","BOSS"],"build_version":"2019-05-07","purchased_purges":1,"victory":false,"max_hp_per_floor":[78,81,84,84,84,84,84,84,84,84,84,87,87,87,87,91,91,91,94,98,98,101,101,104,104,104,104,104,104,104,104,104,104],"card_choices":[{"not_picked":["Second Wind","Twin Strike"],"picked":"Headbutt","floor":1.0},{"not_picked":["Clothesline","Clash"],"picked":"Inflame","floor":2.0},{"not_picked":["Twin Strike","Thunderclap"],"picked":"Rampage","floor":3.0},{"not_picked":["Hemokinesis","Pummel","Burning Pact"],"picked":"SKIP","floor":6.0},{"not_picked":["Hemokinesis","Infernal Blade"],"picked":"Limit Break","floor":8.0},{"not_picked":["Clothesline","Entrench"],"picked":"Armaments","floor":11.0},{"not_picked":["Entrench","Carnage"],"picked":"Armaments","floor":12.0},{"not_picked":["Headbutt","Shrug It Off"],"picked":"Disarm","floor":14.0},{"not_picked":["Exhume","Reaper"],"picked":"Offering","floor":16.0},{"not_picked":["Reckless Charge","Heavy Blade"],"picked":"Feel No Pain","floor":18.0},{"not_picked":["Anger","Clothesline"],"picked":"Heavy Blade","floor":20.0},{"not_picked":["Twin Strike","Seeing Red"],"picked":"Corruption","floor":22.0},{"not_picked":["Hemokinesis","Disarm"],"picked":"Juggernaut","floor":24.0},{"not_picked":["Body Slam","Thunderclap"],"picked":"Evolve+1","floor":27.0},{"not_picked":["Flex","Corruption"],"picked":"Shrug It Off","floor":28.0},{"not_picked":["Power Through","Cleave","Rage"],"picked":"SKIP","floor":29.0},{"not_picked":["Uppercut","Pommel Strike"],"picked":"Immolate","floor":30.0},{"not_picked":["Metallicize","Clash+1"],"picked":"Flame Barrier","floor":32}],"player_experience":699965,"relics_obtained":[{"floor":5.0,"key":"Bronze Scales"},{"floor":6.0,"key":"The Courier"},{"floor":8.0,"key":"Bag of Preparation"},{"floor":9.0,"key":"Bottled Flame"},{"floor":14.0,"key":"Gremlin Horn"},{"floor":19.0,"key":"Calipers"},{"floor":19.0,"key":"Bottled Lightning"},{"floor":24.0,"key":"Sundial"},{"floor":25.0,"key":"Smiling Mask"},{"floor":26.0,"key":"Dream Catcher"}],"event_choices":[{"damage_healed":0.0,"max_hp_gain":0.0,"max_hp_loss":0.0,"gold_gain":0.0,"event_name":"Shining Light","player_choice":"Entered Light","floor":4.0,"gold_loss":0.0,"damage_taken":25.0,"cards_upgraded":["Strike_R","Strike_R"]},{"damage_healed":0.0,"max_hp_gain":0.0,"max_hp_loss":0.0,"gold_gain":30.0,"event_name":"Dead Adventurer","player_choice":"Searched \u00272\u0027 times","floor":14.0,"gold_loss":0.0,"damage_taken":0.0},{"damage_healed":0.0,"max_hp_gain":0.0,"max_hp_loss":0.0,"gold_gain":0.0,"event_name":"Colosseum","player_choice":"Fight","floor":19.0,"gold_loss":0.0,"damage_taken":0.0},{"damage_healed":0.0,"max_hp_gain":0.0,"max_hp_loss":0.0,"gold_gain":0.0,"event_name":"Colosseum","player_choice":"Fought Nobs","floor":19.0,"gold_loss":0.0,"damage_taken":0.0},{"damage_healed":0.0,"max_hp_gain":0.0,"max_hp_loss":0.0,"gold_gain":0.0,"cards_transformed":["Strike_R","Strike_R"],"event_name":"Drug Dealer","player_choice":"Became Test Subject","floor":21.0,"gold_loss":0.0,"damage_taken":0.0,"cards_obtained":["Inflame","Headbutt"]}],"is_beta":true,"boss_relics":[{"not_picked":["Runic Cube","Cursed Key"],"picked":"Fusion Hammer"}],"items_purged_floors":[31],"is_endless":false,"potions_floor_spawned":[3,6,11,12,16,19,20,22,24],"killed_by":"Collector","ascension_level":20}