{"gold_per_floor":[115,115,62,62,37,37,37,370,370,404,374,374,388,408,408,486,486,497,266,191,191,211,211,239,239,289,300,334,334,353,384,384,460,460,480,297,297,297,316,316,332,332,332,332,214,241,173,0,0,0],"floor_reached":51,"playtime":1991,"items_purged":["Strike_B","Defend_B"],"score":1304,"play_id":"685793e2-7501-43df-8dde-5b75b2d8ab14","local_time":"20190507104757","is_ascension_mode":true,"campfire_choices":[{"data":"Biased Cognition","floor":6.0,"key":"SMITH"},{"floor":12.0,"key":"REST"},{"data":"Ball Lightning","floor":15.0,"key":"SMITH"},{"floor":23.0,"key":"REST"},{"floor":25.0,"key":"REST"},{"floor":32.0,"key":"REST"},{"floor":40,"key":"REST"},{"floor":42,"key":"REST"},{"data":"Leap","floor":49,"key":"SMITH"}],"neow_cost":"NONE","seed_source_timestamp":93352277766000,"circlet_count":0,"master_deck":["AscendersBane","Defend_B","Defend_B","Zap","Dualcast","Biased Cognition+1","Double Energy","Leap+1","Ball Lightning+1","Darkness+1","Undo+1","Turbo+1","Reboot+1","Chaos+1","Panacea+1","Tempest+1","Loop","Multi-Cast+1","Sweeping Beam+1","Recycle+1","Fusion+1","Seek+1","Seek+1","Conserve Battery+1","Dark Shackles+1","Chrysalis+1","Madness+1","Madness+1","Cold Snap+1","Auto Shields+1","Reinforced Body+1","Hologram+1","Reinforced Body+1"],"special_seed":0,"relics":["FrozenCore","Juzu Bracelet","Old Coin","Toxic Egg 2","Regal Pillow","Sozu","Nilry\u0027s Codex","Dodecahedron","Bag of Preparation","Blood Vial","Cables","Blue Candle","Whetstone","Red Mask"],"potions_floor_usage":[50],"damage_taken":[{"damage":4.0,"enemies":"Jaw Worm","floor":1.0,"turns":3.0},{"damage":16.0,"enemies":"Lagavulin","floor":8.0,"turns":5.0},{"damage":31.0,"enemies":"Gremlin Nob","floor":10.0,"turns":4.0},{"damage":1.0,"enemies":"Cultist","floor":13.0,"turns":3.0},{"damage":1.0,"enemies":"Small Slimes","floor":14.0,"turns":3.0},{"damage":0.0,"enemies":"Slime Boss","floor":16.0,"turns":6.0},{"damage":17.0,"enemies":"2 Thieves","floor":18.0,"turns":3.0},{"damage":0.0,"enemies":"Spheric Guardian","floor":22.0,"turns":1.0},{"damage":39.0,"enemies":"Book of Stabbing","floor":24.0,"turns":5.0},{"damage":2.0,"enemies":"Snecko","floor":27.0,"turns":3.0},{"damage":13.0,"enemies":"Gremlin Leader","floor":28.0,"turns":3.0},{"damage":0.0,"enemies":"Sentry and Sphere","floor":30.0,"turns":2.0},{"damage":19.0,"enemies":"Slavers","floor":31.0,"turns":5.0},{"damage":3,"enemies":"Champ","floor":33,"turns":4},{"damage":22,"enemies":"Orb Walker","floor":35,"turns":5},{"damage":6,"enemies":"3 Shapes","floor":39,"turns":2},{"damage":49,"enemies":"3 Darklings","floor":41,"turns":6},{"damage":9,"enemies":"Nemesis","floor":46,"turns":5},{"damage":34,"enemies":"Awakened One","floor":50,"turns":18}],"seed_played":"-1895939359834058019","potions_obtained":[{"floor":8.0,"key":"Fruit Juice"},{"floor":11.0,"key":"SneckoOil"},{"floor":11.0,"key":"FocusPotion"},{"floor":14.0,"key":"EssenceOfSteel"},{"floor":16.0,"key":"PowerPotion"}],"is_trial":false,"path_per_floor":["M","?","$","?","$","R","?","E","T","E","?","R","M","M","R","B",null,"M","$","?","?","M","R","E","R","T","M","E","?","M","E","R","B",null,"M","$","?","?","M","R","M","R","T","?","$","E","$","?","R","B",null],"character_chosen":"DEFECT","items_purchased":["Leap","Ball Lightning","Panacea+1","Tempest+1","Dark Shackles+1","Reinforced Body+1","Hologram+1","Reinforced Body+1"],"campfire_rested":6,"item_purchase_floors":[3,5,19,19,36,45,45,47],"current_hp_per_floor":[64,64,64,61,61,61,54,43,43,12,12,51,50,49,49,49,72,55,55,55,39,39,78,39,78,78,76,63,55,57,40,79,77,79,58,58,58,48,44,80,31,70,70,70,70,63,63,63,63,31],"gold":0,"neow_bonus":"ONE_RANDOM_RARE_CARD","is_prod":false,"is_daily":false,"chose_seed":false,"campfire_upgraded":3,"win_rate":0,"timestamp":1557218877,"path_taken":["M","?","?","?","$","R","?","E","T","E","?","R","M","M","R","BOSS","M","$","?","?","M","R","E","R","T","M","E","?","M","E","R","BOSS","M","$","?","?","M","R","M","R","T","?","$","E","?","?","R","BOSS"],"build_version":"2019-04-23","purchased_purges":2,"victory":true,"max_hp_per_floor":[75,75,75,75,75,75,75,80,80,80,80,80,80,80,80,80,80,80,80,80,80,80,80,80,80,80,80,80,80,80,80,80,80,80,80,80,80,80,80,80,80,80,80,80,80,80,80,80,80,80],"card_choices":[{"not_picked":["Rebound","White Noise"],"picked":"Double Energy","floor":1.0},{"not_picked":["Skim","Beam Cell","Thunder Strike"],"picked":"SKIP","floor":8.0},{"not_picked":["Barrage","Storm"],"picked":"Darkness+1","floor":10.0},{"not_picked":["Steam+1","Consume+1"],"picked":"Undo+1","floor":13.0},{"not_picked":["Rebound","Melter"],"picked":"Turbo+1","floor":14.0},{"not_picked":["All For One","Biased Cognition"],"picked":"Reboot+1","floor":16.0},{"not_picked":["Undo+1","Rebound"],"picked":"Chaos+1","floor":18.0},{"not_picked":["Rebound","Streamline"],"picked":"Loop","floor":22.0},{"not_picked":["Storm","Coolheaded+1"],"picked":"Multi-Cast+1","floor":24.0},{"not_picked":["Sunder","Rebound"],"picked":"Sweeping Beam","floor":27.0},{"not_picked":["Beam Cell","Go for the Eyes"],"picked":"Recycle+1","floor":28.0},{"not_picked":["Leap+1","Heatsinks"],"picked":"Fusion+1","floor":30.0},{"not_picked":["Beam Cell+1","Go for the Eyes"],"picked":"Seek+1","floor":31.0},{"not_picked":["Electrodynamics","All For One"],"picked":"Seek+1","floor":33},{"not_picked":["Force Field+1","Blizzard+1"],"picked":"Conserve Battery+1","floor":35},{"not_picked":["Impatience+1","Forethought+1"],"picked":"Chrysalis+1","floor":37},{"not_picked":["Rebound","Leap+1"],"picked":"Cold Snap","floor":39},{"not_picked":["Leap+1","Redo+1"],"picked":"Auto Shields+1","floor":41},{"not_picked":["Gash","Ball Lightning","Cold Snap"],"picked":"SKIP","floor":46}],"player_experience":579436,"relics_obtained":[{"floor":8.0,"key":"Old Coin"},{"floor":9.0,"key":"Toxic Egg 2"},{"floor":10.0,"key":"Regal Pillow"},{"floor":21.0,"key":"Nilry\u0027s Codex"},{"floor":24.0,"key":"Dodecahedron"},{"floor":26.0,"key":"Bag of Preparation"},{"floor":28.0,"key":"Blood Vial"},{"floor":31.0,"key":"Cables"},{"floor":43,"key":"Blue Candle"},{"floor":46,"key":"Whetstone"}],"event_choices":[{"cards_removed":["Strike_B"],"damage_healed":0.0,"max_hp_gain":0.0,"max_hp_loss":0.0,"gold_gain":0.0,"event_name":"Bonfire Elementals","player_choice":"Offered Basic","floor":2.0,"gold_loss":0.0,"damage_taken":0.0},{"damage_healed":0.0,"max_hp_gain":0.0,"max_hp_loss":0.0,"gold_gain":0.0,"event_name":"Scrap Ooze","player_choice":"Success","floor":4.0,"gold_loss":0.0,"damage_taken":3.0,"relics_obtained":["Juzu Bracelet"]},{"cards_removed":["Strike_B"],"damage_healed":0.0,"max_hp_gain":0.0,"max_hp_loss":0.0,"gold_gain":0.0,"event_name":"Golden Wing","player_choice":"Card Removal","floor":7.0,"gold_loss":0.0,"damage_taken":7.0},{"damage_healed":0.0,"max_hp_gain":0.0,"max_hp_loss":0.0,"gold_gain":0.0,"event_name":"The Woman in Blue","player_choice":"Bought 2 Potions","floor":11.0,"gold_loss":0.0,"damage_taken":0.0},{"cards_removed":["Strike_B"],"damage_healed":0.0,"max_hp_gain":0.0,"max_hp_loss":0.0,"gold_gain":0.0,"event_name":"Beggar","player_choice":"Gave Gold","floor":20.0,"gold_loss":75.0,"damage_taken":0.0},{"damage_healed":0.0,"max_hp_gain":0.0,"max_hp_loss":0.0,"gold_gain":0.0,"event_name":"Cursed Tome","player_choice":"Obtained Book","floor":21.0,"gold_loss":0.0,"damage_taken":16.0},{"damage_healed":0.0,"max_hp_gain":0.0,"max_hp_loss":0.0,"gold_gain":0.0,"event_name":"Knowing Skull","player_choice":"","floor":29.0,"potions_obtained":[],"gold_loss":0.0,"damage_taken":8.0,"cards_obtained":[]},{"damage_healed":0,"gold_gain":0,"player_choice":"Memory 1","damage_taken":0,"max_hp_gain":0,"max_hp_loss":0,"event_name":"SensoryStone","floor":37,"gold_loss":0},{"damage_healed":0,"gold_gain":0,"player_choice":"Embrace Madness","damage_taken":10,"max_hp_gain":0,"max_hp_loss":0,"event_name":"Winding Halls","floor":38,"gold_loss":0,"cards_obtained":["Madness","Madness"]},{"cards_removed":["Defend_B"],"damage_healed":0,"gold_gain":0,"player_choice":"Removed Skill","damage_taken":0,"max_hp_gain":0,"max_hp_loss":0,"event_name":"Falling","floor":44,"gold_loss":0},{"damage_healed":0,"gold_gain":0,"player_choice":"Paid","damage_taken":0,"relics_obtained":["Red Mask"],"max_hp_gain":0,"max_hp_loss":0,"event_name":"Tomb of Lord Red Mask","floor":48,"gold_loss":173}],"is_beta":true,"boss_relics":[{"not_picked":["Philosopher\u0027s Stone","Tiny House"],"picked":"Sozu"},{"not_picked":["Orrery","White Beast Statue"],"picked":"FrozenCore"}],"items_purged_floors":[19,36],"is_endless":false,"potions_floor_spawned":[8,14,16,24,28,31,33,35,41],"ascension_level":13}