{"gold_per_floor":[110,130,140,140,140,173,31,64,64,64,97,110,128,145,145,250,300,311,321,58,71,71,71,102,102,150,150,185,185,196,216,216,314,314,330,330,36,36,0,25,25,25,25,25,52,63,63,26,26,26],"floor_reached":51,"playtime":2103,"items_purged":[],"score":1253,"play_id":"1748cbac-0202-4f3a-bf15-b8f9d66cb33b","local_time":"20190620011755","is_ascension_mode":true,"campfire_choices":[{"floor":10.0,"key":"REST"},{"data":"A Thousand Cuts","floor":15.0,"key":"SMITH"},{"data":"Adrenaline","floor":23.0,"key":"SMITH"},{"floor":25.0,"key":"REST"},{"data":"Envenom","floor":27.0,"key":"SMITH"},{"floor":32.0,"key":"REST"},{"floor":41,"key":"REST"},{"data":"Apotheosis","floor":44,"key":"SMITH"},{"floor":47,"key":"REST"},{"floor":49,"key":"REST"}],"neow_cost":"NONE","seed_source_timestamp":73576721134267,"circlet_count":0,"master_deck":["AscendersBane","Defend_G","Defend_G","Defend_G","Defend_G","Defend_G","Strike_G","Strike_G","Strike_G+1","Strike_G","Strike_G","Survivor","Neutralize","Predator","PiercingWail","Crippling Poison","Adrenaline+1","Noxious Fumes","Blur","Backstab","A Thousand Cuts+1","Poisoned Stab","Escape Plan","Die Die Die","PiercingWail","Quick Slash","Envenom+1","Noxious Fumes","Mayhem","Leg Sweep","Endless Agony","Glass Knife","RitualDagger","Dash+1","Dodge and Roll","Adrenaline","Finesse","Master of Strategy","Apotheosis+1","Noxious Fumes","Bane","Footwork","Catalyst+1","Deadly Poison","Blur"],"special_seed":0,"relics":["Ring of the Snake","NeowsBlessing","Bag of Preparation","Peace Pipe","Mummified Hand","Bag of Marbles","Tiny House","MutagenicStrength","StoneCalendar","Juzu Bracelet","Pen Nib","Cursed Key","Red Mask","Centennial Puzzle","Molten Egg 2"],"potions_floor_usage":[33,33,45,50],"damage_taken":[{"damage":0.0,"enemies":"Cultist","floor":1.0,"turns":1.0},{"damage":0.0,"enemies":"2 Louse","floor":2.0,"turns":1.0},{"damage":0.0,"enemies":"Jaw Worm","floor":3.0,"turns":1.0},{"damage":36.0,"enemies":"Lagavulin","floor":6.0,"turns":9.0},{"damage":21.0,"enemies":"Gremlin Nob","floor":8.0,"turns":5.0},{"damage":14.0,"enemies":"3 Sentries","floor":11.0,"turns":6.0},{"damage":0.0,"enemies":"Exordium Wildlife","floor":12.0,"turns":3.0},{"damage":4.0,"enemies":"Exordium Thugs","floor":13.0,"turns":5.0},{"damage":1.0,"enemies":"Large Slime","floor":14.0,"turns":4.0},{"damage":8.0,"enemies":"The Guardian","floor":16.0,"turns":9.0},{"damage":5.0,"enemies":"Chosen","floor":18.0,"turns":6.0},{"damage":1.0,"enemies":"Shell Parasite","floor":19.0,"turns":5.0},{"damage":8.0,"enemies":"Snecko","floor":21.0,"turns":4.0},{"damage":42.0,"enemies":"Book of Stabbing","floor":24.0,"turns":6.0},{"damage":0.0,"enemies":"Gremlin Leader","floor":28.0,"turns":5.0},{"damage":3.0,"enemies":"Snake Plant","floor":30.0,"turns":4.0},{"damage":0.0,"enemies":"3 Cultists","floor":31.0,"turns":2.0},{"damage":38,"enemies":"Automaton","floor":33,"turns":8},{"damage":0,"enemies":"Orb Walker","floor":35,"turns":1},{"damage":16,"enemies":"Giant Head","floor":40,"turns":7},{"damage":43,"enemies":"Reptomancer","floor":45,"turns":4},{"damage":1,"enemies":"3 Darklings","floor":46,"turns":4},{"damage":6,"enemies":"Donu and Deca","floor":50,"turns":6}],"seed_played":"-4410833805047081783","potions_obtained":[{"floor":1.0,"key":"Dexterity Potion"},{"floor":2.0,"key":"Fire Potion"},{"floor":3.0,"key":"SmokeBomb"},{"floor":11.0,"key":"Poison Potion"},{"floor":16.0,"key":"SpeedPotion"},{"floor":17.0,"key":"SkillPotion"},{"floor":24.0,"key":"PowerPotion"},{"floor":28.0,"key":"GhostInAJar"},{"floor":33,"key":"GhostInAJar"},{"floor":40,"key":"Energy Potion"},{"floor":45,"key":"Dexterity Potion"}],"is_trial":false,"path_per_floor":["M","M","M","?","?","E","$","E","T","R","E","M","M","M","R","B",null,"M","M","$","M","?","R","E","R","T","R","E","?","M","M","R","B",null,"M","?","$","?","?","E","R","$","T","R","E","M","R","$","R","B",null],"character_chosen":"THE_SILENT","items_purchased":["Noxious Fumes","Blur","Noxious Fumes","Mayhem","Apotheosis","Noxious Fumes","Bane","Blur"],"campfire_rested":6,"item_purchase_floors":[7,7,20,20,37,37,37,48],"current_hp_per_floor":[63,63,63,68,68,32,32,11,11,33,19,19,15,14,14,6,63,58,57,57,49,49,49,7,31,31,31,31,25,22,22,46,8,62,62,52,52,52,52,36,60,60,60,60,17,16,40,40,64,58],"gold":26,"neow_bonus":"THREE_ENEMY_KILL","is_prod":false,"is_daily":false,"chose_seed":false,"campfire_upgraded":4,"win_rate":0,"timestamp":1561015075,"path_taken":["M","M","M","?","?","E","?","E","T","R","E","?","M","M","R","BOSS","M","M","$","M","?","R","E","R","T","R","E","?","M","M","R","BOSS","M","?","$","?","?","E","R","$","T","R","E","M","R","?","R","BOSS"],"build_version":"2019-01-23","purchased_purges":0,"victory":true,"max_hp_per_floor":[70,70,70,75,75,75,75,75,75,75,75,75,75,75,75,75,80,80,80,80,80,80,80,80,80,80,80,80,80,80,80,80,80,80,80,80,80,80,80,80,80,80,80,80,80,80,80,80,80,80],"card_choices":[{"not_picked":["Flying Knee","Masterful Stab"],"picked":"Predator","floor":1.0},{"not_picked":["Blur","Flying Knee"],"picked":"PiercingWail","floor":2.0},{"not_picked":["Acrobatics","Deadly Poison"],"picked":"Crippling Poison","floor":3.0},{"not_picked":["Well Laid Plans","Slice"],"picked":"Adrenaline","floor":6.0},{"not_picked":["Acrobatics","Quick Slash"],"picked":"Backstab","floor":8.0},{"not_picked":["Outmaneuver","Deflect"],"picked":"A Thousand Cuts","floor":11.0},{"not_picked":["Acrobatics","PiercingWail"],"picked":"Poisoned Stab","floor":12.0},{"not_picked":["Deflect","Backflip"],"picked":"Escape Plan","floor":13.0},{"not_picked":["Sucker Punch","Choke","Deflect"],"picked":"SKIP","floor":14.0},{"not_picked":["Burst","Wraith Form v2"],"picked":"Die Die Die","floor":16.0},{"not_picked":["Prepared","Skewer"],"picked":"PiercingWail","floor":17.0},{"not_picked":["Dodge and Roll","Reflex"],"picked":"Quick Slash","floor":18.0},{"not_picked":["Outmaneuver","Blur"],"picked":"Envenom","floor":19.0},{"not_picked":["Endless Agony","Underhanded Strike"],"picked":"Leg Sweep","floor":21.0},{"not_picked":["Outmaneuver","Quick Slash"],"picked":"Endless Agony","floor":24.0},{"not_picked":["Heel Hook","Riddle With Holes"],"picked":"Glass Knife","floor":28.0},{"not_picked":["Outmaneuver","Distraction"],"picked":"Dash+1","floor":30.0},{"not_picked":["Prepared","Accuracy"],"picked":"Dodge and Roll","floor":31.0},{"not_picked":["Glass Knife","Burst"],"picked":"Adrenaline","floor":33},{"not_picked":["PiercingWail","Choke"],"picked":"Crippling Poison","floor":35},{"not_picked":["Secret Weapon","Bandage Up"],"picked":"Finesse","floor":36},{"not_picked":["Blind","Swift Strike"],"picked":"Master of Strategy","floor":36},{"not_picked":["Masterful Stab","Predator+1"],"picked":"Footwork","floor":40},{"not_picked":["Acrobatics","Dash"],"picked":"Catalyst+1","floor":45},{"not_picked":["Skewer+1","Quick Slash+1"],"picked":"Deadly Poison","floor":46}],"player_experience":372795,"relics_obtained":[{"floor":6.0,"key":"Bag of Preparation"},{"floor":8.0,"key":"Peace Pipe"},{"floor":9.0,"key":"Mummified Hand"},{"floor":11.0,"key":"Bag of Marbles"},{"floor":24.0,"key":"StoneCalendar"},{"floor":26.0,"key":"Juzu Bracelet"},{"floor":28.0,"key":"Pen Nib"},{"floor":40,"key":"Centennial Puzzle"},{"floor":45,"key":"Molten Egg 2"}],"event_choices":[{"damage_healed":0.0,"max_hp_gain":5.0,"max_hp_loss":0.0,"gold_gain":0.0,"event_name":"Big Fish","player_choice":"Donut","floor":4.0,"gold_loss":0.0,"damage_taken":0.0},{"damage_healed":0.0,"max_hp_gain":0.0,"max_hp_loss":0.0,"gold_gain":0.0,"event_name":"The Cleric","player_choice":"Leave","floor":5.0,"gold_loss":0.0,"damage_taken":0.0},{"damage_healed":0.0,"max_hp_gain":0.0,"max_hp_loss":0.0,"gold_gain":0.0,"event_name":"Drug Dealer","player_choice":"Inject Mutagens","floor":22.0,"gold_loss":0.0,"damage_taken":0.0,"relics_obtained":["MutagenicStrength"]},{"damage_healed":0.0,"max_hp_gain":0.0,"max_hp_loss":0.0,"gold_gain":0.0,"event_name":"Nest","player_choice":"Joined the Cult","floor":29.0,"gold_loss":0.0,"damage_taken":6.0,"cards_obtained":["RitualDagger"]},{"damage_healed":0,"gold_gain":0,"player_choice":"Memory 3","damage_taken":10,"max_hp_gain":0,"max_hp_loss":0,"event_name":"SensoryStone","floor":36,"gold_loss":0},{"cards_removed":["Crippling Poison"],"damage_healed":0,"gold_gain":0,"player_choice":"Removed Skill","damage_taken":0,"max_hp_gain":0,"max_hp_loss":0,"event_name":"Falling","floor":38,"gold_loss":0},{"damage_healed":0,"gold_gain":0,"player_choice":"Paid","damage_taken":0,"relics_obtained":["Red Mask"],"max_hp_gain":0,"max_hp_loss":0,"event_name":"Tomb of Lord Red Mask","floor":39,"gold_loss":36}],"is_beta":false,"boss_relics":[{"not_picked":["Coffee Dripper","Empty Cage"],"picked":"Tiny House"},{"not_picked":["Sozu","Lizard Tail"],"picked":"Cursed Key"}],"items_purged_floors":[],"is_endless":false,"potions_floor_spawned":[1,2,3,11,16,24,28,33,40,45,46],"ascension_level":12}