{"gold_per_floor":[118,138,152,171,96,96,127,147,147,147,164,164,164,196,208,318,330,352,113,53,71,85,85,111,386,410,82,82,93,93,121,121,216,216,233,32,48,60,75,75,175,175,175,175,135,56,56,76,76,76,76,76,3,34,34],"floor_reached":55,"playtime":4954,"items_purged":["Strike_G","Shame","Decay"],"score":715,"play_id":"bddada25-c6bf-46d1-886c-16760d81503e","local_time":"20190608220221","is_ascension_mode":false,"campfire_choices":[{"data":"Noxious Fumes","floor":6,"key":"SMITH"},{"data":"Neutralize","floor":10,"key":"SMITH"},{"floor":12,"key":"REST"},{"floor":15,"key":"REST"},{"data":"Catalyst","floor":23,"key":"SMITH"},{"floor":28,"key":"RECALL"},{"data":"Acrobatics","floor":32,"key":"SMITH"},{"floor":40,"key":"REST"},{"data":"Acrobatics","floor":42,"key":"SMITH"},{"floor":49,"key":"REST"},{"data":"Bouncing Flask","floor":52,"key":"SMITH"}],"neow_cost":"NONE","seed_source_timestamp":182487232843748,"circlet_count":0,"master_deck":["Defend_G","Defend_G","Defend_G","Defend_G","Strike_G","Strike_G","Strike_G","Neutralize+1","Flying Knee","Poisoned Stab","Noxious Fumes+1","Unload","PiercingWail","Doubt","Acrobatics+1","Catalyst+1","Corpse Explosion","Parasite","Leg Sweep+1","Acrobatics+1","Cloak And Dagger","Footwork+1","Backflip","Backstab","Tools of the Trade","Terror","Pain","The Bomb","Bouncing Flask+1","Footwork"],"relics":["Cursed Key","Lantern","Paper Crane","MawBank","Calling Bell","Blood Vial","Darkstone Periapt","Calipers","Omamori","Torii","Bag of Marbles","Lee\u0027s Waffle","Boot","Busted Crown","TwistedFunnel","Tingsha","Bag of Preparation"],"potions_floor_usage":[8,14,16,21,22,22,33,39,50,54],"damage_taken":[{"damage":0,"enemies":"Small Slimes","floor":1,"turns":5},{"damage":0,"enemies":"Cultist","floor":2,"turns":4},{"damage":0,"enemies":"Jaw Worm","floor":3,"turns":4},{"damage":0,"enemies":"Red Slaver","floor":4,"turns":4},{"damage":17,"enemies":"3 Sentries","floor":7,"turns":7},{"damage":0,"enemies":"Blue Slaver","floor":8,"turns":3},{"damage":16,"enemies":"3 Louse","floor":11,"turns":3},{"damage":13,"enemies":"Lagavulin","floor":14,"turns":6},{"damage":13,"enemies":"Slime Boss","floor":16,"turns":10},{"damage":10,"enemies":"Chosen","floor":18,"turns":6},{"damage":4,"enemies":"3 Byrds","floor":21,"turns":2},{"damage":0,"enemies":"Cultist and Chosen","floor":22,"turns":4},{"damage":30,"enemies":"Slavers","floor":24,"turns":5},{"damage":6,"enemies":"Chosen and Byrds","floor":29,"turns":6},{"damage":5,"enemies":"Book of Stabbing","floor":31,"turns":8},{"damage":21,"enemies":"Collector","floor":33,"turns":10},{"damage":21,"enemies":"Orb Walker","floor":35,"turns":5},{"damage":1,"enemies":"3 Shapes","floor":37,"turns":2},{"damage":0,"enemies":"3 Darklings","floor":38,"turns":1},{"damage":11,"enemies":"Sphere and 2 Shapes","floor":39,"turns":5},{"damage":0,"enemies":"Mind Bloom Boss Battle","floor":41,"turns":7},{"damage":28,"enemies":"Maw","floor":48,"turns":7},{"damage":60,"enemies":"Time Eater","floor":50,"turns":7},{"damage":2,"enemies":"Shield and Spear","floor":54,"turns":5},{"damage":85,"enemies":"The Heart","floor":55,"turns":8}],"seed_played":"-2356350066944045589","potions_obtained":[{"floor":2,"key":"FearPotion"},{"floor":3,"key":"Regen Potion"},{"floor":11,"key":"PowerPotion"},{"floor":13,"key":"Fire Potion"},{"floor":14,"key":"Energy Potion"},{"floor":16,"key":"FearPotion"},{"floor":21,"key":"Fire Potion"},{"floor":29,"key":"Regen Potion"},{"floor":31,"key":"SmokeBomb"},{"floor":35,"key":"Swift Potion"},{"floor":48,"key":"Dexterity Potion"}],"is_trial":false,"path_per_floor":["M","M","M","M","$","R","E","M","T","R","M","R","?","E","R","B",null,"M","$","?","M","M","R","E","?","T","$","R","M","?","E","R","B",null,"M","$","M","M","M","R","?","R","T","?","$","$","?","M","R","B",null,"R","$","E","B"],"character_chosen":"THE_SILENT","items_purchased":["Omamori","Lee\u0027s Waffle","TwistedFunnel","Bouncing Flask","Footwork","GhostInAJar"],"campfire_rested":4,"item_purchase_floors":[19,27,36,45,46,53],"current_hp_per_floor":[70,70,70,70,70,70,53,65,65,65,49,70,70,57,70,57,70,60,60,60,58,60,60,32,32,32,77,77,71,71,68,68,64,77,56,56,57,59,50,73,75,75,81,81,81,81,81,55,79,21,83,83,83,81,0],"gold":34,"neow_bonus":"BOSS_RELIC","is_prod":false,"is_daily":false,"chose_seed":false,"campfire_upgraded":6,"win_rate":0,"timestamp":1560045741,"path_taken":["M","M","M","M","$","R","E","M","T","R","M","R","?","E","R","BOSS","M","?","?","?","M","R","E","?","T","$","R","?","?","E","R","BOSS","M","$","M","M","M","R","?","R","T","?","?","$","?","M","R","BOSS","R","$","E","BOSS"],"build_version":"2019-01-23","purchased_purges":3,"victory":false,"max_hp_per_floor":[70,70,70,70,70,70,70,70,70,70,70,70,70,70,70,70,70,70,70,70,70,70,70,70,70,70,77,77,77,77,77,77,77,77,77,77,77,77,77,77,77,77,83,83,83,83,83,83,83,83,83,83,83,83,83],"card_choices":[{"not_picked":["Deadly Poison","Eviscerate","Tactician"],"picked":"SKIP","floor":1},{"not_picked":["Dash","Blade Dance"],"picked":"Flying Knee","floor":2},{"not_picked":["Distraction","Deadly Poison"],"picked":"Poisoned Stab","floor":3},{"not_picked":["Crippling Poison","Deflect"],"picked":"Noxious Fumes","floor":4},{"not_picked":["Blade Dance","Reflex"],"picked":"Unload","floor":7},{"not_picked":["Dagger Spray","Flying Knee"],"picked":"PiercingWail","floor":8},{"not_picked":["Night Terror","Underhanded Strike"],"picked":"Acrobatics","floor":11},{"not_picked":["Blur","Crippling Poison"],"picked":"Catalyst","floor":14},{"not_picked":["Malaise","Burst"],"picked":"Corpse Explosion","floor":16},{"not_picked":["Slice","Deadly Poison+1"],"picked":"Leg Sweep+1","floor":18},{"not_picked":["Dagger Spray","Flying Knee"],"picked":"Footwork","floor":21},{"not_picked":["Poisoned Stab","Flechettes"],"picked":"Backflip","floor":22},{"not_picked":["Underhanded Strike","Backflip","Night Terror"],"picked":"SKIP","floor":24},{"not_picked":["Dodge and Roll","All Out Attack","Deflect"],"picked":"SKIP","floor":29},{"not_picked":["Deflect","Poisoned Stab"],"picked":"Backstab","floor":31},{"not_picked":["Doppelganger","Storm of Steel"],"picked":"Tools of the Trade","floor":33},{"not_picked":["Predator+1"],"picked":"SKIP","floor":35},{"not_picked":["Sucker Punch"],"picked":"SKIP","floor":37},{"not_picked":[],"picked":"Terror","floor":38},{"not_picked":["PiercingWail+1"],"picked":"SKIP","floor":39},{"not_picked":[],"picked":"The Bomb","floor":44},{"not_picked":["Masterful Stab+1"],"picked":"SKIP","floor":48},{"not_picked":["Terror+1"],"picked":"SKIP","floor":54}],"player_experience":48265,"relics_obtained":[{"floor":7,"key":"Lantern"},{"floor":9,"key":"Paper Crane"},{"floor":14,"key":"MawBank"},{"floor":17,"key":"Blood Vial"},{"floor":17,"key":"Darkstone Periapt"},{"floor":17,"key":"Calipers"},{"floor":24,"key":"Torii"},{"floor":26,"key":"Bag of Marbles"},{"floor":31,"key":"Boot"},{"floor":41,"key":"Tingsha"},{"floor":54,"key":"Bag of Preparation"}],"event_choices":[{"damage_healed":0,"gold_gain":0,"player_choice":"Got Potions","damage_taken":0,"max_hp_gain":0,"max_hp_loss":0,"event_name":"Lab","floor":13,"gold_loss":0},{"damage_healed":0,"gold_gain":0,"cards_transformed":["Defend_G","Strike_G"],"player_choice":"Transformed Cards","damage_taken":0,"max_hp_gain":0,"max_hp_loss":0,"event_name":"Designer","floor":20,"gold_loss":60,"cards_obtained":["Acrobatics","Cloak And Dagger"]},{"damage_healed":0,"gold_gain":275,"player_choice":"Desecrate","damage_taken":0,"max_hp_gain":0,"max_hp_loss":0,"event_name":"Golden Shrine","floor":25,"gold_loss":0,"cards_obtained":["Regret"]},{"damage_healed":0,"gold_gain":0,"player_choice":"Upgraded","damage_taken":0,"max_hp_gain":0,"max_hp_loss":0,"event_name":"Upgrade Shrine","floor":30,"gold_loss":0,"cards_upgraded":["Footwork"]},{"damage_healed":0,"gold_gain":0,"player_choice":"Fight","damage_taken":0,"max_hp_gain":0,"max_hp_loss":0,"event_name":"MindBloom","floor":41,"gold_loss":0},{"damage_healed":0,"gold_gain":0,"player_choice":"Memory 1","damage_taken":0,"max_hp_gain":0,"max_hp_loss":0,"event_name":"SensoryStone","floor":44,"gold_loss":0},{"cards_removed":["Survivor"],"damage_healed":0,"gold_gain":0,"player_choice":"Removed Skill","damage_taken":0,"max_hp_gain":0,"max_hp_loss":0,"event_name":"Falling","floor":47,"gold_loss":0}],"is_beta":false,"boss_relics":[{"not_picked":["Snecko Eye","Runic Dome"],"picked":"Calling Bell"},{"not_picked":["Orrery","Coffee Dripper"],"picked":"Busted Crown"}],"items_purged_floors":[5,19,27],"is_endless":false,"potions_floor_spawned":[2,3,11,14,16,21,29,31,35,48],"killed_by":"The Heart","ascension_level":0}