{"gold_per_floor":[119,119,136,151,169,200,216,248,248,198,260,276,304,318,318,417,417,434,448,462,23,23,23,51,77,132,167,267,277,77,77,77,174,174,189,189,0,15,68,396,396,421,421,454,480,480,498,48,48,48],"floor_reached":51,"playtime":3248,"items_purged":["Defend_R"],"score":1085,"play_id":"fb4ec0cf-88d2-4c8d-9a90-a51b8e24d43d","local_time":"20181012002920","is_ascension_mode":true,"campfire_choices":[{"data":"Whirlwind","floor":15,"key":"SMITH"},{"floor":23,"key":"REST"},{"data":"Defend_R+1","floor":32,"key":"PURGE"},{"data":"Anger+1","floor":41,"key":"PURGE"},{"data":"Flex","floor":49,"key":"PURGE"}],"neow_cost":"NONE","seed_source_timestamp":73582648797768,"circlet_count":0,"master_deck":["Strike_R+1","Strike_R+1","Strike_R+1","Strike_R+1","Strike_R+1","Bash+1","Bludgeon+1","Pommel Strike+1","Cleave+1","Shrug It Off+1","Fiend Fire+1","Pummel+1","Shrug It Off+1","Rage+1","Whirlwind+1","Double Tap+1","Cleave+1","Bludgeon+1","Spot Weakness+1","Battle Trance+1","Spot Weakness+1","Infernal Blade+1","Blood for Blood+1","Offering+1","Headbutt+1","Heavy Blade+1","Infernal Blade+1","Pommel Strike+1","Demon Form+1","Carnage+1","Exhume","Perfected Strike+1","Pummel+1","Twin Strike+1","Master of Strategy","Inflame+1","Clash+1"],"relics":["Burning Blood","Orichalcum","War Paint","Self Forming Clay","Molten Egg 2","Fusion Hammer","Dodecahedron","Potion Belt","Peace Pipe","Juzu Bracelet","Oddly Smooth Stone","Torii","WingedGreaves","Mercury Hourglass","PreservedInsect","Coffee Dripper","Mark of the Bloom","Red Mask","Bird Faced Urn","Old Coin","Letter Opener","StoneCalendar","Frozen Egg 2","Charon\u0027s Ashes","Ancient Tea Set"],"potions_floor_usage":[13,14,14,19,24,28,29,44,44,50,50],"damage_taken":[{"damage":2,"enemies":"Jaw Worm","floor":1,"turns":3},{"damage":3,"enemies":"Small Slimes","floor":3,"turns":3},{"damage":3,"enemies":"2 Louse","floor":4,"turns":3},{"damage":3,"enemies":"Looter","floor":5,"turns":2},{"damage":36,"enemies":"Lagavulin","floor":6,"turns":4},{"damage":15,"enemies":"Large Slime","floor":7,"turns":4},{"damage":0,"enemies":"Gremlin Nob","floor":8,"turns":3},{"damage":0,"enemies":"3 Louse","floor":12,"turns":3},{"damage":12,"enemies":"Lagavulin","floor":13,"turns":7},{"damage":0,"enemies":"Exordium Thugs","floor":14,"turns":1},{"damage":36,"enemies":"Hexaghost","floor":16,"turns":9},{"damage":0,"enemies":"Chosen","floor":18,"turns":3},{"damage":8,"enemies":"Shell Parasite","floor":19,"turns":3},{"damage":24,"enemies":"Shelled Parasite and Fungi","floor":20,"turns":4},{"damage":29,"enemies":"Slavers","floor":24,"turns":2},{"damage":24,"enemies":"Book of Stabbing","floor":27,"turns":3},{"damage":6,"enemies":"Colosseum Slavers","floor":28,"turns":2},{"damage":1,"enemies":"Colosseum Nobs","floor":28,"turns":4},{"damage":0,"enemies":"Centurion and Healer","floor":29,"turns":2},{"damage":52,"enemies":"Champ","floor":33,"turns":8},{"damage":0,"enemies":"3 Darklings","floor":35,"turns":2},{"damage":0,"enemies":"Orb Walker","floor":38,"turns":2},{"damage":0,"enemies":"Mysterious Sphere","floor":39,"turns":2},{"damage":6,"enemies":"Giant Head","floor":40,"turns":4},{"damage":6,"enemies":"Nemesis","floor":42,"turns":3},{"damage":11,"enemies":"Giant Head","floor":44,"turns":5},{"damage":0,"enemies":"2 Orb Walkers","floor":45,"turns":2},{"damage":6,"enemies":"3 Darklings","floor":47,"turns":2},{"damage":53,"enemies":"Awakened One","floor":50,"turns":5}],"seed_played":"4059269541410109490","potions_obtained":[{"floor":3,"key":"Explosive Potion"},{"floor":7,"key":"Energy Potion"},{"floor":8,"key":"Energy Potion"},{"floor":14,"key":"BloodPotion"},{"floor":16,"key":"EssenceOfSteel"},{"floor":19,"key":"Regen Potion"},{"floor":20,"key":"SkillPotion"},{"floor":27,"key":"SteroidPotion"},{"floor":28,"key":"SteroidPotion"},{"floor":33,"key":"SneckoOil"},{"floor":35,"key":"SmokeBomb"},{"floor":42,"key":"Poison Potion"},{"floor":47,"key":"Dexterity Potion"}],"is_trial":false,"path_per_floor":["M","?","M","M","M","E","M","E","T","?","?","M","E","M","R","B",null,"M","M","M","$","?","R","E","T","T","E","?","M","$","?","R","B",null,"M","?","?","M","?","E","R","E","T","E","E","?","M","$","R","B"],"character_chosen":"IRONCLAD","items_purchased":["Dodecahedron","Infernal Blade","Blood for Blood+1","PreservedInsect","Pommel Strike+1","Master of Strategy","Ancient Tea Set","Inflame+1","Clash+1"],"campfire_rested":1,"item_purchase_floors":[21,21,21,30,30,48,48,48,48],"current_hp_per_floor":[80,85,85,85,85,55,46,52,52,52,52,58,52,58,58,28,85,85,83,65,65,65,85,62,62,62,44,49,55,55,55,55,9,85,85,85,85,85,85,79,79,73,73,62,62,62,56,56,56,3],"gold":48,"neow_bonus":"TRANSFORM_CARD","is_prod":false,"is_daily":false,"chose_seed":false,"campfire_upgraded":1,"win_rate":0,"timestamp":1539325760,"path_taken":["M","?","M","M","M","E","M","E","T","?","?","?","E","M","R","BOSS","M","M","M","$","?","R","E","?","T","E","?","M","$","?","R","BOSS","M","?","?","M","?","E","R","E","T","E","E","?","M","$","R","BOSS"],"build_version":"2018-10-11","purchased_purges":1,"victory":true,"max_hp_per_floor":[80,85,85,85,85,85,85,85,85,85,85,85,85,85,85,85,85,85,85,85,85,85,85,85,85,85,85,85,85,85,85,85,85,85,85,85,85,85,85,85,85,85,85,85,85,85,85,85,85,85],"card_choices":[{"not_picked":["Thunderclap","Dual Wield"],"picked":"Pommel Strike","floor":1},{"not_picked":["Thunderclap","Twin Strike"],"picked":"Cleave","floor":3},{"not_picked":["Reckless Charge","Dropkick"],"picked":"Shrug It Off","floor":4},{"not_picked":["Cleave","Armaments"],"picked":"Fiend Fire","floor":5},{"not_picked":["Sever Soul","Clothesline"],"picked":"Pummel","floor":6},{"not_picked":["Wild Strike","Infernal Blade"],"picked":"Shrug It Off","floor":7},{"not_picked":["Reckless Charge","Armaments"],"picked":"Rage","floor":8},{"not_picked":["Sever Soul","Intimidate"],"picked":"Whirlwind","floor":12},{"not_picked":["Limit Break","Iron Wave"],"picked":"Double Tap","floor":13},{"not_picked":["Second Wind","Flex"],"picked":"Cleave+1","floor":14},{"not_picked":["Brutality","Juggernaut"],"picked":"Bludgeon+1","floor":16},{"not_picked":["Evolve","Iron Wave+1"],"picked":"Spot Weakness","floor":18},{"not_picked":["Pommel Strike+1","Fire Breathing"],"picked":"Battle Trance","floor":19},{"not_picked":["Twin Strike+1","Pommel Strike+1"],"picked":"Spot Weakness","floor":20},{"not_picked":["Body Slam+1","Wild Strike+1"],"picked":"Offering","floor":24},{"not_picked":["Anger+1","Armaments"],"picked":"Headbutt+1","floor":27},{"not_picked":["Hemokinesis+1","Dropkick+1"],"picked":"Heavy Blade+1","floor":28},{"not_picked":["Clothesline+1","Armaments"],"picked":"Infernal Blade","floor":29},{"not_picked":["Juggernaut","Fiend Fire+1"],"picked":"Demon Form","floor":33},{"not_picked":["Evolve+1","Combust"],"picked":"Anger+1","floor":35},{"not_picked":["Shrug It Off+1","Infernal Blade"],"picked":"Carnage+1","floor":38},{"not_picked":["Armaments+1","Shrug It Off+1"],"picked":"Warcry+1","floor":39},{"not_picked":["Fire Breathing","Armaments"],"picked":"Exhume","floor":40},{"not_picked":["Corruption+1","Clothesline+1"],"picked":"Perfected Strike+1","floor":42},{"not_picked":["Infernal Blade","Wild Strike+1"],"picked":"Flex","floor":44},{"not_picked":["Intimidate+1","True Grit"],"picked":"Pummel+1","floor":45},{"not_picked":["Body Slam+1","Headbutt+1"],"picked":"Twin Strike+1","floor":47}],"player_experience":106687,"relics_obtained":[{"floor":6,"key":"Orichalcum"},{"floor":8,"key":"War Paint"},{"floor":9,"key":"Self Forming Clay"},{"floor":13,"key":"Molten Egg 2"},{"floor":24,"key":"Peace Pipe"},{"floor":25,"key":"Juzu Bracelet"},{"floor":26,"key":"Oddly Smooth Stone"},{"floor":27,"key":"Torii"},{"floor":28,"key":"WingedGreaves"},{"floor":28,"key":"Mercury Hourglass"},{"floor":39,"key":"Bird Faced Urn"},{"floor":40,"key":"Old Coin"},{"floor":42,"key":"Letter Opener"},{"floor":43,"key":"StoneCalendar"},{"floor":44,"key":"Frozen Egg 2"},{"floor":45,"key":"Charon\u0027s Ashes"}],"event_choices":[{"event_name":"Big Fish","player_choice":"Donut","floor":2,"damage_taken":0},{"event_name":"The Cleric","player_choice":"Card Removal","floor":10,"damage_taken":0},{"event_name":"Golden Wing","player_choice":"Gained Gold","floor":11,"damage_taken":0},{"event_name":"WeMeetAgain","player_choice":"Potion","floor":22,"damage_taken":0},{"event_name":"Colosseum","player_choice":"Fight","floor":28,"damage_taken":0},{"event_name":"Colosseum","player_choice":"Fought Nobs","floor":28,"damage_taken":0},{"event_name":"Back to Basics","player_choice":"Simplicity","floor":31,"damage_taken":0},{"event_name":"MindBloom","player_choice":"Upgrade","floor":36,"damage_taken":0},{"event_name":"Tomb of Lord Red Mask","player_choice":"Paid","floor":37,"damage_taken":0},{"event_name":"Mysterious Sphere","player_choice":"Fight","floor":39,"damage_taken":0},{"event_name":"Wheel of Change","player_choice":"Card Removal","floor":46,"damage_taken":0}],"is_beta":false,"boss_relics":[{"not_picked":["Runic Pyramid","Orrery"],"picked":"Fusion Hammer"},{"not_picked":["Mark of Pain","Astrolabe"],"picked":"Coffee Dripper"}],"items_purged_floors":[21],"is_endless":false,"potions_floor_spawned":[3,7,8,12,14,16,19,20,27,28,33,35,42,47],"ascension_level":2}