{"gold_per_floor":[362,362,381,13,33,64,75,102,149,149,204,204,232,246,246,348,348,362,374,389,408,17,42,42,55,102,114,142,142,162,192,192,296,296,307,319,269,269,61,61,0,19,19,53,71,83,98,109,109,109],"floor_reached":51,"playtime":4492,"items_purged":["Defend_G","Defend_G"],"score":863,"play_id":"12dd9645-8a69-448b-b1cb-03055dd480e6","local_time":"20181003004845","is_ascension_mode":false,"campfire_choices":[{"floor":10,"key":"REST"},{"data":"Unload","floor":12,"key":"SMITH"},{"data":"Infinite Blades","floor":15,"key":"SMITH"},{"data":"Envenom","floor":24,"key":"SMITH"},{"data":"After Image","floor":29,"key":"SMITH"},{"data":"Blade Dance","floor":32,"key":"SMITH"},{"data":"Backstab","floor":40,"key":"SMITH"},{"data":"Backstab","floor":49,"key":"SMITH"}],"neow_cost":"PERCENT_DAMAGE","seed_source_timestamp":1455677081330237,"circlet_count":0,"master_deck":["Defend_G","Defend_G","Defend_G+1","Strike_G","Strike_G","Strike_G","Strike_G","Survivor","Neutralize","Quick Slash","Bouncing Flask+1","Unload+1","Footwork","Dodge and Roll","Dagger Throw","Quick Slash","Underhanded Strike","After Image+1","Backstab","Blade Dance+1","Infinite Blades+1","Envenom+1","Blade Dance+1","Backstab+1","Dodge and Roll","Leg Sweep+1","Flechettes","PiercingWail","Blade Dance","Infinite Blades","Bouncing Flask","Backstab","Bandage Up","PiercingWail","Escape Plan+1","Blade Dance+1","Backstab+1","Acrobatics","Slice+1","Blur+1","Backflip","Escape Plan","Corpse Explosion","Blade Dance","Dagger Throw","Backstab+1","Blade Dance","Madness","Madness","Masterful Stab","Prepared","Bouncing Flask","Poisoned Stab+1","Blade Dance+1","Choke+1","A Thousand Cuts","Catalyst","Catalyst","Crippling Poison+1","Choke","Blur","Dagger Throw+1","Corpse Explosion"],"relics":["Ring of the Snake","War Paint","Regal Pillow","Mercury Hourglass","Bag of Preparation","Bag of Marbles","Prayer Wheel","Coffee Dripper","Lantern","Pen Nib","Centennial Puzzle","Snake Skull","Smiling Mask","Runic Pyramid","Red Mask","Question Card","Omamori"],"potions_floor_usage":[8,16,16,20,25,35,42,44,46],"damage_taken":[{"damage":0,"enemies":"2 Louse","floor":1,"turns":4},{"damage":0,"enemies":"Cultist","floor":3,"turns":4},{"damage":1,"enemies":"Jaw Worm","floor":5,"turns":3},{"damage":9,"enemies":"Gremlin Nob","floor":6,"turns":4},{"damage":0,"enemies":"Blue Slaver","floor":7,"turns":4},{"damage":13,"enemies":"3 Sentries","floor":8,"turns":8},{"damage":9,"enemies":"Gremlin Nob","floor":11,"turns":4},{"damage":6,"enemies":"Gremlin Nob","floor":13,"turns":3},{"damage":0,"enemies":"Looter","floor":14,"turns":1},{"damage":21,"enemies":"The Guardian","floor":16,"turns":9},{"damage":12,"enemies":"2 Thieves","floor":18,"turns":3},{"damage":0,"enemies":"3 Byrds","floor":19,"turns":4},{"damage":3,"enemies":"3 Cultists","floor":20,"turns":4},{"damage":1,"enemies":"Centurion and Healer","floor":21,"turns":4},{"damage":0,"enemies":"Gremlin Leader","floor":23,"turns":6},{"damage":0,"enemies":"Cultist and Chosen","floor":25,"turns":2},{"damage":1,"enemies":"Shelled Parasite and Fungi","floor":27,"turns":4},{"damage":7,"enemies":"Slavers","floor":28,"turns":3},{"damage":0,"enemies":"Centurion and Healer","floor":30,"turns":2},{"damage":4,"enemies":"Book of Stabbing","floor":31,"turns":3},{"damage":6,"enemies":"Collector","floor":33,"turns":7},{"damage":2,"enemies":"3 Shapes","floor":35,"turns":3},{"damage":0,"enemies":"3 Darklings","floor":36,"turns":4},{"damage":0,"enemies":"Sphere and 2 Shapes","floor":42,"turns":2},{"damage":12,"enemies":"Giant Head","floor":44,"turns":6},{"damage":0,"enemies":"4 Shapes","floor":45,"turns":2},{"damage":4,"enemies":"Transient","floor":46,"turns":5},{"damage":0,"enemies":"Sphere and 2 Shapes","floor":47,"turns":1},{"damage":0,"enemies":"4 Shapes","floor":48,"turns":3},{"damage":62,"enemies":"Donu and Deca","floor":50,"turns":9}],"seed_played":"1374993220060068244","potions_obtained":[{"floor":6,"key":"SkillPotion"},{"floor":7,"key":"FearPotion"},{"floor":11,"key":"Regen Potion"},{"floor":11,"key":"Fire Potion"},{"floor":14,"key":"SteroidPotion"},{"floor":19,"key":"Dexterity Potion"},{"floor":20,"key":"LiquidBronze"},{"floor":28,"key":"Regen Potion"},{"floor":30,"key":"Block Potion"},{"floor":35,"key":"Swift Potion"},{"floor":36,"key":"Explosive Potion"},{"floor":48,"key":"Fire Potion"}],"is_trial":false,"path_per_floor":["M","?","M","$","M","E","M","E","T","R","?","R","E","M","R","B",null,"M","M","M","M","$","E","R","M","T","M","E","R","M","E","R","B",null,"M","M","$","?","$","R","?","M","T","E","M","M","M","M","R","B"],"character_chosen":"THE_SILENT","items_purchased":["Unload","War Paint","Footwork","Bouncing Flask","Backstab","Lantern","Bandage Up","Masterful Stab","Prepared","Bouncing Flask"],"campfire_rested":1,"item_purchase_floors":[4,4,4,22,22,22,22,39,39,39],"current_hp_per_floor":[49,49,49,49,48,39,39,26,26,62,53,53,47,47,47,41,70,58,58,55,54,54,58,58,58,58,61,54,54,54,54,54,52,70,68,68,68,59,59,59,59,59,59,58,62,62,62,62,62,4],"gold":109,"neow_bonus":"TWO_FIFTY_GOLD","is_prod":false,"is_daily":false,"chose_seed":false,"campfire_upgraded":7,"win_rate":0,"timestamp":1538549325,"path_taken":["M","?","M","$","M","E","M","E","T","R","?","R","E","M","R","BOSS","M","?","M","M","$","E","R","M","T","M","E","R","M","E","R","BOSS","M","M","$","?","$","R","?","M","T","E","M","M","M","?","R","BOSS"],"build_version":"2018-09-27","purchased_purges":2,"victory":true,"max_hp_per_floor":[70,70,70,70,70,70,70,70,70,70,70,70,70,70,70,70,70,70,70,70,70,70,70,70,70,70,70,70,70,70,70,70,70,70,70,70,70,70,70,70,70,70,70,70,70,70,70,70,70,70],"card_choices":[{"not_picked":["Distraction","Backflip"],"picked":"Quick Slash","floor":1},{"not_picked":["Noxious Fumes","Slice"],"picked":"Bouncing Flask","floor":3},{"not_picked":["Reflex","Outmaneuver"],"picked":"Dodge and Roll","floor":5},{"not_picked":["Calculated Gamble","Acrobatics"],"picked":"Dagger Throw","floor":6},{"not_picked":["Dagger Spray","Expertise"],"picked":"Quick Slash","floor":7},{"not_picked":["Quick Slash","Terror"],"picked":"Underhanded Strike","floor":8},{"not_picked":["Distraction","Calculated Gamble"],"picked":"After Image","floor":11},{"not_picked":["Heel Hook","Skewer"],"picked":"Backstab","floor":13},{"not_picked":["Deflect","Bane"],"picked":"Blade Dance","floor":14},{"not_picked":["Acrobatics","Blade Dance"],"picked":"Infinite Blades","floor":14},{"not_picked":["After Image","Phantasmal Killer"],"picked":"Envenom","floor":16},{"not_picked":["Poisoned Stab","Expertise"],"picked":"Blade Dance+1","floor":18},{"not_picked":["Distraction","Blur+1"],"picked":"Backstab","floor":18},{"not_picked":["Tools of the Trade","Deadly Poison"],"picked":"Dodge and Roll","floor":19},{"not_picked":["Prepared","Deflect"],"picked":"Leg Sweep+1","floor":19},{"not_picked":["Masterful Stab","Acrobatics"],"picked":"Flechettes","floor":20},{"not_picked":["Sucker Punch","Deadly Poison"],"picked":"PiercingWail","floor":20},{"not_picked":["Underhanded Strike","Masterful Stab"],"picked":"Blade Dance","floor":21},{"not_picked":["Prepared","Flying Knee"],"picked":"Infinite Blades","floor":21},{"not_picked":["Doppelganger","Blur"],"picked":"PiercingWail","floor":23},{"not_picked":["Outmaneuver","Bane"],"picked":"Escape Plan+1","floor":25},{"not_picked":["Masterful Stab+1","Flechettes+1"],"picked":"Blade Dance+1","floor":25},{"not_picked":["Blade Dance","Dagger Throw"],"picked":"Backstab","floor":27},{"not_picked":["Expertise","Deadly Poison"],"picked":"Acrobatics","floor":27},{"not_picked":["Predator","Flying Knee"],"picked":"Slice+1","floor":28},{"not_picked":["Phantasmal Killer","Flechettes"],"picked":"Blur+1","floor":30},{"not_picked":["Poisoned Stab","Prepared"],"picked":"Backflip","floor":30},{"not_picked":["Dodge and Roll+1","Bane"],"picked":"Escape Plan","floor":31},{"not_picked":["Wraith Form v2","Night Terror"],"picked":"Corpse Explosion","floor":33},{"not_picked":["Dagger Throw","Deflect+1"],"picked":"Blade Dance","floor":35},{"not_picked":["Sucker Punch+1","Predator+1"],"picked":"Dagger Throw","floor":35},{"not_picked":["Deadly Poison+1","Flying Knee"],"picked":"Backstab+1","floor":36},{"not_picked":["Bane","Quick Slash+1"],"picked":"Blade Dance","floor":36},{"not_picked":["Slice","Finisher"],"picked":"Poisoned Stab+1","floor":42},{"not_picked":["Catalyst","Deadly Poison+1"],"picked":"Blade Dance+1","floor":42},{"not_picked":["Sucker Punch","Underhanded Strike+1","Calculated Gamble"],"picked":"Choke+1","floor":44},{"not_picked":["Well Laid Plans","Deadly Poison","Dash"],"picked":"A Thousand Cuts","floor":45},{"not_picked":["Distraction","Backstab+1","Flying Knee"],"picked":"Catalyst","floor":45},{"not_picked":["Flying Knee+1","All Out Attack","Deadly Poison"],"picked":"Catalyst","floor":46},{"not_picked":["Sucker Punch+1","Well Laid Plans+1","Outmaneuver+1"],"picked":"Crippling Poison+1","floor":46},{"not_picked":["Heel Hook","Leg Sweep","Predator"],"picked":"Choke","floor":47},{"not_picked":["Dagger Throw+1","Backflip","Quick Slash"],"picked":"Blur","floor":47},{"not_picked":["Flying Knee","Deflect+1","Dodge and Roll+1"],"picked":"Dagger Throw+1","floor":48},{"not_picked":["Backflip","Acrobatics+1","Poisoned Stab+1"],"picked":"Corpse Explosion","floor":48}],"player_experience":55105,"relics_obtained":[{"floor":6,"key":"Regal Pillow"},{"floor":8,"key":"Mercury Hourglass"},{"floor":9,"key":"Bag of Preparation"},{"floor":11,"key":"Bag of Marbles"},{"floor":13,"key":"Prayer Wheel"},{"floor":23,"key":"Pen Nib"},{"floor":26,"key":"Centennial Puzzle"},{"floor":28,"key":"Snake Skull"},{"floor":31,"key":"Smiling Mask"},{"floor":43,"key":"Question Card"},{"floor":44,"key":"Omamori"}],"event_choices":[{"event_name":"Bonfire Elementals","player_choice":"BASIC","floor":2,"damage_taken":0},{"event_name":"Dead Adventurer","player_choice":"Searched \u00271\u0027 times","floor":11,"damage_taken":0},{"event_name":"Winding Halls","player_choice":"Embrace Madness","floor":38,"damage_taken":0},{"event_name":"Tomb of Lord Red Mask","player_choice":"Paid","floor":41,"damage_taken":0}],"is_beta":false,"boss_relics":[{"not_picked":["Calling Bell","Busted Crown"],"picked":"Coffee Dripper"},{"not_picked":["Eternal Feather","Astrolabe"],"picked":"Runic Pyramid"}],"items_purged_floors":[37,39],"is_endless":false,"potions_floor_spawned":[6,7,11,11,14,19,20,28,30,35,36,48],"ascension_level":0}