{"gold_per_floor":[209,384,46,65,78,106,120,152,152,152],"floor_reached":10,"playtime":787,"items_purged":["Doubt"],"score":94,"play_id":"4d722198-2f3e-4853-bfd7-e38f611a494c","local_time":"20190519052441","is_ascension_mode":true,"campfire_choices":[],"neow_cost":"NONE","seed_source_timestamp":262968966315905,"circlet_count":0,"master_deck":["Defend_G","Defend_G","Defend_G","Defend_G","Defend_G","Strike_G","Strike_G","Strike_G","Strike_G","Strike_G","Survivor","Neutralize","PiercingWail","Bouncing Flask","Catalyst","Cloak And Dagger","Dodge and Roll","Malaise","Bane","Dodge and Roll"],"relics":["Ring of the Snake","Dream Catcher","Bottled Lightning","Mercury Hourglass","Toxic Egg 2"],"potions_floor_usage":[5,7,8],"damage_taken":[{"damage":3,"enemies":"Small Slimes","floor":1,"turns":4},{"damage":4,"enemies":"Jaw Worm","floor":4,"turns":3},{"damage":0,"enemies":"2 Louse","floor":5,"turns":2},{"damage":39,"enemies":"Gremlin Nob","floor":6,"turns":5},{"damage":3,"enemies":"Large Slime","floor":7,"turns":11},{"damage":18,"enemies":"Lagavulin","floor":8,"turns":8},{"damage":7,"enemies":"3 Sentries","floor":10,"turns":5}],"seed_played":"6016632418354796733","potions_obtained":[{"floor":4,"key":"Fire Potion"},{"floor":6,"key":"SpeedPotion"},{"floor":7,"key":"Weak Potion"}],"is_trial":false,"path_per_floor":["M","?","$","M","M","E","M","E","T","E"],"character_chosen":"THE_SILENT","items_purchased":["Dream Catcher","Bouncing Flask","Catalyst"],"campfire_rested":0,"item_purchase_floors":[3,3,3],"current_hp_per_floor":[67,67,67,63,63,24,21,3,3,0],"gold":152,"neow_bonus":"HUNDRED_GOLD","is_prod":false,"is_daily":false,"chose_seed":false,"campfire_upgraded":0,"win_rate":0,"timestamp":1558265081,"path_taken":["M","?","$","M","M","E","M","E","T","E"],"build_version":"2019-01-23","purchased_purges":1,"victory":false,"max_hp_per_floor":[70,70,70,70,70,70,70,70,70,70],"card_choices":[{"not_picked":["Blade Dance","Poisoned Stab"],"picked":"PiercingWail","floor":1},{"not_picked":["Terror","Reflex"],"picked":"Cloak And Dagger","floor":4},{"not_picked":["Dagger Throw","Distraction"],"picked":"Dodge and Roll","floor":5},{"not_picked":["Dagger Spray","Endless Agony"],"picked":"Malaise","floor":6},{"not_picked":["Expertise","Poisoned Stab"],"picked":"Bane","floor":7},{"not_picked":["Outmaneuver","Prepared"],"picked":"Dodge and Roll","floor":8}],"player_experience":215902,"relics_obtained":[{"floor":6,"key":"Bottled Lightning"},{"floor":8,"key":"Mercury Hourglass"},{"floor":9,"key":"Toxic Egg 2"}],"event_choices":[{"damage_healed":0,"gold_gain":175,"player_choice":"AGREE","damage_taken":0,"max_hp_gain":0,"max_hp_loss":0,"event_name":"Liars Game","floor":2,"gold_loss":0,"cards_obtained":["Doubt"]}],"is_beta":false,"boss_relics":[],"items_purged_floors":[3],"is_endless":false,"potions_floor_spawned":[4,6,7],"killed_by":"3 Sentries","ascension_level":4}