{"gold_per_floor":[116,133,143,159,159,159,187,199,226,226,305,317,329,12,12,83,83,95,95,113,113],"floor_reached":21,"playtime":732,"items_purged":["Strike_G"],"score":366,"play_id":"1c80dfa9-c938-4051-abf1-9c4ff2dce626","local_time":"20190613214342","is_ascension_mode":true,"campfire_choices":[{"data":"After Image","floor":6,"key":"SMITH"},{"data":"Noxious Fumes","floor":10,"key":"SMITH"},{"floor":15,"key":"REST"}],"neow_cost":"NONE","seed_source_timestamp":41716466670500,"circlet_count":0,"master_deck":["AscendersBane","Strike_G","Strike_G","Strike_G","Strike_G","Defend_G","Defend_G","Defend_G","Defend_G","Defend_G","Survivor","Neutralize","After Image+1","Noxious Fumes+1","Backstab","Slice","Riddle With Holes","Slice","Die Die Die","Backflip","Well Laid Plans","Bullet Time","Cloak And Dagger"],"relics":["Ring of the Snake","Bag of Preparation","Omamori","Lantern","Eternal Feather"],"potions_floor_usage":[7,7,16,16],"damage_taken":[{"damage":5,"enemies":"Jaw Worm","floor":1,"turns":6},{"damage":2,"enemies":"Small Slimes","floor":2,"turns":4},{"damage":0,"enemies":"Cultist","floor":3,"turns":4},{"damage":27,"enemies":"Gremlin Gang","floor":4,"turns":4},{"damage":20,"enemies":"Gremlin Nob","floor":7,"turns":4},{"damage":0,"enemies":"3 Louse","floor":8,"turns":3},{"damage":4,"enemies":"Blue Slaver","floor":12,"turns":3},{"damage":3,"enemies":"2 Fungi Beasts","floor":13,"turns":3},{"damage":9,"enemies":"The Guardian","floor":16,"turns":11},{"damage":20,"enemies":"Chosen","floor":18,"turns":7},{"damage":9,"enemies":"Shell Parasite","floor":20,"turns":5},{"damage":28,"enemies":"Snake Plant","floor":21,"turns":4}],"seed_played":"8876362867686113837","potions_obtained":[{"floor":1,"key":"LiquidBronze"},{"floor":4,"key":"Swift Potion"},{"floor":7,"key":"EssenceOfSteel"},{"floor":8,"key":"Dexterity Potion"},{"floor":16,"key":"Ancient Potion"},{"floor":18,"key":"Swift Potion"}],"is_trial":false,"path_per_floor":["M","M","M","M","?","R","E","M","T","R","?","M","M","$","R","B",null,"M","?","M","M"],"character_chosen":"THE_SILENT","items_purchased":["Lantern","Well Laid Plans"],"campfire_rested":1,"item_purchase_floors":[14,14],"current_hp_per_floor":[54,52,52,25,47,47,27,27,27,27,27,23,20,20,39,30,57,37,37,28,0],"gold":113,"neow_bonus":"ONE_RANDOM_RARE_CARD","is_prod":false,"is_daily":false,"chose_seed":false,"campfire_upgraded":2,"win_rate":0,"timestamp":1560455022,"path_taken":["M","M","M","M","?","R","E","M","T","R","?","M","?","$","R","BOSS","M","?","?","M"],"build_version":"2019-06-12","purchased_purges":1,"victory":false,"max_hp_per_floor":[66,66,66,66,66,66,66,66,66,66,66,66,66,66,66,66,66,66,66,66,66],"card_choices":[{"not_picked":["Heel Hook","Blade Dance"],"picked":"Noxious Fumes","floor":1},{"not_picked":["Dagger Throw","Setup"],"picked":"Backstab","floor":2},{"not_picked":["Well Laid Plans","Choke"],"picked":"Slice","floor":3},{"not_picked":["Acrobatics","PiercingWail"],"picked":"Riddle With Holes","floor":4},{"not_picked":["Dagger Spray","Bane"],"picked":"Slice","floor":7},{"not_picked":["Dodge and Roll","Poisoned Stab"],"picked":"Die Die Die","floor":8},{"not_picked":["Heel Hook","Escape Plan","Flying Knee"],"picked":"SKIP","floor":12},{"not_picked":["Underhanded Strike","Terror"],"picked":"Backflip","floor":13},{"not_picked":["Malaise","Phantasmal Killer"],"picked":"Bullet Time","floor":16},{"not_picked":["Slice","Sucker Punch","Prepared"],"picked":"SKIP","floor":18},{"not_picked":["Masterful Stab","Heel Hook"],"picked":"Cloak And Dagger","floor":20}],"player_experience":825856,"relics_obtained":[{"floor":7,"key":"Bag of Preparation"},{"floor":9,"key":"Omamori"}],"event_choices":[{"damage_healed":22,"gold_gain":0,"player_choice":"Banana","damage_taken":0,"max_hp_gain":0,"max_hp_loss":0,"event_name":"Big Fish","floor":5,"gold_loss":0},{"damage_healed":0,"gold_gain":79,"player_choice":"Gained Gold","damage_taken":0,"max_hp_gain":0,"max_hp_loss":0,"event_name":"Golden Wing","floor":11,"gold_loss":0},{"damage_healed":0,"gold_gain":0,"player_choice":"Got Potions","damage_taken":0,"max_hp_gain":0,"max_hp_loss":0,"event_name":"Lab","floor":19,"gold_loss":0}],"is_beta":true,"boss_relics":[{"not_picked":["Fusion Hammer","Coffee Dripper"],"picked":"Eternal Feather"}],"items_purged_floors":[14],"is_endless":false,"potions_floor_spawned":[1,4,7,8,16,18],"killed_by":"Snake Plant","ascension_level":20}