{"gold_per_floor":[112,112,125,125,149,19,18,41,67,67,108,128,128,159,159,159],"floor_reached":16,"playtime":618,"items_purged":[],"score":218,"play_id":"c0828bff-45fc-4866-908c-52bca61ddb1a","local_time":"20190612200515","is_ascension_mode":true,"campfire_choices":[{"floor":10,"key":"REST"},{"floor":13,"key":"REST"},{"floor":15,"key":"REST"}],"neow_cost":"NONE","seed_source_timestamp":162613549034000,"circlet_count":0,"master_deck":["AscendersBane","Strike_G","Strike_G","Strike_G","Strike_G","Strike_G","Defend_G","Defend_G","Defend_G","Defend_G+1","Defend_G","Survivor","Neutralize","Finisher","Dagger Spray","Sucker Punch","Well Laid Plans","Deflect","Dodge and Roll","Deflect+1","Noxious Fumes","Slice","Caltrops"],"special_seed":0,"relics":["Ring of the Snake","Orichalcum","Golden Idol","War Paint","Omamori","Singing Bowl"],"potions_floor_usage":[11,14],"damage_taken":[{"damage":2.0,"enemies":"2 Louse","floor":1.0,"turns":3.0},{"damage":0.0,"enemies":"Jaw Worm","floor":3.0,"turns":4.0},{"damage":0.0,"enemies":"Cultist","floor":5.0,"turns":3.0},{"damage":27.0,"enemies":"Exordium Thugs","floor":7.0,"turns":5.0},{"damage":15,"enemies":"Large Slime","floor":8,"turns":6},{"damage":23,"enemies":"Gremlin Nob","floor":11,"turns":6},{"damage":10,"enemies":"Exordium Wildlife","floor":12,"turns":6},{"damage":4,"enemies":"3 Sentries","floor":14,"turns":8},{"damage":38,"enemies":"Hexaghost","floor":16,"turns":10}],"seed_played":"-4794370208653191627","potions_obtained":[{"floor":1.0,"key":"EssenceOfSteel"},{"floor":7.0,"key":"Energy Potion"}],"is_trial":false,"path_per_floor":["M","?","M","?","M","$","M","M","T","R","E","M","R","E","R","B"],"character_chosen":"THE_SILENT","items_purchased":["Well Laid Plans","Deflect"],"campfire_rested":3,"item_purchase_floors":[6,6],"current_hp_per_floor":[63,58,58,58,58,58,31,16,16,35,12,2,21,17,36,0],"gold":159,"neow_bonus":"TEN_PERCENT_HP_BONUS","is_prod":false,"is_daily":false,"chose_seed":false,"campfire_upgraded":0,"win_rate":0,"timestamp":1560362715,"path_taken":["M","?","M","?","M","?","M","M","T","R","E","?","R","E","R","BOSS"],"build_version":"2019-06-11","purchased_purges":0,"victory":false,"max_hp_per_floor":[72,72,72,65,65,65,65,65,65,65,65,65,65,65,65,65],"card_choices":[{"not_picked":["Flechettes","Cloak And Dagger"],"picked":"Finisher","floor":1.0},{"not_picked":["Crippling Poison","Backflip"],"picked":"Dagger Spray","floor":3.0},{"not_picked":["Deadly Poison","Dagger Spray"],"picked":"Sucker Punch","floor":5.0},{"not_picked":["Dagger Throw","Underhanded Strike"],"picked":"Dodge and Roll","floor":7.0},{"not_picked":["Dagger Throw","Deadly Poison"],"picked":"Deflect","floor":8},{"not_picked":["Eviscerate","Malaise"],"picked":"Noxious Fumes","floor":11},{"not_picked":["Bane","Cloak And Dagger"],"picked":"Slice","floor":12},{"not_picked":["Blade Dance","Leg Sweep"],"picked":"Caltrops","floor":14}],"player_experience":812831,"relics_obtained":[{"floor":9,"key":"War Paint"},{"floor":11,"key":"Omamori"},{"floor":14,"key":"Singing Bowl"}],"event_choices":[{"damage_healed":0.0,"max_hp_gain":0.0,"max_hp_loss":0.0,"gold_gain":0.0,"event_name":"Scrap Ooze","player_choice":"Success","floor":2.0,"gold_loss":0.0,"damage_taken":5.0,"relics_obtained":["Orichalcum"]},{"damage_healed":0.0,"max_hp_gain":0.0,"max_hp_loss":7.0,"gold_gain":0.0,"event_name":"Golden Idol","player_choice":"Lose Max HP","floor":4.0,"gold_loss":0.0,"damage_taken":0.0,"relics_obtained":["Golden Idol"]}],"is_beta":true,"boss_relics":[],"items_purged_floors":[],"is_endless":false,"potions_floor_spawned":[1,7],"killed_by":"Hexaghost","ascension_level":19}