{"gold_per_floor":[18,34,34,54,54,98,98,136,136,136,161,177,210,223,223,223],"floor_reached":16,"playtime":1984,"items_purged":[],"score":159,"play_id":"a9229305-87f2-4d24-badd-7cc0841fb696","local_time":"20190527150219","is_ascension_mode":true,"campfire_choices":[{"floor":7,"key":"REST"},{"floor":10,"key":"REST"},{"data":"Venomology","floor":15,"key":"SMITH"}],"neow_cost":"NO_GOLD","seed_source_timestamp":567748762668266,"circlet_count":0,"master_deck":["Defend_G","Defend_G","Defend_G","Defend_G","Defend_G","Strike_G","Strike_G","Strike_G","Survivor","Neutralize","Deadly Poison","Malaise+1","Footwork","Caltrops","Flying Knee","Bane","Flying Knee","Footwork","Flechettes","Venomology+1","Infinite Blades","Crippling Poison"],"relics":["Ring of the Snake","Golden Idol","Anchor","Dodecahedron","Meat on the Bone","Prayer Wheel"],"potions_floor_usage":[3,13,13,14,16],"damage_taken":[{"damage":0,"enemies":"2 Louse","floor":1,"turns":5},{"damage":2,"enemies":"Cultist","floor":2,"turns":5},{"damage":11,"enemies":"Small Slimes","floor":4,"turns":6},{"damage":42,"enemies":"3 Sentries","floor":6,"turns":11},{"damage":28,"enemies":"Gremlin Nob","floor":8,"turns":5},{"damage":0,"enemies":"Blue Slaver","floor":11,"turns":3},{"damage":0,"enemies":"3 Louse","floor":12,"turns":3},{"damage":12,"enemies":"3 Sentries","floor":13,"turns":10},{"damage":0,"enemies":"Looter","floor":14,"turns":3},{"damage":46,"enemies":"Slime Boss","floor":16,"turns":10}],"seed_played":"-786726646032845788","potions_obtained":[{"floor":1,"key":"Fruit Juice"},{"floor":8,"key":"GamblersBrew"},{"floor":11,"key":"Poison Potion"},{"floor":13,"key":"GamblersBrew"}],"is_trial":false,"path_per_floor":["M","M","?","M","?","E","R","E","T","R","M","M","E","M","R","B"],"character_chosen":"THE_SILENT","items_purchased":[],"campfire_rested":2,"item_purchase_floors":[],"current_hp_per_floor":[63,61,66,55,55,13,34,6,6,27,39,39,39,39,39,0],"gold":223,"neow_bonus":"TRANSFORM_TWO_CARDS","is_prod":false,"is_daily":false,"chose_seed":false,"campfire_upgraded":1,"win_rate":0,"timestamp":1558990939,"path_taken":["M","M","?","M","?","E","R","E","T","R","M","M","E","M","R","BOSS"],"build_version":"2019-01-23","purchased_purges":0,"victory":false,"max_hp_per_floor":[70,70,70,70,70,70,70,70,70,70,70,70,70,70,70,70],"card_choices":[{"not_picked":["Cloak And Dagger","Riddle With Holes"],"picked":"Footwork","floor":1},{"not_picked":["Dash","Calculated Gamble"],"picked":"Caltrops","floor":2},{"not_picked":["Dagger Throw","Acrobatics"],"picked":"Flying Knee","floor":4},{"not_picked":["Flying Knee","Heel Hook"],"picked":"Bane","floor":6},{"not_picked":["Endless Agony","Reflex"],"picked":"Flying Knee","floor":8},{"not_picked":["PiercingWail","Acrobatics"],"picked":"Footwork","floor":11},{"not_picked":["Prepared","Riddle With Holes"],"picked":"Flechettes","floor":12},{"not_picked":["Storm of Steel","Poisoned Stab"],"picked":"Venomology","floor":13},{"not_picked":["Underhanded Strike","Prepared"],"picked":"Infinite Blades","floor":14},{"not_picked":["Cloak And Dagger","Backflip"],"picked":"Crippling Poison","floor":14}],"player_experience":245457,"relics_obtained":[{"floor":6,"key":"Anchor"},{"floor":8,"key":"Dodecahedron"},{"floor":9,"key":"Meat on the Bone"},{"floor":13,"key":"Prayer Wheel"}],"event_choices":[{"damage_healed":0,"gold_gain":0,"player_choice":"Lose Max HP","damage_taken":0,"relics_obtained":["Golden Idol"],"max_hp_gain":0,"max_hp_loss":5,"event_name":"Golden Idol","floor":3,"gold_loss":0},{"damage_healed":0,"gold_gain":0,"player_choice":"Upgraded","damage_taken":0,"max_hp_gain":0,"max_hp_loss":0,"event_name":"Upgrade Shrine","floor":5,"gold_loss":0,"cards_upgraded":["Malaise"]}],"is_beta":false,"boss_relics":[],"items_purged_floors":[],"is_endless":false,"potions_floor_spawned":[1,8,11,13],"killed_by":"Slime Boss","ascension_level":6}