{"gold_per_floor":[369,383,403,17,31,56,68,96,96,96,124,187,214,224,224,329,329,295,142,153,172,182,182,208,225,251,277,277,303,31,47,47,145,145,163,263,278,296,296,321,321,333,359,391,403,430,472,484,496,508],"floor_reached":50,"playtime":7109,"items_purged":[],"score":1085,"play_id":"e4f6e483-63cf-4c59-9cfe-df145c3fcb19","local_time":"20190524223447","is_ascension_mode":true,"campfire_choices":[{"data":"Bullet Time","floor":15,"key":"SMITH"},{"data":"Adrenaline","floor":23,"key":"SMITH"},{"data":"Acrobatics","floor":28,"key":"SMITH"},{"data":"Apotheosis","floor":32,"key":"SMITH"},{"data":"Footwork","floor":41,"key":"SMITH"},{"data":"Acrobatics","floor":49,"key":"SMITH"}],"neow_cost":"TEN_PERCENT_HP_LOSS","seed_source_timestamp":330486306801472,"circlet_count":0,"master_deck":["Defend_G","Defend_G","Defend_G","Defend_G","Defend_G","Strike_G","Strike_G","Strike_G","Strike_G","Survivor","Neutralize","Escape Plan","Backflip","Flying Knee","Footwork+1","Well Laid Plans","Bullet Time+1","Footwork","PiercingWail","Quick Slash","Dodge and Roll","Poisoned Stab","Caltrops","Storm of Steel","Predator+1","Adrenaline+1","Acrobatics+1","Infinite Blades","Caltrops","Bane","Cloak And Dagger+1","PiercingWail","Caltrops+1","Apotheosis+1","Finesse","Dagger Throw","Blur","Dodge and Roll+1","Cloak And Dagger","Cloak And Dagger+1","Corpse Explosion","Acrobatics+1","Footwork+1","Deadly Poison+1"],"relics":["Ring of the Snake","Thread and Needle","Pocketwatch","Smiling Mask","Meat on the Bone","Blue Candle","Oddly Smooth Stone","Mango","HoveringKite","Dream Catcher","Strawberry","Kunai","Anchor","Coffee Dripper","The Specimen","Bronze Scales","MawBank","Potion Belt"],"potions_floor_usage":[8,12,12,22,24,25,25,27,27,29,33,38,44,46,50],"damage_taken":[{"damage":0,"enemies":"Cultist","floor":1,"turns":4},{"damage":0,"enemies":"2 Louse","floor":2,"turns":3},{"damage":0,"enemies":"Small Slimes","floor":3,"turns":4},{"damage":0,"enemies":"Blue Slaver","floor":5,"turns":4},{"damage":33,"enemies":"Gremlin Nob","floor":6,"turns":6},{"damage":0,"enemies":"Looter","floor":7,"turns":4},{"damage":0,"enemies":"3 Sentries","floor":8,"turns":12},{"damage":0,"enemies":"Lagavulin","floor":11,"turns":13},{"damage":0,"enemies":"Gremlin Nob","floor":12,"turns":5},{"damage":0,"enemies":"3 Sentries","floor":13,"turns":10},{"damage":0,"enemies":"Large Slime","floor":14,"turns":7},{"damage":0,"enemies":"Hexaghost","floor":16,"turns":11},{"damage":5,"enemies":"2 Thieves","floor":18,"turns":5},{"damage":5,"enemies":"3 Byrds","floor":20,"turns":5},{"damage":14,"enemies":"Snake Plant","floor":21,"turns":4},{"damage":8,"enemies":"Snecko","floor":22,"turns":5},{"damage":15,"enemies":"Gremlin Leader","floor":24,"turns":8},{"damage":14,"enemies":"Cultist and Chosen","floor":25,"turns":8},{"damage":5,"enemies":"Slavers","floor":27,"turns":7},{"damage":0,"enemies":"Book of Stabbing","floor":29,"turns":7},{"damage":0,"enemies":"Shelled Parasite and Fungi","floor":31,"turns":3},{"damage":33,"enemies":"Automaton","floor":33,"turns":12},{"damage":0,"enemies":"3 Shapes","floor":35,"turns":5},{"damage":2,"enemies":"Mind Bloom Boss Battle","floor":36,"turns":6},{"damage":0,"enemies":"Orb Walker","floor":37,"turns":6},{"damage":22,"enemies":"4 Shapes","floor":38,"turns":7},{"damage":0,"enemies":"Nemesis","floor":40,"turns":11},{"damage":0,"enemies":"Maw","floor":42,"turns":8},{"damage":0,"enemies":"Sphere and 2 Shapes","floor":44,"turns":4},{"damage":0,"enemies":"Transient","floor":46,"turns":5},{"damage":0,"enemies":"Giant Head","floor":47,"turns":10},{"damage":50,"enemies":"Awakened One","floor":50,"turns":4}],"seed_played":"-6325200409075421411","potions_obtained":[{"floor":2,"key":"Regen Potion"},{"floor":3,"key":"SneckoOil"},{"floor":5,"key":"Ancient Potion"},{"floor":11,"key":"Explosive Potion"},{"floor":16,"key":"SteroidPotion"},{"floor":22,"key":"SkillPotion"},{"floor":24,"key":"EntropicBrew"},{"floor":31,"key":"Block Potion"},{"floor":35,"key":"FearPotion"},{"floor":37,"key":"GamblersBrew"},{"floor":42,"key":"SkillPotion"},{"floor":44,"key":"Dexterity Potion"}],"is_trial":false,"path_per_floor":["M","M","M","$","M","E","M","E","T","?","E","?","E","M","R","B",null,"M","$","M","M","M","R","E","M","T","E","R","E","$","M","R","B",null,"M","?","M","M","?","E","R","M","T","M","?","M","E","?","R","B"],"character_chosen":"THE_SILENT","items_purchased":["Thread and Needle","Footwork","Adrenaline","Apotheosis","Finesse"],"campfire_rested":0,"item_purchase_floors":[4,4,19,30,30],"current_hp_per_floor":[63,63,63,63,63,30,30,45,45,38,38,38,52,52,52,52,71,66,66,61,47,39,39,36,34,41,48,48,48,48,48,48,27,70,70,68,68,46,46,46,46,46,46,46,46,46,46,46,46,0],"gold":508,"neow_bonus":"TWO_FIFTY_GOLD","is_prod":false,"is_daily":false,"chose_seed":false,"campfire_upgraded":6,"win_rate":0,"timestamp":1558758887,"path_taken":["M","M","?","$","M","E","M","E","T","?","E","?","E","M","R","BOSS","M","$","M","M","M","R","E","M","T","E","R","E","$","M","R","BOSS","M","?","M","M","?","E","R","M","T","M","?","M","E","?","R","BOSS"],"build_version":"2019-01-23","purchased_purges":0,"victory":false,"max_hp_per_floor":[63,63,63,63,63,63,63,63,63,63,63,63,77,77,77,77,77,77,77,77,77,77,77,77,77,84,84,84,84,84,84,84,84,84,84,84,84,84,80,80,80,80,80,80,80,80,80,80,80,80],"card_choices":[{"not_picked":["Deflect","Bane"],"picked":"Escape Plan","floor":1},{"not_picked":["Sucker Punch","All Out Attack"],"picked":"Backflip","floor":2},{"not_picked":["Distraction","Outmaneuver"],"picked":"Flying Knee","floor":3},{"not_picked":["Outmaneuver","Slice"],"picked":"Well Laid Plans","floor":5},{"not_picked":["Prepared","Deflect"],"picked":"Bullet Time","floor":6},{"not_picked":["Reflex","Acrobatics"],"picked":"Footwork","floor":7},{"not_picked":["Quick Slash","Catalyst"],"picked":"PiercingWail","floor":8},{"not_picked":["Concentrate","Tactician"],"picked":"Quick Slash","floor":11},{"not_picked":["Dagger Throw","Bouncing Flask"],"picked":"Dodge and Roll","floor":12},{"not_picked":["Dagger Throw","Sucker Punch"],"picked":"Poisoned Stab","floor":13},{"not_picked":["Grand Finale","Flying Knee"],"picked":"Caltrops","floor":14},{"not_picked":["Unload","Doppelganger"],"picked":"Storm of Steel","floor":16},{"not_picked":["Backflip","Bane"],"picked":"Predator+1","floor":18},{"not_picked":["Flying Knee","Terror+1"],"picked":"Acrobatics","floor":20},{"not_picked":["Prepared","Backstab"],"picked":"Infinite Blades","floor":21},{"not_picked":["Bouncing Flask","Dagger Throw"],"picked":"Caltrops","floor":22},{"not_picked":["Unload","Dagger Spray"],"picked":"Bane","floor":24},{"not_picked":["Quick Slash","Concentrate"],"picked":"Cloak And Dagger+1","floor":25},{"not_picked":["Setup","Sucker Punch"],"picked":"PiercingWail","floor":27},{"not_picked":["Calculated Gamble+1","Wraith Form v2"],"picked":"Caltrops+1","floor":29},{"not_picked":["Sucker Punch","Concentrate"],"picked":"Dagger Throw","floor":31},{"not_picked":["Venomology","Malaise"],"picked":"Burst","floor":33},{"not_picked":["Terror","PiercingWail"],"picked":"Blur","floor":35},{"not_picked":["Distraction+1","Quick Slash"],"picked":"Dodge and Roll+1","floor":36},{"not_picked":["Choke+1","Deadly Poison"],"picked":"Cloak And Dagger","floor":37},{"not_picked":["Leg Sweep+1","Flying Knee+1"],"picked":"Cloak And Dagger+1","floor":38},{"not_picked":["Prepared+1","Flying Knee"],"picked":"Corpse Explosion","floor":40},{"not_picked":["PiercingWail+1","Backstab"],"picked":"Acrobatics","floor":42},{"not_picked":["Sucker Punch","Infinite Blades+1"],"picked":"Footwork+1","floor":44},{"not_picked":["Dagger Throw","Terror"],"picked":"Deadly Poison+1","floor":46},{"not_picked":["Wraith Form v2","Flying Knee","Dagger Spray"],"picked":"SKIP","floor":47}],"player_experience":235160,"relics_obtained":[{"floor":6,"key":"Pocketwatch"},{"floor":8,"key":"Smiling Mask"},{"floor":9,"key":"Meat on the Bone"},{"floor":11,"key":"Blue Candle"},{"floor":13,"key":"Mango"},{"floor":24,"key":"Dream Catcher"},{"floor":26,"key":"Strawberry"},{"floor":27,"key":"Kunai"},{"floor":29,"key":"Anchor"},{"floor":36,"key":"The Specimen"},{"floor":40,"key":"Bronze Scales"},{"floor":43,"key":"MawBank"},{"floor":47,"key":"Potion Belt"}],"event_choices":[{"cards_removed":["Strike_G"],"damage_healed":0,"gold_gain":0,"player_choice":"Card Removal","damage_taken":7,"max_hp_gain":0,"max_hp_loss":0,"event_name":"Golden Wing","floor":10,"gold_loss":0},{"damage_healed":0,"gold_gain":0,"player_choice":"Searched \u00272\u0027 times","damage_taken":0,"relics_obtained":["Oddly Smooth Stone"],"max_hp_gain":0,"max_hp_loss":0,"event_name":"Dead Adventurer","floor":12,"gold_loss":0},{"damage_healed":0,"gold_gain":0,"player_choice":"Fight","damage_taken":0,"max_hp_gain":0,"max_hp_loss":0,"event_name":"MindBloom","floor":36,"gold_loss":0},{"damage_healed":0,"gold_gain":0,"player_choice":"Max HP","damage_taken":0,"max_hp_gain":0,"max_hp_loss":4,"event_name":"Winding Halls","floor":39,"gold_loss":0},{"cards_removed":["Burst"],"damage_healed":0,"gold_gain":0,"player_choice":"Removed Skill","damage_taken":0,"max_hp_gain":0,"max_hp_loss":0,"event_name":"Falling","floor":45,"gold_loss":0},{"damage_healed":0,"gold_gain":0,"player_choice":"Ignored","damage_taken":0,"max_hp_gain":0,"max_hp_loss":0,"event_name":"SecretPortal","floor":48,"gold_loss":0}],"is_beta":false,"boss_relics":[{"not_picked":["Fusion Hammer","Ring of the Serpent"],"picked":"HoveringKite"},{"not_picked":["Runic Pyramid","Lizard Tail"],"picked":"Coffee Dripper"}],"items_purged_floors":[],"is_endless":false,"potions_floor_spawned":[2,3,5,11,16,22,24,31,35,37,42,44],"killed_by":"Awakened One","ascension_level":6}