{"gold_per_floor":[16,16,16,16,16,16,34,34,58,58,96,96,117,158,158,251,251,276,290,305,305,328,328],"floor_reached":23,"playtime":938,"items_purged":[],"score":358,"play_id":"1cd6422b-5c4d-4478-93e7-0857904286ac","local_time":"20190615222304","is_ascension_mode":true,"campfire_choices":[{"floor":6.0,"key":"REST"},{"floor":8.0,"key":"REST"},{"data":"Zap","floor":10.0,"key":"SMITH"},{"data":"Sunder","floor":12.0,"key":"SMITH"},{"floor":15,"key":"REST"}],"neow_cost":"NO_GOLD","seed_source_timestamp":216646851034000,"circlet_count":0,"master_deck":["AscendersBane","Strike_B","Strike_B","Strike_B","Defend_B","Defend_B","Defend_B","Defend_B","Zap+1","Dualcast","Beam Cell","Glacier","Sunder+1","Ball Lightning","Core Surge","Go for the Eyes","Self Repair+1","RitualDagger","White Noise"],"special_seed":0,"relics":["FrozenCore","Incense Burner","Golden Idol","Ancient Tea Set","Potion Belt","Singing Bowl","Bird Faced Urn"],"potions_floor_usage":[18,23,23,23],"damage_taken":[{"damage":6.0,"enemies":"Small Slimes","floor":1.0,"turns":3.0},{"damage":3.0,"enemies":"Jaw Worm","floor":7.0,"turns":4.0},{"damage":18.0,"enemies":"Gremlin Nob","floor":11.0,"turns":6.0},{"damage":4.0,"enemies":"2 Louse","floor":13.0,"turns":2.0},{"damage":6,"enemies":"Lagavulin","floor":14,"turns":6},{"damage":31,"enemies":"Slime Boss","floor":16,"turns":16},{"damage":25,"enemies":"3 Byrds","floor":18,"turns":3},{"damage":5,"enemies":"Shell Parasite","floor":19,"turns":6},{"damage":0,"enemies":"Centurion and Healer","floor":20,"turns":7},{"damage":12,"enemies":"Snake Plant","floor":22,"turns":5},{"damage":53,"enemies":"Slavers","floor":23,"turns":4}],"seed_played":"3555120831850499195","potions_obtained":[{"floor":7.0,"key":"Weak Potion"},{"floor":13.0,"key":"LiquidBronze"},{"floor":16,"key":"Poison Potion"},{"floor":18,"key":"Fire Potion"},{"floor":22,"key":"Regen Potion"}],"is_trial":false,"path_per_floor":["M","?","?","$","?","R","M","R","T","R","E","R","M","E","R","B",null,"M","M","M","?","M","E"],"character_chosen":"DEFECT","items_purchased":[],"campfire_rested":3,"item_purchase_floors":[],"current_hp_per_floor":[58,34,8,8,8,29,26,47,47,47,29,29,27,21,42,11,58,35,30,30,24,24,0],"gold":328,"neow_bonus":"ONE_RARE_RELIC","is_prod":false,"is_daily":false,"chose_seed":false,"campfire_upgraded":2,"win_rate":0,"timestamp":1560630184,"path_taken":["M","?","?","$","?","R","M","R","T","R","E","R","M","E","R","BOSS","M","M","M","?","M","E"],"build_version":"2019-06-13","purchased_purges":0,"victory":false,"max_hp_per_floor":[71,71,71,71,71,71,71,71,71,71,71,71,73,73,73,73,73,75,75,75,75,75,75],"card_choices":[{"not_picked":["Undo","Leap"],"picked":"Beam Cell","floor":1.0},{"not_picked":["Lockon","Steam"],"picked":"Glacier","floor":7.0},{"not_picked":["Storm","Melter"],"picked":"Sunder","floor":11.0},{"not_picked":["Turbo","Blizzard","Barrage"],"picked":"Singing Bowl","floor":13.0},{"not_picked":["Thunder Strike","Go for the Eyes"],"picked":"Ball Lightning","floor":14},{"not_picked":["Fission","Buffer"],"picked":"Core Surge","floor":16},{"not_picked":["Melter","Steam","Aggregate"],"picked":"Singing Bowl","floor":18},{"not_picked":["Aggregate","Redo"],"picked":"Go for the Eyes","floor":19},{"not_picked":["Cold Snap","Barrage"],"picked":"Self Repair+1","floor":20},{"not_picked":["Self Repair","Turbo"],"picked":"White Noise","floor":22}],"player_experience":847689,"relics_obtained":[{"floor":9.0,"key":"Potion Belt"},{"floor":11.0,"key":"Singing Bowl"},{"floor":14,"key":"Bird Faced Urn"}],"event_choices":[{"damage_healed":0.0,"max_hp_gain":0.0,"max_hp_loss":0.0,"gold_gain":0.0,"event_name":"Golden Idol","player_choice":"Take Damage","floor":2.0,"gold_loss":0.0,"damage_taken":24.0,"relics_obtained":["Golden Idol"]},{"damage_healed":0.0,"max_hp_gain":0.0,"max_hp_loss":0.0,"gold_gain":0.0,"event_name":"Scrap Ooze","player_choice":"Success","floor":3.0,"gold_loss":0.0,"damage_taken":26.0,"relics_obtained":["Ancient Tea Set"]},{"cards_removed":["Strike_B"],"damage_healed":0.0,"max_hp_gain":0.0,"max_hp_loss":0.0,"gold_gain":0.0,"event_name":"Living Wall","player_choice":"Forget","floor":5.0,"gold_loss":0.0,"damage_taken":0.0},{"damage_healed":0,"gold_gain":0,"player_choice":"Joined the Cult","damage_taken":6,"max_hp_gain":0,"max_hp_loss":0,"event_name":"Nest","floor":21,"gold_loss":0,"cards_obtained":["RitualDagger"]}],"is_beta":true,"boss_relics":[{"not_picked":["Tiny House","Eternal Feather"],"picked":"FrozenCore"}],"items_purged_floors":[],"is_endless":false,"potions_floor_spawned":[7,13,16,18,22],"killed_by":"Slavers","ascension_level":16}