{"gold_per_floor":[119,133,308,408,420,453,232,232,257,290,314,314,333,367,367,470,470,487,15,30,44,62,96,96,128,128,128,128,128,154,171,171,269,269,286,298,75,92,106,437,451,462,462,491,491,491,505,518,518,518],"floor_reached":51,"playtime":4205,"items_purged":["Doubt"],"score":814,"play_id":"65411641-7b8c-440b-a06a-8bae0abd634f","local_time":"20181002003317","is_ascension_mode":false,"campfire_choices":[{"data":"Crippling Poison","floor":8,"key":"SMITH"},{"data":"Tools of the Trade","floor":12,"key":"SMITH"},{"floor":15,"key":"REST"},{"floor":24,"key":"REST"},{"floor":27,"key":"REST"},{"data":"Noxious Fumes","floor":29,"key":"SMITH"},{"floor":32,"key":"REST"},{"floor":46,"key":"REST"},{"floor":49,"key":"REST"}],"neow_cost":"NONE","seed_source_timestamp":1368605531990543,"circlet_count":0,"master_deck":["Defend_G","Defend_G","Defend_G","Defend_G","Defend_G","Strike_G","Strike_G","Strike_G","Strike_G","Strike_G","Survivor","Neutralize","Crippling Poison","All Out Attack","Bane","Poisoned Stab","Crippling Poison+1","Tools of the Trade+1","Poisoned Stab","Poisoned Stab","Bane","Bullet Time","Dagger Spray","Malaise","Noxious Fumes+1","Catalyst","Poisoned Stab","Die Die Die","Slice+1","Deadly Poison","Poisoned Stab","Unload","Predator+1","Poisoned Stab","Noxious Fumes","Blur+1","Bane+1","Corpse Explosion","Endless Agony+1","Heel Hook+1","Dagger Spray+1","Prepared+1","Bouncing Flask+1"],"relics":["Ring of the Serpent","Lantern","Potion Belt","Happy Flower","Ornamental Fan","Bag of Marbles","Mummified Hand","White Beast Statue","Paper Crane","MawBank","Orichalcum","Vajra","Pear","Ninja Scroll","Bag of Preparation","Old Coin","Letter Opener","Meat on the Bone"],"potions_floor_usage":[6,10,10,16,22,22,23,31,33,33,33,36,38,38,39,40,41,42,50,50,50,50],"damage_taken":[{"damage":1,"enemies":"Cultist","floor":1,"turns":4},{"damage":0,"enemies":"Small Slimes","floor":2,"turns":3},{"damage":0,"enemies":"2 Louse","floor":5,"turns":2},{"damage":9,"enemies":"Gremlin Nob","floor":6,"turns":4},{"damage":26,"enemies":"Lagavulin","floor":10,"turns":5},{"damage":0,"enemies":"Looter","floor":13,"turns":2},{"damage":8,"enemies":"Gremlin Nob","floor":14,"turns":3},{"damage":20,"enemies":"Hexaghost","floor":16,"turns":8},{"damage":5,"enemies":"3 Byrds","floor":18,"turns":3},{"damage":6,"enemies":"2 Thieves","floor":20,"turns":3},{"damage":10,"enemies":"Shelled Parasite and Fungi","floor":21,"turns":5},{"damage":12,"enemies":"Snake Plant","floor":22,"turns":3},{"damage":33,"enemies":"Slavers","floor":23,"turns":4},{"damage":5,"enemies":"Gremlin Leader","floor":25,"turns":5},{"damage":12,"enemies":"Book of Stabbing","floor":30,"turns":4},{"damage":3,"enemies":"Centurion and Healer","floor":31,"turns":3},{"damage":57,"enemies":"Automaton","floor":33,"turns":8},{"damage":2,"enemies":"3 Darklings","floor":35,"turns":4},{"damage":0,"enemies":"Orb Walker","floor":36,"turns":3},{"damage":28,"enemies":"Spire Growth","floor":38,"turns":4},{"damage":2,"enemies":"Reptomancer","floor":39,"turns":4},{"damage":6,"enemies":"2 Orb Walkers","floor":40,"turns":3},{"damage":29,"enemies":"4 Shapes","floor":41,"turns":6},{"damage":0,"enemies":"3 Darklings","floor":42,"turns":2},{"damage":4,"enemies":"Nemesis","floor":44,"turns":5},{"damage":0,"enemies":"Maw","floor":47,"turns":6},{"damage":0,"enemies":"Reptomancer","floor":48,"turns":3},{"damage":50,"enemies":"Time Eater","floor":50,"turns":10}],"seed_played":"5246567145772146635","potions_obtained":[{"floor":1,"key":"AttackPotion"},{"floor":5,"key":"Weak Potion"},{"floor":6,"key":"FearPotion"},{"floor":14,"key":"Swift Potion"},{"floor":18,"key":"FairyPotion"},{"floor":20,"key":"Energy Potion"},{"floor":21,"key":"Weak Potion"},{"floor":22,"key":"LiquidBronze"},{"floor":23,"key":"Block Potion"},{"floor":25,"key":"GamblersBrew"},{"floor":30,"key":"Ancient Potion"},{"floor":31,"key":"PowerPotion"},{"floor":33,"key":"Weak Potion"},{"floor":35,"key":"PowerPotion"},{"floor":36,"key":"FearPotion"},{"floor":38,"key":"EssenceOfSteel"},{"floor":39,"key":"AttackPotion"},{"floor":40,"key":"SkillPotion"},{"floor":41,"key":"SteroidPotion"},{"floor":42,"key":"GhostInAJar"},{"floor":44,"key":"Swift Potion"},{"floor":47,"key":"Poison Potion"},{"floor":48,"key":"Ancient Potion"}],"is_trial":false,"path_per_floor":["M","M","?","?","M","E","$","R","T","E","T","R","M","E","R","B",null,"M","$","M","M","M","E","R","E","T","R","?","R","E","M","R","B",null,"M","M","$","M","M","E","M","M","T","E","?","R","M","M","R","B"],"character_chosen":"THE_SILENT","items_purchased":["Crippling Poison","Tools of the Trade","Paper Crane","MawBank","Malaise","Noxious Fumes","Bag of Preparation"],"campfire_rested":6,"item_purchase_floors":[7,7,19,19,19,37,37],"current_hp_per_floor":[69,69,69,69,69,60,60,60,60,34,34,34,34,26,47,27,70,65,65,59,49,37,4,25,20,30,54,54,54,42,39,63,6,80,78,78,78,50,48,42,13,13,13,9,9,33,45,45,69,31],"gold":518,"neow_bonus":"RANDOM_COMMON_RELIC","is_prod":false,"is_daily":false,"chose_seed":false,"campfire_upgraded":3,"win_rate":0.0,"timestamp":1538461997,"path_taken":["M","M","?","?","M","E","$","R","T","E","?","R","M","E","R","BOSS","M","$","M","M","M","E","R","E","T","R","?","R","E","M","R","BOSS","M","M","$","M","M","E","M","M","T","E","?","R","M","M","R","BOSS"],"build_version":"2018-09-27","purchased_purges":1,"victory":true,"max_hp_per_floor":[70,70,70,70,70,70,70,70,70,70,70,70,70,70,70,70,70,70,70,70,70,70,70,70,70,80,80,80,80,80,80,80,80,80,80,80,80,80,80,80,80,80,80,80,80,80,80,80,80,80],"card_choices":[{"not_picked":["Dagger Throw","Quick Slash"],"picked":"Crippling Poison","floor":1},{"not_picked":["Outmaneuver","Dagger Throw"],"picked":"All Out Attack","floor":2},{"not_picked":["Prepared","Infinite Blades"],"picked":"Bane","floor":5},{"not_picked":["Sucker Punch","Flying Knee"],"picked":"Poisoned Stab","floor":6},{"not_picked":["Blur","Dash"],"picked":"Poisoned Stab","floor":10},{"not_picked":["Caltrops","Quick Slash"],"picked":"Poisoned Stab","floor":13},{"not_picked":["Prepared","Backstab"],"picked":"Bane","floor":14},{"not_picked":["After Image","Glass Knife"],"picked":"Bullet Time","floor":16},{"not_picked":["Dagger Throw","Outmaneuver"],"picked":"Dagger Spray","floor":18},{"not_picked":["Dodge and Roll","Underhanded Strike+1"],"picked":"Noxious Fumes","floor":20},{"not_picked":["Slice","Poisoned Stab"],"picked":"Catalyst","floor":21},{"not_picked":["Blade Dance","Dagger Spray"],"picked":"Poisoned Stab","floor":22},{"not_picked":["PiercingWail","Slice"],"picked":"Die Die Die","floor":23},{"not_picked":["Flying Knee+1","Finisher"],"picked":"Slice+1","floor":25},{"not_picked":["Flying Knee","Dodge and Roll+1"],"picked":"Deadly Poison","floor":30},{"not_picked":["Riddle With Holes","Prepared"],"picked":"Poisoned Stab","floor":31},{"not_picked":["A Thousand Cuts","Venomology"],"picked":"Unload","floor":33},{"not_picked":["Calculated Gamble","Underhanded Strike"],"picked":"Predator+1","floor":35},{"not_picked":["PiercingWail","Slice+1"],"picked":"Poisoned Stab","floor":36},{"not_picked":["Footwork+1","Flying Knee"],"picked":"Blur+1","floor":38},{"not_picked":["Caltrops+1","All Out Attack"],"picked":"Bane+1","floor":39},{"not_picked":["Underhanded Strike","Eviscerate+1"],"picked":"Corpse Explosion","floor":40},{"not_picked":["Quick Slash","Riddle With Holes"],"picked":"Endless Agony+1","floor":41},{"not_picked":["Underhanded Strike+1","Eviscerate+1"],"picked":"Heel Hook+1","floor":42},{"not_picked":["Outmaneuver+1","Caltrops+1"],"picked":"Dagger Spray+1","floor":44},{"not_picked":["Dagger Throw+1","Predator"],"picked":"Prepared+1","floor":47},{"not_picked":["Underhanded Strike","Dagger Spray"],"picked":"Bouncing Flask+1","floor":48}],"player_experience":31247,"relics_obtained":[{"floor":6,"key":"Potion Belt"},{"floor":9,"key":"Happy Flower"},{"floor":10,"key":"Ornamental Fan"},{"floor":11,"key":"Bag of Marbles"},{"floor":14,"key":"Mummified Hand"},{"floor":23,"key":"Orichalcum"},{"floor":25,"key":"Vajra"},{"floor":26,"key":"Pear"},{"floor":30,"key":"Ninja Scroll"},{"floor":40,"key":"Old Coin"},{"floor":43,"key":"Letter Opener"},{"floor":44,"key":"Meat on the Bone"}],"event_choices":[{"event_name":"Liars Game","player_choice":"agreed","floor":3,"damage_taken":0},{"event_name":"Wheel of Change","player_choice":"Gold","floor":4,"damage_taken":0},{"event_name":"Transmorgrifier","player_choice":"Skipped","floor":28,"damage_taken":0},{"event_name":"Transmorgrifier","player_choice":"Skipped","floor":45,"damage_taken":0}],"is_beta":false,"boss_relics":[{"not_picked":["Busted Crown","Philosopher\u0027s Stone"],"picked":"White Beast Statue"},{"not_picked":["Runic Dome","Calling Bell"],"picked":"Ring of the Serpent"}],"items_purged_floors":[7],"is_endless":false,"potions_floor_spawned":[1,5,6,14,18,20,21,22,23,25,30,31,33,35,36,38,39,40,41,42,44,47,48],"ascension_level":0}