{"gold_per_floor":[116,135,135,150,325,366,366,406,430,469,231,251,267,267,267,388,388,401,422,446,446,34,75,91,91,118,133,157,172,207,207,207,335,335,358,378,403,403,403,434,434],"floor_reached":41,"playtime":2665,"items_purged":["Doubt","Normality"],"score":611,"play_id":"8a58d721-9c2a-4980-b09e-00c94934749d","local_time":"20181025202421","is_ascension_mode":true,"campfire_choices":[{"floor":7,"key":"REST"},{"floor":15,"key":"REST"},{"floor":25,"key":"REST"},{"data":"Genetic Algorithm","floor":32,"key":"SMITH"}],"neow_cost":"NONE","seed_source_timestamp":756795810457774,"circlet_count":0,"master_deck":["Strike_B","Strike_B","Strike_B","Strike_B","Defend_B","Defend_B","Defend_B","Defend_B","Zap","Dualcast","Gash","Ball Lightning","Beam Cell","Steam","Steam","Electrodynamics","Gash","Swift Strike","Cold Snap","Static Discharge","Gash","Reboot","Redo+1","Steam","Genetic Algorithm+1","Scrape","Steam","Glacier","Cold Snap+1","Go for the Eyes+1","Doom and Gloom","Ball Lightning","Static Discharge","Steam Power+1","Steam+1","Steam","Lockon","Go for the Eyes"],"relics":["Cracked Core","Vajra","Golden Idol","Bronze Scales","Ancient Tea Set","Lantern","Pear","Runic Pyramid","MutagenicStrength","PreservedInsect","Mercury Hourglass","Oddly Smooth Stone","Dream Catcher","Shuriken","Fusion Hammer","Smiling Mask"],"potions_floor_usage":[10,18,19,19,23,28,29,36],"damage_taken":[{"damage":0,"enemies":"Small Slimes","floor":1,"turns":2},{"damage":12,"enemies":"Jaw Worm","floor":2,"turns":3},{"damage":0,"enemies":"Cultist","floor":4,"turns":2},{"damage":31,"enemies":"Lagavulin","floor":6,"turns":7},{"damage":17,"enemies":"3 Sentries","floor":8,"turns":6},{"damage":7,"enemies":"Gremlin Nob","floor":10,"turns":3},{"damage":9,"enemies":"Red Slaver","floor":12,"turns":2},{"damage":0,"enemies":"Blue Slaver","floor":13,"turns":2},{"damage":26,"enemies":"The Guardian","floor":16,"turns":8},{"damage":0,"enemies":"3 Byrds","floor":18,"turns":2},{"damage":0,"enemies":"Chosen","floor":19,"turns":4},{"damage":29,"enemies":"Shelled Parasite and Fungi","floor":20,"turns":5},{"damage":12,"enemies":"Slavers","floor":23,"turns":3},{"damage":5,"enemies":"Cultist and Chosen","floor":24,"turns":3},{"damage":0,"enemies":"Snecko","floor":27,"turns":5},{"damage":1,"enemies":"Chosen and Byrds","floor":28,"turns":3},{"damage":0,"enemies":"Cultist and Chosen","floor":29,"turns":4},{"damage":0,"enemies":"Book of Stabbing","floor":30,"turns":4},{"damage":49,"enemies":"Champ","floor":33,"turns":8},{"damage":6,"enemies":"3 Shapes","floor":35,"turns":2},{"damage":1,"enemies":"3 Darklings","floor":36,"turns":4},{"damage":29,"enemies":"4 Shapes","floor":37,"turns":4},{"damage":48,"enemies":"Nemesis","floor":40,"turns":5},{"damage":18,"enemies":"2 Orb Walkers","floor":41,"turns":1}],"seed_played":"1067753008528874094","potions_obtained":[{"floor":6,"key":"FearPotion"},{"floor":10,"key":"FearPotion"},{"floor":12,"key":"Swift Potion"},{"floor":16,"key":"Block Potion"},{"floor":18,"key":"AttackPotion"},{"floor":24,"key":"SteroidPotion"},{"floor":27,"key":"Weak Potion"},{"floor":28,"key":"Weak Potion"},{"floor":33,"key":"Regen Potion"},{"floor":36,"key":"Energy Potion"},{"floor":40,"key":"FocusPotion"}],"is_trial":false,"path_per_floor":["M","M","?","M","?","E","R","E","T","E","$","M","M","?","R","B",null,"M","M","M","?","$","E","M","R","T","M","M","M","E","T","R","B",null,"M","M","M","?","?","E"],"character_chosen":"DEFECT","items_purchased":["Gash","Swift Strike","Cold Snap","Scrape","Steam","PreservedInsect","Glacier"],"campfire_rested":3,"item_purchase_floors":[11,11,11,22,22,22,22],"current_hp_per_floor":[75,63,63,63,63,32,54,37,37,40,40,31,31,31,56,30,85,85,85,56,56,56,44,39,64,64,64,63,63,63,63,63,14,85,79,85,56,56,56,8,0],"gold":434,"neow_bonus":"RANDOM_COMMON_RELIC","is_prod":false,"is_daily":false,"chose_seed":false,"campfire_upgraded":1,"win_rate":0,"timestamp":1540520661,"path_taken":["M","M","?","?","?","E","R","E","T","E","?","M","M","?","R","BOSS","M","M","M","?","$","E","M","R","T","M","M","M","E","?","R","BOSS","M","M","M","?","?","E","?"],"build_version":"2018-10-25","purchased_purges":2,"victory":false,"max_hp_per_floor":[75,75,75,75,75,75,75,75,75,85,85,85,85,85,85,85,85,85,85,85,85,85,85,85,85,85,85,85,85,85,85,85,85,85,85,85,85,85,85,85,85],"card_choices":[{"not_picked":["Beam Cell","Sweeping Beam"],"picked":"Gash","floor":1},{"not_picked":["Cold Snap","Redo"],"picked":"Ball Lightning","floor":2},{"not_picked":["Tempest","Storm"],"picked":"Beam Cell","floor":4},{"not_picked":["Capacitor","Skim"],"picked":"Steam","floor":6},{"not_picked":["Rebound","Redo"],"picked":"Steam","floor":8},{"not_picked":["Doom and Gloom","Ball Lightning"],"picked":"Electrodynamics","floor":10},{"not_picked":["Glacier","Hologram"],"picked":"Static Discharge","floor":12},{"not_picked":["Lockon","Undo"],"picked":"Gash","floor":13},{"not_picked":["Buffer","Echo Form"],"picked":"Reboot","floor":16},{"not_picked":["Compile Driver","Coolheaded"],"picked":"Redo+1","floor":18},{"not_picked":["Redo","Rip and Tear"],"picked":"Steam","floor":19},{"not_picked":["Glacier","Conserve Battery"],"picked":"Genetic Algorithm","floor":20},{"not_picked":["Force Field","Compile Driver"],"picked":"Cold Snap+1","floor":23},{"not_picked":["Tempest","Glacier"],"picked":"Go for the Eyes+1","floor":24},{"not_picked":["Streamline","Amplify"],"picked":"Doom and Gloom","floor":27},{"not_picked":["Doom and Gloom","Heatsinks"],"picked":"Ball Lightning","floor":28},{"not_picked":["Conserve Battery","Compile Driver"],"picked":"Static Discharge","floor":29},{"not_picked":["Recycle","Blizzard"],"picked":"Steam Power+1","floor":30},{"not_picked":["Reboot","Hyperbeam"],"picked":"Echo Form","floor":33},{"not_picked":["Doom and Gloom","Compile Driver"],"picked":"Steam+1","floor":35},{"not_picked":["Consume","Glacier"],"picked":"Steam","floor":36},{"not_picked":["Force Field+1","Cold Snap"],"picked":"Lockon","floor":37},{"not_picked":["Reprogram+1","Genetic Algorithm+1"],"picked":"Go for the Eyes","floor":40}],"player_experience":132664,"relics_obtained":[{"floor":6,"key":"Bronze Scales"},{"floor":8,"key":"Ancient Tea Set"},{"floor":9,"key":"Lantern"},{"floor":10,"key":"Pear"},{"floor":23,"key":"Mercury Hourglass"},{"floor":26,"key":"Oddly Smooth Stone"},{"floor":30,"key":"Dream Catcher"},{"floor":31,"key":"Shuriken"},{"floor":40,"key":"Smiling Mask"}],"event_choices":[{"damage_healed":0,"gold_gain":0,"player_choice":"Take Wound","damage_taken":0,"relics_obtained":["Golden Idol"],"max_hp_gain":0,"max_hp_loss":0,"event_name":"Golden Idol","floor":3,"gold_loss":0,"cards_obtained":["Injury"]},{"damage_healed":0,"gold_gain":175,"player_choice":"AGREE","damage_taken":0,"max_hp_gain":0,"max_hp_loss":0,"event_name":"Liars Game","floor":5,"gold_loss":0,"cards_obtained":["Doubt"]},{"damage_healed":0,"gold_gain":0,"cards_transformed":["Injury"],"player_choice":"Change","damage_taken":0,"max_hp_gain":0,"max_hp_loss":0,"event_name":"Living Wall","floor":14,"gold_loss":0,"cards_obtained":["Normality"]},{"damage_healed":0,"gold_gain":0,"player_choice":"Inject Mutagens","damage_taken":0,"relics_obtained":["MutagenicStrength"],"max_hp_gain":0,"max_hp_loss":0,"event_name":"Drug Dealer","floor":21,"gold_loss":0},{"cards_removed":["Echo Form"],"damage_healed":0,"gold_gain":0,"player_choice":"Removed Power","damage_taken":0,"max_hp_gain":0,"max_hp_loss":0,"event_name":"Falling","floor":38,"gold_loss":0},{"damage_healed":0,"gold_gain":0,"player_choice":"Leave","damage_taken":0,"max_hp_gain":0,"max_hp_loss":0,"event_name":"FaceTrader","floor":39,"gold_loss":0},{"damage_healed":0,"gold_gain":0,"player_choice":"Fight","damage_taken":0,"max_hp_gain":0,"max_hp_loss":0,"event_name":"Mysterious Sphere","floor":41,"gold_loss":0}],"is_beta":false,"boss_relics":[{"not_picked":["Cursed Key","Philosopher\u0027s Stone"],"picked":"Runic Pyramid"},{"not_picked":["Velvet Choker","White Beast Statue"],"picked":"Fusion Hammer"}],"items_purged_floors":[11,22],"is_endless":false,"potions_floor_spawned":[6,10,12,16,18,24,27,28,33,36,40],"killed_by":"2 Orb Walkers","ascension_level":2}