{"gold_per_floor":[111,111,81,95,95,95,125,140,187,207,219,219],"floor_reached":12,"playtime":347,"items_purged":[],"score":136,"play_id":"0c6d7ac8-034f-41a0-9b23-928bf6adf374","local_time":"20190507135913","is_ascension_mode":true,"campfire_choices":[{"data":"Compile Driver","floor":6,"key":"SMITH"}],"neow_cost":"NONE","seed_source_timestamp":106680790128000,"circlet_count":0,"master_deck":["AscendersBane","Strike_B","Strike_B","Strike_B","Defend_B","Defend_B","Defend_B","Defend_B","Zap","Dualcast","Beam Cell","Compile Driver+1","Turbo","Multi-Cast","Coolheaded","Defragment","Cold Snap"],"relics":["Cracked Core","Orichalcum","Mummified Hand","Centennial Puzzle"],"potions_floor_usage":[7,7,11,12],"damage_taken":[{"damage":4,"enemies":"2 Louse","floor":1,"turns":3},{"damage":1,"enemies":"Cultist","floor":4,"turns":3},{"damage":29,"enemies":"3 Sentries","floor":7,"turns":8},{"damage":7,"enemies":"Small Slimes","floor":8,"turns":3},{"damage":4,"enemies":"Blue Slaver","floor":10,"turns":3},{"damage":2,"enemies":"Exordium Thugs","floor":11,"turns":4},{"damage":7,"enemies":"Lagavulin","floor":12,"turns":3}],"seed_played":"-4542088895705661419","potions_obtained":[{"floor":3,"key":"EntropicBrew"},{"floor":3,"key":"LiquidBronze"},{"floor":7,"key":"PowerPotion"},{"floor":11,"key":"Energy Potion"}],"is_trial":false,"path_per_floor":["M","?","?","M","?","R","E","M","T","M","M","E"],"character_chosen":"DEFECT","items_purchased":[],"campfire_rested":0,"item_purchase_floors":[],"current_hp_per_floor":[60,53,53,52,45,45,16,9,9,5,3,0],"gold":219,"neow_bonus":"THREE_CARDS","is_prod":false,"is_daily":false,"chose_seed":false,"campfire_upgraded":1,"win_rate":0,"timestamp":1557230353,"path_taken":["M","?","?","?","?","R","E","M","T","M","M","E"],"build_version":"2019-04-23","purchased_purges":0,"victory":false,"max_hp_per_floor":[71,71,71,71,71,71,71,71,71,71,71,71],"card_choices":[{"not_picked":["Force Field","Heatsinks"],"picked":"Beam Cell","floor":0},{"not_picked":["Ball Lightning","Sweeping Beam"],"picked":"Compile Driver","floor":1},{"not_picked":["Chill","Doom and Gloom"],"picked":"Turbo","floor":4},{"not_picked":["Steam","Defragment"],"picked":"Multi-Cast","floor":7},{"not_picked":["Hello World","Streamline"],"picked":"Coolheaded","floor":8},{"not_picked":["Sweeping Beam","Leap"],"picked":"Defragment","floor":10},{"not_picked":["Hyperbeam","Tempest"],"picked":"Cold Snap","floor":11}],"player_experience":590311,"relics_obtained":[{"floor":7,"key":"Mummified Hand"},{"floor":9,"key":"Centennial Puzzle"}],"event_choices":[{"cards_removed":["Strike_B"],"damage_healed":0,"gold_gain":0,"player_choice":"Card Removal","damage_taken":7,"max_hp_gain":0,"max_hp_loss":0,"event_name":"Golden Wing","floor":2,"gold_loss":0},{"damage_healed":0,"gold_gain":0,"player_choice":"Bought 2 Potions","damage_taken":0,"max_hp_gain":0,"max_hp_loss":0,"event_name":"The Woman in Blue","floor":3,"gold_loss":0},{"damage_healed":0,"gold_gain":0,"player_choice":"Success","damage_taken":7,"relics_obtained":["Orichalcum"],"max_hp_gain":0,"max_hp_loss":0,"event_name":"Scrap Ooze","floor":5,"gold_loss":0}],"is_beta":true,"boss_relics":[],"items_purged_floors":[],"is_endless":false,"potions_floor_spawned":[7,10,11],"killed_by":"Lagavulin","ascension_level":14}