{"gold_per_floor":[119,96,96,96,107,107,122,122,202,230,245,306,306,323,323,420,420,438,455,264,264,264,264,264,294,370,382,382,393,393,409,409,505,505,521,532,532,218,232,232,247,147,147,147,147,147,147,165,165,165],"floor_reached":50,"playtime":7314,"items_purged":["Second Wind","True Grit"],"score":462,"play_id":"85cf6012-3937-4be4-afe2-a65e950749b6","local_time":"20190603193116","is_ascension_mode":false,"campfire_choices":[{"data":"Headbutt","floor":6.0,"key":"SMITH"},{"data":"Clothesline","floor":8.0,"key":"SMITH"},{"floor":13.0,"key":"REST"},{"data":"Anger","floor":15.0,"key":"SMITH"},{"data":"Flame Barrier","floor":28.0,"key":"SMITH"},{"floor":30.0,"key":"REST"},{"floor":32.0,"key":"REST"},{"floor":40,"key":"REST"},{"floor":44,"key":"REST"},{"floor":49,"key":"REST"}],"neow_cost":"","seed_source_timestamp":0,"circlet_count":0,"master_deck":["Strike_R","Strike_R","Strike_R","Defend_R","Defend_R","Defend_R","Defend_R","Bash","Headbutt+1","Shrug It Off","Iron Wave","Clothesline+1","Reaper","Anger+1","Demon Form","Iron Wave","Hemokinesis","Flame Barrier+1","Hemokinesis","Body Slam","Sword Boomerang+1","Carnage+1","Perfected Strike+1","Barricade","Iron Wave+1","Impervious","Pommel Strike+1","Pommel Strike+1","Doubt","Mind Blast+1","Thunderclap+1"],"special_seed":0,"relics":["Black Blood","Shuriken","Matryoshka","Peace Pipe","Sozu","Sling","PreservedInsect","Blood Vial","Molten Egg 2","Frozen Egg 2","Juzu Bracelet","Bag of Preparation"],"potions_floor_usage":[37],"damage_taken":[{"damage":0.0,"enemies":"2 Louse","floor":1.0,"turns":2.0},{"damage":1.0,"enemies":"Jaw Worm","floor":5.0,"turns":4.0},{"damage":0.0,"enemies":"Small Slimes","floor":7.0,"turns":4.0},{"damage":25.0,"enemies":"Gremlin Nob","floor":10.0,"turns":5.0},{"damage":15.0,"enemies":"Exordium Thugs","floor":11.0,"turns":5.0},{"damage":5.0,"enemies":"Looter","floor":14.0,"turns":4.0},{"damage":51.0,"enemies":"The Guardian","floor":16.0,"turns":12.0},{"damage":2.0,"enemies":"Shell Parasite","floor":18.0,"turns":6.0},{"damage":10.0,"enemies":"Chosen","floor":19.0,"turns":4.0},{"damage":43.0,"enemies":"Gremlin Leader","floor":25.0,"turns":7.0},{"damage":25.0,"enemies":"3 Cultists","floor":27.0,"turns":5.0},{"damage":13.0,"enemies":"Snake Plant","floor":29.0,"turns":4.0},{"damage":35.0,"enemies":"Shelled Parasite and Fungi","floor":31.0,"turns":8.0},{"damage":52.0,"enemies":"Champ","floor":33.0,"turns":11.0},{"damage":15.0,"enemies":"3 Shapes","floor":35.0,"turns":4.0},{"damage":56,"enemies":"3 Darklings","floor":36,"turns":7},{"damage":12,"enemies":"Spire Growth","floor":37,"turns":4},{"damage":43,"enemies":"Transient","floor":39,"turns":5},{"damage":35,"enemies":"Jaw Worm Horde","floor":41,"turns":7},{"damage":45,"enemies":"Sphere and 2 Shapes","floor":48,"turns":7},{"damage":77,"enemies":"Awakened One","floor":50,"turns":5}],"seed_played":"-4395389909340015286","potions_obtained":[{"floor":5.0,"key":"Explosive Potion"},{"floor":14.0,"key":"SmokeBomb"},{"floor":16.0,"key":"Weak Potion"}],"is_trial":false,"path_per_floor":["M","$","?","?","M","R","M","R","T","E","M","?","R","M","R","B",null,"M","M","$","?","?","?","?","E","T","M","R","M","R","M","R","B",null,"M","M","M","$","M","R","M","$","T","R","?","?","?","M","R","B"],"character_chosen":"IRONCLAD","items_purchased":["Shrug It Off","Sling","Frozen Egg 2"],"campfire_rested":6,"item_purchase_floors":[2,20,38],"current_hp_per_floor":[80,80,85,78,83,83,85,85,85,66,63,63,85,85,85,45,85,85,85,85,85,85,85,85,72,72,66,66,65,85,56,81,47,85,80,44,49,49,18,43,30,30,30,55,55,85,85,50,75,0],"gold":165,"neow_bonus":"","is_prod":false,"is_daily":false,"chose_seed":false,"campfire_upgraded":4,"win_rate":0.0,"timestamp":1559604676,"path_taken":["M","$","?","?","M","R","M","R","T","E","M","?","R","M","R","BOSS","M","M","$","?","?","?","?","E","T","M","R","M","R","M","R","BOSS","M","M","?","$","M","R","M","$","T","R","?","?","?","M","R","BOSS"],"build_version":"2019-01-23","purchased_purges":2,"victory":false,"max_hp_per_floor":[80,80,85,85,85,85,85,85,85,85,85,85,85,85,85,85,85,85,85,85,85,85,85,85,85,85,85,85,85,85,85,85,85,85,85,85,85,85,85,85,85,85,85,85,85,85,85,85,85,85],"card_choices":[{"not_picked":["Ghostly Armor","Shrug It Off"],"picked":"Headbutt","floor":1.0},{"not_picked":["Clash","Twin Strike"],"picked":"Iron Wave","floor":5.0},{"not_picked":["Anger","Shrug It Off"],"picked":"Clothesline","floor":7.0},{"not_picked":["Headbutt","Disarm"],"picked":"Reaper","floor":10.0},{"not_picked":["Clash","Whirlwind"],"picked":"Second Wind","floor":11.0},{"not_picked":["Warcry","Cleave"],"picked":"Anger","floor":14.0},{"not_picked":["Impervious","Berserk"],"picked":"Demon Form","floor":16.0},{"not_picked":["Shrug It Off","Flex"],"picked":"Iron Wave","floor":18.0},{"not_picked":["Second Wind","Sever Soul"],"picked":"Hemokinesis","floor":19.0},{"not_picked":["Second Wind","Flex"],"picked":"Body Slam","floor":25.0},{"not_picked":["Hemokinesis+1","Shrug It Off"],"picked":"Sword Boomerang+1","floor":27.0},{"not_picked":["Shrug It Off","Corruption"],"picked":"Carnage+1","floor":29.0},{"not_picked":["Headbutt+1","Warcry"],"picked":"Perfected Strike+1","floor":31.0},{"not_picked":["Dark Embrace","Reaper+1"],"picked":"Barricade","floor":33.0},{"not_picked":["Armaments+1","Anger+1"],"picked":"Iron Wave+1","floor":35},{"not_picked":["Shrug It Off+1","Twin Strike+1"],"picked":"Impervious","floor":36},{"not_picked":["Clothesline+1","Warcry+1"],"picked":"Pommel Strike+1","floor":39},{"not_picked":["Clothesline+1","Dual Wield"],"picked":"Pommel Strike+1","floor":41},{"not_picked":["Dramatic Entrance+1","Sadistic Nature+1"],"picked":"Mind Blast+1","floor":47},{"not_picked":["Sword Boomerang+1","Flex+1"],"picked":"Thunderclap+1","floor":48}],"player_experience":0,"relics_obtained":[{"floor":9.0,"key":"Matryoshka"},{"floor":10.0,"key":"Peace Pipe"},{"floor":25.0,"key":"PreservedInsect"},{"floor":26.0,"key":"Blood Vial"},{"floor":26.0,"key":"Molten Egg 2"},{"floor":43,"key":"Juzu Bracelet"},{"floor":43,"key":"Bag of Preparation"}],"event_choices":[{"damage_healed":0.0,"max_hp_gain":5.0,"max_hp_loss":0.0,"gold_gain":0.0,"event_name":"Big Fish","player_choice":"Donut","floor":3.0,"gold_loss":0.0,"damage_taken":0.0},{"damage_healed":0.0,"max_hp_gain":0.0,"max_hp_loss":0.0,"gold_gain":0.0,"event_name":"Scrap Ooze","player_choice":"Success","floor":4.0,"gold_loss":0.0,"damage_taken":7.0,"relics_obtained":["Shuriken"]},{"damage_healed":0.0,"max_hp_gain":0.0,"max_hp_loss":0.0,"gold_gain":61.0,"event_name":"Golden Wing","player_choice":"Gained Gold","floor":12.0,"gold_loss":0.0,"damage_taken":0.0},{"damage_healed":0.0,"max_hp_gain":0.0,"max_hp_loss":0.0,"gold_gain":0.0,"event_name":"Vampires","player_choice":"Ignored","floor":21.0,"gold_loss":0.0,"damage_taken":0.0},{"damage_healed":0.0,"max_hp_gain":0.0,"max_hp_loss":0.0,"gold_gain":0.0,"event_name":"The Library","player_choice":"Read","floor":22.0,"gold_loss":0.0,"damage_taken":0.0,"cards_obtained":["Flame Barrier"]},{"damage_healed":0.0,"max_hp_gain":0.0,"max_hp_loss":0.0,"gold_gain":0.0,"cards_transformed":["Strike_R","Strike_R"],"event_name":"Drug Dealer","player_choice":"Became Test Subject","floor":23.0,"gold_loss":0.0,"damage_taken":0.0,"cards_obtained":["Hemokinesis","True Grit"]},{"damage_healed":0.0,"max_hp_gain":0.0,"max_hp_loss":0.0,"gold_gain":0.0,"event_name":"The Woman in Blue","player_choice":"Bought 0 Potions","floor":24.0,"gold_loss":0.0,"damage_taken":0.0},{"damage_healed":0,"gold_gain":0,"player_choice":"Ignored","damage_taken":0,"max_hp_gain":0,"max_hp_loss":0,"event_name":"Mysterious Sphere","floor":45,"gold_loss":0},{"damage_healed":30,"gold_gain":0,"player_choice":"Heal","damage_taken":0,"max_hp_gain":0,"max_hp_loss":0,"event_name":"MindBloom","floor":46,"gold_loss":0,"cards_obtained":["Doubt"]},{"damage_healed":0,"gold_gain":0,"player_choice":"Memory 1","damage_taken":0,"max_hp_gain":0,"max_hp_loss":0,"event_name":"SensoryStone","floor":47,"gold_loss":0}],"is_beta":false,"boss_relics":[{"not_picked":["Coffee Dripper","Busted Crown"],"picked":"Sozu"},{"not_picked":["Mark of Pain","Empty Cage"],"picked":"Black Blood"}],"items_purged_floors":[38,42],"is_endless":false,"potions_floor_spawned":[5,14,16,19,25,27,36,48],"killed_by":"Awakened One","ascension_level":0}