{"gold_per_floor":[109,120,139,139,164,176,214,226,238,267,294,319,256,302,314,326],"floor_reached":16,"playtime":917,"items_purged":[],"score":228,"play_id":"d695f5d6-4118-4787-afbd-d7c96d142f31","local_time":"20190613215922","is_ascension_mode":true,"campfire_choices":[{"data":"Neutralize","floor":6,"key":"SMITH"},{"floor":8,"key":"REST"},{"data":"Caltrops","floor":15,"key":"SMITH"}],"neow_cost":"NONE","seed_source_timestamp":42471582827600,"circlet_count":0,"master_deck":["AscendersBane","Strike_G","Strike_G","Strike_G","Strike_G","Defend_G","Defend_G","Defend_G","Defend_G","Survivor","Neutralize+1","Flechettes","Poisoned Stab","Backstab","Dagger Throw","Slice","Backstab","Caltrops+1","Dodge and Roll"],"relics":["Ring of the Snake","MawBank","Letter Opener","Meat on the Bone","Anchor"],"potions_floor_usage":[14,16],"damage_taken":[{"damage":1,"enemies":"Cultist","floor":1,"turns":4},{"damage":0,"enemies":"2 Louse","floor":2,"turns":2},{"damage":4,"enemies":"Small Slimes","floor":3,"turns":4},{"damage":3,"enemies":"2 Fungi Beasts","floor":5,"turns":4},{"damage":38,"enemies":"3 Sentries","floor":7,"turns":12},{"damage":3,"enemies":"Looter","floor":10,"turns":3},{"damage":4,"enemies":"Large Slime","floor":11,"turns":5},{"damage":0,"enemies":"2 Fungi Beasts","floor":12,"turns":3},{"damage":20,"enemies":"Gremlin Nob","floor":14,"turns":4},{"damage":36,"enemies":"Slime Boss","floor":16,"turns":6}],"seed_played":"-7863858137571759267","potions_obtained":[{"floor":3,"key":"SteroidPotion"},{"floor":7,"key":"AttackPotion"},{"floor":11,"key":"Dexterity Potion"},{"floor":14,"key":"PowerPotion"}],"is_trial":false,"path_per_floor":["M","M","M","?","M","R","E","R","T","M","M","M","?","E","R","B"],"character_chosen":"THE_SILENT","items_purchased":[],"campfire_rested":1,"item_purchase_floors":[],"current_hp_per_floor":[58,58,54,43,40,40,2,21,21,30,38,38,38,30,30,0],"gold":326,"neow_bonus":"REMOVE_CARD","is_prod":false,"is_daily":false,"chose_seed":false,"campfire_upgraded":2,"win_rate":0,"timestamp":1560455962,"path_taken":["M","M","M","?","M","R","E","R","T","M","M","M","?","E","R","BOSS"],"build_version":"2019-06-12","purchased_purges":0,"victory":false,"max_hp_per_floor":[66,66,66,66,66,66,66,66,66,66,66,66,66,66,66,66],"card_choices":[{"not_picked":["Deflect","Concentrate"],"picked":"Flechettes","floor":1},{"not_picked":["Underhanded Strike","PiercingWail"],"picked":"Poisoned Stab","floor":2},{"not_picked":["Reflex","Dash"],"picked":"Backstab","floor":3},{"not_picked":["Underhanded Strike","Backflip"],"picked":"Dagger Throw","floor":5},{"not_picked":["Deadly Poison","Prepared"],"picked":"Slice","floor":7},{"not_picked":["Outmaneuver","Slice"],"picked":"Backstab","floor":10},{"not_picked":["Phantasmal Killer","Dodge and Roll"],"picked":"Caltrops","floor":11},{"not_picked":["Choke","Escape Plan","Underhanded Strike"],"picked":"SKIP","floor":12},{"not_picked":["Sucker Punch","Catalyst"],"picked":"Dodge and Roll","floor":14}],"player_experience":826588,"relics_obtained":[{"floor":7,"key":"Letter Opener"},{"floor":9,"key":"Meat on the Bone"},{"floor":14,"key":"Anchor"}],"event_choices":[{"damage_healed":0,"gold_gain":0,"player_choice":"Success","damage_taken":11,"relics_obtained":["MawBank"],"max_hp_gain":0,"max_hp_loss":0,"event_name":"Scrap Ooze","floor":4,"gold_loss":0},{"cards_removed":["Strike_G"],"damage_healed":0,"gold_gain":0,"player_choice":"Card Removal","damage_taken":0,"max_hp_gain":0,"max_hp_loss":0,"event_name":"The Cleric","floor":13,"gold_loss":75}],"is_beta":true,"boss_relics":[],"items_purged_floors":[],"is_endless":false,"potions_floor_spawned":[3,7,10,11,14],"killed_by":"Slime Boss","ascension_level":20}