{"gold_per_floor":[110,128,128,128,152,152,152],"floor_reached":7,"playtime":173,"items_purged":[],"score":72,"play_id":"9555c9e8-6ba9-4eb4-a5e3-116a6642e63e","local_time":"20190615164325","is_ascension_mode":true,"campfire_choices":[{"data":"FTL","floor":6.0,"key":"SMITH"}],"neow_cost":"TEN_PERCENT_HP_LOSS","seed_source_timestamp":197016785138100,"circlet_count":0,"master_deck":["AscendersBane","Strike_B","Strike_B","Strike_B","Defend_B","Defend_B","Defend_B","Defend_B","Zap","Dualcast","Ball Lightning","FTL+1","Gash"],"special_seed":0,"relics":["Cracked Core","Du-Vu Doll","Golden Idol"],"potions_floor_usage":[],"damage_taken":[{"damage":3.0,"enemies":"2 Louse","floor":1.0,"turns":2.0},{"damage":2.0,"enemies":"Jaw Worm","floor":2.0,"turns":3.0},{"damage":12.0,"enemies":"Small Slimes","floor":5.0,"turns":3.0},{"damage":25,"enemies":"3 Sentries","floor":7,"turns":5}],"seed_played":"239451585660285221","potions_obtained":[{"floor":5.0,"key":"FearPotion"}],"is_trial":false,"path_per_floor":["M","M","?","?","M","R","?"],"character_chosen":"DEFECT","items_purchased":[],"campfire_rested":0,"item_purchase_floors":[],"current_hp_per_floor":[61,59,37,37,25,25,0],"gold":152,"neow_bonus":"ONE_RARE_RELIC","is_prod":false,"is_daily":false,"chose_seed":false,"campfire_upgraded":1,"win_rate":0,"timestamp":1560609805,"path_taken":["M","M","?","?","M","R","?"],"build_version":"2019-06-13","purchased_purges":0,"victory":false,"max_hp_per_floor":[64,64,64,64,64,64,64],"card_choices":[{"not_picked":["Turbo","Chill"],"picked":"Ball Lightning","floor":1.0},{"not_picked":["Storm","Sweeping Beam"],"picked":"FTL","floor":2.0},{"not_picked":["Barrage","Melter"],"picked":"Gash","floor":5.0}],"player_experience":842852,"relics_obtained":[],"event_choices":[{"damage_healed":0.0,"max_hp_gain":0.0,"max_hp_loss":0.0,"gold_gain":0.0,"event_name":"Golden Idol","player_choice":"Take Damage","floor":3.0,"gold_loss":0.0,"damage_taken":22.0,"relics_obtained":["Golden Idol"]},{"cards_removed":["Strike_B"],"damage_healed":0.0,"max_hp_gain":0.0,"max_hp_loss":0.0,"gold_gain":0.0,"event_name":"Living Wall","player_choice":"Forget","floor":4.0,"gold_loss":0.0,"damage_taken":0.0},{"damage_healed":0,"gold_gain":0,"player_choice":"Searched \u00271\u0027 times","damage_taken":0,"max_hp_gain":0,"max_hp_loss":0,"event_name":"Dead Adventurer","floor":7,"gold_loss":0}],"is_beta":true,"boss_relics":[],"items_purged_floors":[],"is_endless":false,"potions_floor_spawned":[5],"killed_by":"3 Sentries","ascension_level":15}