{"gold_per_floor":[117,130,147,222,241,268,284,284],"floor_reached":8,"playtime":313,"items_purged":[],"score":84,"play_id":"09d74dfb-c484-4236-84ca-9896155c837e","local_time":"20190620000359","is_ascension_mode":true,"campfire_choices":[],"neow_cost":"NONE","seed_source_timestamp":71215890595728,"circlet_count":0,"master_deck":["Strike_B","Strike_B","Strike_B","Strike_B","Defend_B","Defend_B","Defend_B","Defend_B","Zap","Dualcast","Cold Snap","Sweeping Beam","Cold Snap","Beam Cell","Auto Shields","Ball Lightning"],"relics":["Cracked Core","Anchor","Sundial"],"potions_floor_usage":[],"damage_taken":[{"damage":0,"enemies":"2 Louse","floor":1,"turns":2},{"damage":0,"enemies":"Small Slimes","floor":2,"turns":3},{"damage":0,"enemies":"Cultist","floor":3,"turns":3},{"damage":0,"enemies":"Large Slime","floor":5,"turns":5},{"damage":40,"enemies":"Lagavulin","floor":6,"turns":8},{"damage":0,"enemies":"Blue Slaver","floor":7,"turns":4},{"damage":21,"enemies":"Gremlin Nob","floor":8,"turns":3}],"seed_played":"1933186806733509452","potions_obtained":[{"floor":1,"key":"Dexterity Potion"},{"floor":2,"key":"Strength Potion"}],"is_trial":false,"path_per_floor":["M","M","M","?","M","E","M","E"],"character_chosen":"DEFECT","items_purchased":[],"campfire_rested":0,"item_purchase_floors":[],"current_hp_per_floor":[68,68,68,57,57,17,17,0],"gold":284,"neow_bonus":"RANDOM_COMMON_RELIC","is_prod":false,"is_daily":false,"chose_seed":false,"campfire_upgraded":0,"win_rate":0,"timestamp":1561010639,"path_taken":["M","M","M","?","M","E","M","E"],"build_version":"2019-01-23","purchased_purges":0,"victory":false,"max_hp_per_floor":[75,75,75,75,75,75,75,75],"card_choices":[{"not_picked":["Recycle","Static Discharge"],"picked":"Cold Snap","floor":1},{"not_picked":["Hologram","Consume"],"picked":"Sweeping Beam","floor":2},{"not_picked":["Streamline","Barrage"],"picked":"Cold Snap","floor":3},{"not_picked":["Stack","Gash"],"picked":"Beam Cell","floor":5},{"not_picked":["Blizzard","Beam Cell"],"picked":"Auto Shields","floor":6},{"not_picked":["Gash","Undo"],"picked":"Ball Lightning","floor":7}],"player_experience":370545,"relics_obtained":[{"floor":6,"key":"Sundial"}],"event_choices":[{"damage_healed":0,"gold_gain":75,"player_choice":"Gather Gold","damage_taken":11,"max_hp_gain":0,"max_hp_loss":0,"event_name":"World of Goop","floor":4,"gold_loss":0}],"is_beta":false,"boss_relics":[],"items_purged_floors":[],"is_endless":false,"potions_floor_spawned":[1,2],"killed_by":"Gremlin Nob","ascension_level":8}