{"gold_per_floor":[113,128,203,203,218,218,188,223,247,247,262,275,275,295,295,295],"floor_reached":16,"playtime":513,"items_purged":[],"score":172,"play_id":"5d79b1fe-6535-447d-ad0d-a187ae4e9ca2","local_time":"20190626222729","is_ascension_mode":true,"campfire_choices":[{"data":"Zap","floor":6,"key":"SMITH"},{"floor":10,"key":"REST"},{"data":"Defragment","floor":13,"key":"SMITH"},{"floor":15,"key":"REST"}],"neow_cost":"NONE","seed_source_timestamp":983038739604654,"circlet_count":0,"master_deck":["AscendersBane","Strike_B","Strike_B","Strike_B","Strike_B","Defend_B","Defend_B","Defend_B","Defend_B","Zap+1","Dualcast","Capacitor","Darkness","Defragment+1","Streamline","Defragment","Leap"],"relics":["Cracked Core","Strawberry","Blood Vial"],"potions_floor_usage":[16],"damage_taken":[{"damage":1,"enemies":"2 Louse","floor":1,"turns":3},{"damage":2,"enemies":"Jaw Worm","floor":2,"turns":3},{"damage":4,"enemies":"Small Slimes","floor":5,"turns":4},{"damage":31,"enemies":"Exordium Thugs","floor":7,"turns":5},{"damage":10,"enemies":"Lagavulin","floor":8,"turns":5},{"damage":5,"enemies":"3 Louse","floor":11,"turns":4},{"damage":5,"enemies":"2 Fungi Beasts","floor":12,"turns":4},{"damage":23,"enemies":"Lots of Slimes","floor":14,"turns":4},{"damage":66,"enemies":"Slime Boss","floor":16,"turns":8}],"seed_played":"1558354699978516498","potions_obtained":[{"floor":5,"key":"SneckoOil"},{"floor":7,"key":"Block Potion"},{"floor":8,"key":"LiquidBronze"}],"is_trial":false,"path_per_floor":["M","M","?","?","M","R","M","E","T","R","M","M","R","M","R","B"],"character_chosen":"DEFECT","items_purchased":[],"campfire_rested":2,"item_purchase_floors":[],"current_hp_per_floor":[74,72,61,61,57,57,26,23,23,49,46,43,43,22,48,0],"gold":295,"neow_bonus":"TEN_PERCENT_HP_BONUS","is_prod":false,"is_daily":false,"chose_seed":false,"campfire_upgraded":2,"win_rate":0,"timestamp":1561559249,"path_taken":["M","M","?","?","M","R","?","E","T","R","M","M","R","M","R","BOSS"],"build_version":"2019-01-23","purchased_purges":0,"victory":false,"max_hp_per_floor":[82,82,82,82,82,82,82,89,89,89,89,89,89,89,89,89],"card_choices":[{"not_picked":["Go for the Eyes","Redo","Consume"],"picked":"SKIP","floor":1},{"not_picked":["Gash","Beam Cell"],"picked":"Capacitor","floor":2},{"not_picked":["Barrage","Redo"],"picked":"Darkness","floor":5},{"not_picked":["Amplify","Go for the Eyes"],"picked":"Defragment","floor":7},{"not_picked":["Hologram","Redo"],"picked":"Streamline","floor":8},{"not_picked":["Hologram","Heatsinks","Beam Cell"],"picked":"SKIP","floor":11},{"not_picked":["Compile Driver","Blizzard"],"picked":"Defragment","floor":12},{"not_picked":["Rebound","Sweeping Beam"],"picked":"Leap","floor":14}],"player_experience":801346,"relics_obtained":[{"floor":8,"key":"Strawberry"},{"floor":9,"key":"Blood Vial"}],"event_choices":[{"damage_healed":0,"gold_gain":75,"player_choice":"Gather Gold","damage_taken":11,"max_hp_gain":0,"max_hp_loss":0,"event_name":"World of Goop","floor":3,"gold_loss":0},{"damage_healed":0,"gold_gain":0,"player_choice":"Ignored","damage_taken":0,"max_hp_gain":0,"max_hp_loss":0,"event_name":"Golden Wing","floor":4,"gold_loss":0}],"is_beta":false,"boss_relics":[],"items_purged_floors":[],"is_endless":false,"potions_floor_spawned":[5,7,8,11,14],"killed_by":"Slime Boss","ascension_level":13}