{"gold_per_floor":[115,128,128,43,63,63,82,111,111,111,130,130,130,164,164,164],"floor_reached":16,"playtime":466,"items_purged":[],"score":215,"play_id":"35fa5abc-7557-4071-9387-942b1eca8f4d","local_time":"20190612210036","is_ascension_mode":true,"campfire_choices":[{"floor":6,"key":"REST"},{"floor":10,"key":"REST"},{"data":"Cloak And Dagger","floor":12,"key":"SMITH"},{"floor":15,"key":"REST"}],"neow_cost":"NONE","seed_source_timestamp":166108466881400,"circlet_count":0,"master_deck":["AscendersBane","Strike_G","Strike_G","Strike_G","Strike_G","Strike_G","Defend_G","Defend_G","Defend_G","Defend_G","Defend_G","Survivor","Neutralize","Poisoned Stab","Cloak And Dagger+1","Sucker Punch","Well Laid Plans","Predator","Deflect","Noxious Fumes"],"relics":["Ring of the Snake","Calipers","Tingsha","Juzu Bracelet","Turnip","Golden Idol","Anchor"],"potions_floor_usage":[8,14],"damage_taken":[{"damage":3,"enemies":"Small Slimes","floor":1,"turns":4},{"damage":1,"enemies":"Jaw Worm","floor":2,"turns":3},{"damage":0,"enemies":"Cultist","floor":5,"turns":3},{"damage":6,"enemies":"2 Fungi Beasts","floor":7,"turns":4},{"damage":26,"enemies":"Lagavulin","floor":8,"turns":9},{"damage":1,"enemies":"Red Slaver","floor":11,"turns":3},{"damage":13,"enemies":"3 Sentries","floor":14,"turns":10},{"damage":35,"enemies":"The Guardian","floor":16,"turns":6}],"seed_played":"-2671358685829603291","potions_obtained":[{"floor":5,"key":"GhostInAJar"},{"floor":8,"key":"Dexterity Potion"},{"floor":14,"key":"Swift Potion"}],"is_trial":false,"path_per_floor":["M","M","?","?","M","R","M","E","T","R","M","R","?","E","R","B"],"character_chosen":"THE_SILENT","items_purchased":[],"campfire_rested":3,"item_purchase_floors":[],"current_hp_per_floor":[62,61,16,16,16,37,31,5,5,26,25,25,25,12,31,0],"gold":164,"neow_bonus":"TEN_PERCENT_HP_BONUS","is_prod":false,"is_daily":false,"chose_seed":false,"campfire_upgraded":1,"win_rate":0,"timestamp":1560366036,"path_taken":["M","M","?","?","M","R","M","E","T","R","M","R","?","E","R","BOSS"],"build_version":"2019-06-11","purchased_purges":0,"victory":false,"max_hp_per_floor":[72,72,72,72,72,72,72,72,72,72,72,72,65,65,65,65],"card_choices":[{"not_picked":["Deflect","Backflip"],"picked":"Poisoned Stab","floor":1},{"not_picked":["Masterful Stab","Blade Dance"],"picked":"Cloak And Dagger","floor":2},{"not_picked":["Deadly Poison","Backflip"],"picked":"Sucker Punch","floor":5},{"not_picked":["Dodge and Roll","Backflip"],"picked":"Well Laid Plans","floor":7},{"not_picked":["Skewer","Catalyst"],"picked":"Predator","floor":8},{"not_picked":["Bouncing Flask","Bane"],"picked":"Deflect","floor":11},{"not_picked":["Dash","Flying Knee"],"picked":"Noxious Fumes","floor":14}],"player_experience":816265,"relics_obtained":[{"floor":8,"key":"Juzu Bracelet"},{"floor":9,"key":"Turnip"},{"floor":14,"key":"Anchor"}],"event_choices":[{"damage_healed":0,"gold_gain":0,"player_choice":"Success","damage_taken":45,"relics_obtained":["Calipers"],"max_hp_gain":0,"max_hp_loss":0,"event_name":"Scrap Ooze","floor":3,"gold_loss":0},{"damage_healed":0,"gold_gain":0,"player_choice":"Paid Gold","damage_taken":0,"relics_obtained":["Tingsha"],"max_hp_gain":0,"max_hp_loss":0,"event_name":"WeMeetAgain","floor":4,"gold_loss":85},{"damage_healed":0,"gold_gain":0,"player_choice":"Lose Max HP","damage_taken":0,"relics_obtained":["Golden Idol"],"max_hp_gain":0,"max_hp_loss":7,"event_name":"Golden Idol","floor":13,"gold_loss":0}],"is_beta":true,"boss_relics":[],"items_purged_floors":[],"is_endless":false,"potions_floor_spawned":[5,8,14],"killed_by":"The Guardian","ascension_level":19}