{"gold_per_floor":[118,128,53,65,79,79,97,126,150,162,187,199,243,275,287,399,411,438,470,496,525,636,573,585,615,652,664,693,356,373,387,387,483,483,494,512,512,230,0,13,13,13,13,13,28,28],"floor_reached":46,"playtime":4472,"items_purged":["Strike_B","Strike_B","Writhe"],"score":438,"play_id":"b16aa2b8-9f06-4801-a1f2-f84cb475f514","local_time":"20190623022231","is_ascension_mode":false,"campfire_choices":[{"floor":6,"key":"REST"},{"floor":10,"key":"REST"},{"floor":12,"key":"REST"},{"floor":15,"key":"REST"},{"floor":24,"key":"REST"},{"floor":32,"key":"REST"},{"floor":41,"key":"RECALL"}],"neow_cost":"NONE","seed_source_timestamp":632137486885058,"circlet_count":0,"master_deck":["Strike_B","Strike_B","Defend_B","Defend_B","Defend_B","Zap","Dualcast","Gash","Sweeping Beam","Loop","Conserve Battery","Capacitor","Glacier","Multi-Cast","Compile Driver","Ball Lightning","Go for the Eyes","Electrodynamics","Barrage","Parasite","Leap+1"],"relics":["Cracked Core","Centennial Puzzle","FossilizedHelix","MawBank","Dream Catcher","Busted Crown","Juzu Bracelet","Sundial","Fusion Hammer","Lantern","Red Mask"],"potions_floor_usage":[16,19,21,31,33,36,40,45],"damage_taken":[{"damage":4,"enemies":"2 Louse","floor":1,"turns":2},{"damage":3,"enemies":"Small Slimes","floor":2,"turns":2},{"damage":1,"enemies":"Jaw Worm","floor":4,"turns":3},{"damage":17,"enemies":"Large Slime","floor":5,"turns":6},{"damage":17,"enemies":"Exordium Thugs","floor":7,"turns":6},{"damage":14,"enemies":"3 Sentries","floor":8,"turns":6},{"damage":2,"enemies":"Blue Slaver","floor":11,"turns":3},{"damage":30,"enemies":"Lagavulin","floor":13,"turns":8},{"damage":0,"enemies":"Exordium Wildlife","floor":14,"turns":3},{"damage":23,"enemies":"Hexaghost","floor":16,"turns":12},{"damage":23,"enemies":"3 Byrds","floor":18,"turns":5},{"damage":6,"enemies":"Shell Parasite","floor":19,"turns":6},{"damage":8,"enemies":"Centurion and Healer","floor":20,"turns":12},{"damage":34,"enemies":"Snake Plant","floor":21,"turns":5},{"damage":19,"enemies":"Cultist and Chosen","floor":25,"turns":8},{"damage":22,"enemies":"Sentry and Sphere","floor":28,"turns":7},{"damage":4,"enemies":"Snecko","floor":30,"turns":6},{"damage":9,"enemies":"3 Cultists","floor":31,"turns":6},{"damage":19,"enemies":"Automaton","floor":33,"turns":11},{"damage":18,"enemies":"3 Darklings","floor":35,"turns":4},{"damage":0,"enemies":"Orb Walker","floor":36,"turns":4},{"damage":25,"enemies":"Writhing Mass","floor":40,"turns":9},{"damage":39,"enemies":"Maw","floor":45,"turns":9},{"damage":14,"enemies":"4 Shapes","floor":46,"turns":1}],"seed_played":"-641257907053168396","potions_obtained":[{"floor":4,"key":"FocusPotion"},{"floor":7,"key":"Dexterity Potion"},{"floor":11,"key":"GamblersBrew"},{"floor":18,"key":"Regen Potion"},{"floor":20,"key":"FearPotion"},{"floor":30,"key":"FocusPotion"},{"floor":33,"key":"Block Potion"},{"floor":35,"key":"AttackPotion"}],"is_trial":false,"path_per_floor":["M","M","$","M","M","R","M","E","T","R","M","R","E","M","R","B",null,"M","M","M","M","?","?","R","M","T","?","M","$","M","M","R","B",null,"M","M","?","$","?","M","R","$","T","?","M","M"],"character_chosen":"DEFECT","items_purchased":["Sundial","Lantern"],"campfire_rested":6,"item_purchase_floors":[29,38],"current_hp_per_floor":[71,68,68,67,50,72,55,41,41,63,61,75,45,45,67,44,75,52,61,53,19,19,19,41,22,22,47,25,25,21,12,34,15,75,57,57,75,75,75,50,50,50,50,50,11,0],"gold":28,"neow_bonus":"RANDOM_COMMON_RELIC","is_prod":false,"is_daily":false,"chose_seed":false,"campfire_upgraded":0,"win_rate":0,"timestamp":1561270951,"path_taken":["M","M","$","M","M","R","M","E","T","R","M","R","E","M","R","BOSS","M","M","M","M","?","?","R","M","T","?","M","$","M","M","R","BOSS","M","M","?","?","?","M","R","$","T","?","M","M"],"build_version":"2019-01-23","purchased_purges":3,"victory":false,"max_hp_per_floor":[75,75,75,75,75,75,75,75,75,75,75,75,75,75,75,75,75,75,75,75,75,75,75,75,75,75,75,75,75,75,75,75,75,75,75,75,75,75,75,75,75,75,75,75,75,75],"card_choices":[{"not_picked":["Redo","Steam"],"picked":"Gash","floor":1},{"not_picked":["Barrage","BootSequence","Coolheaded"],"picked":"SKIP","floor":2},{"not_picked":["Turbo","Force Field"],"picked":"Sweeping Beam","floor":4},{"not_picked":["Sweeping Beam","Blizzard"],"picked":"Loop","floor":5},{"not_picked":["Blizzard","Redo"],"picked":"Conserve Battery","floor":7},{"not_picked":["Cold Snap","Barrage","Aggregate"],"picked":"SKIP","floor":8},{"not_picked":["Cold Snap","Steam Power"],"picked":"Capacitor","floor":11},{"not_picked":["Cold Snap","Hologram"],"picked":"Glacier","floor":13},{"not_picked":["Fission","Darkness","Heatsinks"],"picked":"SKIP","floor":14},{"not_picked":["Biased Cognition","Meteor Strike"],"picked":"Multi-Cast","floor":16},{"not_picked":[],"picked":"Compile Driver","floor":18},{"not_picked":["Stack"],"picked":"SKIP","floor":19},{"not_picked":[],"picked":"Ball Lightning","floor":20},{"not_picked":["Barrage"],"picked":"SKIP","floor":21},{"not_picked":[],"picked":"Go for the Eyes","floor":24},{"not_picked":["Streamline"],"picked":"SKIP","floor":25},{"not_picked":["Go for the Eyes+1"],"picked":"SKIP","floor":28},{"not_picked":["Steam Power"],"picked":"SKIP","floor":30},{"not_picked":["Steam"],"picked":"SKIP","floor":31},{"not_picked":[],"picked":"Electrodynamics","floor":33},{"not_picked":["Conserve Battery"],"picked":"SKIP","floor":35},{"not_picked":[],"picked":"Barrage","floor":36},{"not_picked":["Coolheaded"],"picked":"SKIP","floor":40},{"not_picked":[],"picked":"Leap+1","floor":45}],"player_experience":114482,"relics_obtained":[{"floor":8,"key":"FossilizedHelix"},{"floor":9,"key":"MawBank"},{"floor":13,"key":"Dream Catcher"},{"floor":26,"key":"Juzu Bracelet"}],"event_choices":[{"damage_healed":0,"gold_gain":99,"player_choice":"Stole From Cult","damage_taken":0,"max_hp_gain":0,"max_hp_loss":0,"event_name":"Nest","floor":22,"gold_loss":0},{"cards_removed":["Defend_B"],"damage_healed":0,"gold_gain":0,"player_choice":"Gave Gold","damage_taken":0,"max_hp_gain":0,"max_hp_loss":0,"event_name":"Beggar","floor":23,"gold_loss":75},{"damage_healed":25,"gold_gain":0,"player_choice":"Heal","damage_taken":0,"max_hp_gain":0,"max_hp_loss":0,"event_name":"The Library","floor":27,"gold_loss":0},{"damage_healed":19,"gold_gain":0,"player_choice":"Writhe","damage_taken":0,"max_hp_gain":0,"max_hp_loss":0,"event_name":"Winding Halls","floor":37,"gold_loss":0,"cards_obtained":["Writhe"]},{"damage_healed":0,"gold_gain":0,"player_choice":"Paid","damage_taken":0,"relics_obtained":["Red Mask"],"max_hp_gain":0,"max_hp_loss":0,"event_name":"Tomb of Lord Red Mask","floor":39,"gold_loss":230},{"damage_healed":0,"gold_gain":0,"player_choice":"Ignored","damage_taken":0,"max_hp_gain":0,"max_hp_loss":0,"event_name":"Mysterious Sphere","floor":44,"gold_loss":0}],"is_beta":false,"boss_relics":[{"not_picked":["Runic Dome","Eternal Feather"],"picked":"Busted Crown"},{"not_picked":["Empty Cage","Snecko Eye"],"picked":"Fusion Hammer"}],"items_purged_floors":[3,29,38],"is_endless":false,"potions_floor_spawned":[4,7,11,13,18,20,30,33,35],"killed_by":"4 Shapes","ascension_level":0}