{"gold_per_floor":[119,194,214,229,229,263,41,41,41,72,86,96,106,106,106,185,185,196,196,121,140,140,140],"floor_reached":23,"playtime":814,"items_purged":["Strike_B"],"score":332,"play_id":"297b211e-fa7d-46d7-a681-91c829c30b95","local_time":"20190507094817","is_ascension_mode":true,"campfire_choices":[{"floor":8,"key":"REST"},{"floor":15,"key":"REST"}],"neow_cost":"NONE","seed_source_timestamp":91157789649800,"circlet_count":0,"master_deck":["AscendersBane","Strike_B","Defend_B","Defend_B","Defend_B","Defend_B","Zap","Dualcast","Go for the Eyes","Coolheaded","Ball Lightning","Sweeping Beam","Defragment","Ball Lightning","Leap","Darkness","Self Repair","Echo Form","Rebound","Steam+1"],"relics":["Cracked Core","Unceasing Top","Omamori","Ice Cream","Question Card","Cursed Key","Potion Belt"],"potions_floor_usage":[13,19,23],"damage_taken":[{"damage":2,"enemies":"Jaw Worm","floor":1,"turns":4},{"damage":1,"enemies":"Small Slimes","floor":3,"turns":3},{"damage":1,"enemies":"Cultist","floor":4,"turns":4},{"damage":23,"enemies":"Lagavulin","floor":6,"turns":6},{"damage":13,"enemies":"Gremlin Nob","floor":10,"turns":4},{"damage":13,"enemies":"Large Slime","floor":11,"turns":4},{"damage":8,"enemies":"Blue Slaver","floor":12,"turns":4},{"damage":10,"enemies":"3 Louse","floor":13,"turns":3},{"damage":28,"enemies":"Slime Boss","floor":16,"turns":6},{"damage":29,"enemies":"2 Thieves","floor":18,"turns":4},{"damage":33,"enemies":"Colosseum Slavers","floor":19,"turns":4},{"damage":1,"enemies":"3 Byrds","floor":21,"turns":4},{"damage":49,"enemies":"Slavers","floor":23,"turns":4}],"seed_played":"2258560795114747075","potions_obtained":[{"floor":3,"key":"Energy Potion"},{"floor":12,"key":"Dexterity Potion"},{"floor":13,"key":"LiquidBronze"}],"is_trial":false,"path_per_floor":["M","?","M","M","?","E","$","R","T","E","M","M","M","?","R","B",null,"M","?","?","M","?","E"],"character_chosen":"DEFECT","items_purchased":["Omamori"],"campfire_rested":2,"item_purchase_floors":[7],"current_hp_per_floor":[73,62,61,60,60,37,37,61,61,48,35,27,17,44,68,47,73,51,25,25,38,38,0],"gold":140,"neow_bonus":"TEN_PERCENT_HP_BONUS","is_prod":false,"is_daily":false,"chose_seed":false,"campfire_upgraded":0,"win_rate":0,"timestamp":1557215297,"path_taken":["M","?","M","M","?","E","$","R","T","E","M","M","?","?","R","BOSS","M","?","?","M","?","E"],"build_version":"2019-04-23","purchased_purges":1,"victory":false,"max_hp_per_floor":[82,82,82,82,82,82,82,82,82,82,82,82,82,82,82,82,82,82,82,82,82,82,82],"card_choices":[{"not_picked":["Auto Shields","Turbo"],"picked":"Go for the Eyes","floor":1},{"not_picked":["Stack","Redo"],"picked":"Coolheaded","floor":3},{"not_picked":["Steam Power","Leap"],"picked":"Ball Lightning","floor":4},{"not_picked":["Gash","Capacitor"],"picked":"Defragment","floor":6},{"not_picked":["Scrape","Go for the Eyes"],"picked":"Ball Lightning","floor":10},{"not_picked":["Force Field","Heatsinks","Hyperbeam"],"picked":"Leap","floor":11},{"not_picked":["Turbo","Rebound","Tempest"],"picked":"Darkness","floor":12},{"not_picked":["Rebound","Go for the Eyes","Chill"],"picked":"Self Repair","floor":13},{"not_picked":["Amplify","Multi-Cast","Rainbow"],"picked":"Echo Form","floor":16},{"not_picked":["Beam Cell","Glacier","Coolheaded"],"picked":"Rebound","floor":18},{"not_picked":["Redo","Ball Lightning","Scrape"],"picked":"Steam+1","floor":21}],"player_experience":577430,"relics_obtained":[{"floor":6,"key":"Unceasing Top"},{"floor":9,"key":"Ice Cream"},{"floor":10,"key":"Question Card"}],"event_choices":[{"damage_healed":0,"gold_gain":75,"player_choice":"Gather Gold","damage_taken":11,"max_hp_gain":0,"max_hp_loss":0,"event_name":"World of Goop","floor":2,"gold_loss":0},{"damage_healed":0,"gold_gain":0,"cards_transformed":["Strike_B"],"player_choice":"Transformed","damage_taken":0,"max_hp_gain":0,"max_hp_loss":0,"event_name":"Transmorgrifier","floor":5,"gold_loss":0,"cards_obtained":["Sweeping Beam"]},{"damage_healed":27,"gold_gain":0,"player_choice":"Banana","damage_taken":0,"max_hp_gain":0,"max_hp_loss":0,"event_name":"Big Fish","floor":14,"gold_loss":0},{"damage_healed":0,"gold_gain":0,"player_choice":"Fight","damage_taken":0,"max_hp_gain":0,"max_hp_loss":0,"event_name":"Colosseum","floor":19,"gold_loss":0},{"damage_healed":0,"gold_gain":0,"player_choice":"Fled From Nobs","damage_taken":0,"max_hp_gain":0,"max_hp_loss":0,"event_name":"Colosseum","floor":19,"gold_loss":0},{"cards_removed":["Strike_B"],"damage_healed":0,"gold_gain":0,"player_choice":"Gave Gold","damage_taken":0,"max_hp_gain":0,"max_hp_loss":0,"event_name":"Beggar","floor":20,"gold_loss":75},{"damage_healed":0,"gold_gain":0,"player_choice":"Stole Relic","damage_taken":0,"relics_obtained":["Potion Belt"],"max_hp_gain":0,"max_hp_loss":0,"event_name":"Addict","floor":22,"gold_loss":0,"cards_obtained":["Shame"]}],"is_beta":true,"boss_relics":[{"not_picked":["Tiny House","Lizard Tail"],"picked":"Cursed Key"}],"items_purged_floors":[7],"is_endless":false,"potions_floor_spawned":[3,12,13,19],"killed_by":"Slavers","ascension_level":13}