{"gold_per_floor":[367,367,116,135,156,156,196,161,216,232,232,266,266,309,309,402,402,415,55,55,48,147,147,182,182,208,226,226,226,254,271,271,271],"floor_reached":33,"playtime":1426,"items_purged":["Strike_B"],"score":512,"play_id":"8d03a181-646d-4d2a-8207-841ddbc4d9b6","local_time":"20190507181314","is_ascension_mode":true,"campfire_choices":[{"data":"Apotheosis","floor":6,"key":"SMITH"},{"floor":15,"key":"REST"},{"data":"Machine Learning","floor":23,"key":"SMITH"},{"floor":25,"key":"REST"},{"data":"Hologram","floor":29,"key":"SMITH"},{"floor":32,"key":"REST"}],"neow_cost":"TEN_PERCENT_HP_LOSS","seed_source_timestamp":120845999788000,"circlet_count":0,"master_deck":["AscendersBane","Defend_B","Defend_B","Defend_B","Defend_B","Zap","Dualcast","Cold Snap","Apotheosis+1","Chill","Compile Driver","Hologram+1","FTL","Genetic Algorithm","Steam","Machine Learning+1","Cold Snap+1","Echo Form","Turbo","Double Energy","Recycle"],"relics":["Cracked Core","Bloody Idol","DataDisk","Tiny Chest","Strawberry","Mummified Hand","Nunchaku","Empty Cage","Orichalcum","Potion Belt","Centennial Puzzle","Mango","Darkstone Periapt"],"potions_floor_usage":[12,16,16,24,33],"damage_taken":[{"damage":2,"enemies":"Jaw Worm","floor":1,"turns":3},{"damage":4,"enemies":"2 Louse","floor":4,"turns":3},{"damage":2,"enemies":"Small Slimes","floor":5,"turns":4},{"damage":8,"enemies":"Lagavulin","floor":7,"turns":7},{"damage":1,"enemies":"2 Fungi Beasts","floor":10,"turns":3},{"damage":13,"enemies":"Gremlin Nob","floor":12,"turns":4},{"damage":7,"enemies":"Lagavulin","floor":14,"turns":7},{"damage":15,"enemies":"Slime Boss","floor":16,"turns":8},{"damage":0,"enemies":"Chosen","floor":18,"turns":5},{"damage":16,"enemies":"2 Thieves","floor":21,"turns":4},{"damage":31,"enemies":"Slavers","floor":24,"turns":10},{"damage":19,"enemies":"3 Cultists","floor":27,"turns":6},{"damage":12,"enemies":"Book of Stabbing","floor":30,"turns":6},{"damage":6,"enemies":"Centurion and Healer","floor":31,"turns":6},{"damage":95,"enemies":"Champ","floor":33,"turns":14}],"seed_played":"1704803515268188689","potions_obtained":[{"floor":7,"key":"Regen Potion"},{"floor":12,"key":"Swift Potion"},{"floor":14,"key":"FocusPotion"},{"floor":21,"key":"Poison Potion"},{"floor":27,"key":"SkillPotion"}],"is_trial":false,"path_per_floor":["M","?","$","M","M","R","E","?","T","M","?","E","T","E","R","B",null,"M","$","?","M","?","R","E","R","T","M","T","R","E","M","R","B"],"character_chosen":"DEFECT","items_purchased":["Apotheosis","Echo Form","Orichalcum","Turbo"],"campfire_rested":3,"item_purchase_floors":[3,19,19,19],"current_hp_per_floor":[62,46,46,42,40,40,32,32,32,31,24,30,30,23,44,29,61,61,61,61,55,60,60,34,55,60,46,60,60,53,52,77,0],"gold":271,"neow_bonus":"TWO_FIFTY_GOLD","is_prod":false,"is_daily":false,"chose_seed":false,"campfire_upgraded":3,"win_rate":0,"timestamp":1557245594,"path_taken":["M","?","$","M","M","R","E","?","T","M","?","E","?","E","R","BOSS","M","$","?","M","?","R","E","R","T","M","?","R","E","?","R","BOSS"],"build_version":"2019-04-23","purchased_purges":1,"victory":false,"max_hp_per_floor":[64,64,64,64,64,64,64,64,64,64,64,71,71,71,71,71,71,71,71,71,71,71,71,71,71,71,71,85,85,85,85,85,85],"card_choices":[{"not_picked":["Redo","Turbo"],"picked":"Cold Snap","floor":1},{"not_picked":["Static Discharge","Barrage"],"picked":"Chill","floor":4},{"not_picked":["Gash","Sweeping Beam"],"picked":"Compile Driver","floor":5},{"not_picked":["Chill","Rebound"],"picked":"Hologram","floor":7},{"not_picked":["Beam Cell","Sweeping Beam"],"picked":"FTL","floor":10},{"not_picked":["Gash","Machine Learning"],"picked":"Genetic Algorithm","floor":12},{"not_picked":["Chill","Capacitor"],"picked":"Steam","floor":14},{"not_picked":["Creative AI","Hyperbeam"],"picked":"Machine Learning","floor":16},{"not_picked":["Streamline","Leap"],"picked":"Cold Snap+1","floor":18},{"not_picked":["Redo","Streamline"],"picked":"Double Energy","floor":21},{"not_picked":["Skim+1","Rip and Tear","Chill"],"picked":"SKIP","floor":24},{"not_picked":["Streamline","Ball Lightning"],"picked":"Recycle","floor":27},{"not_picked":["Rip and Tear","Capacitor","Steam"],"picked":"SKIP","floor":30},{"not_picked":["Reinforced Body","Chaos+1","Heatsinks"],"picked":"SKIP","floor":31}],"player_experience":594147,"relics_obtained":[{"floor":7,"key":"DataDisk"},{"floor":9,"key":"Tiny Chest"},{"floor":12,"key":"Strawberry"},{"floor":13,"key":"Mummified Hand"},{"floor":14,"key":"Nunchaku"},{"floor":24,"key":"Potion Belt"},{"floor":26,"key":"Centennial Puzzle"},{"floor":28,"key":"Mango"},{"floor":30,"key":"Darkstone Periapt"}],"event_choices":[{"damage_healed":0,"gold_gain":0,"player_choice":"Take Damage","damage_taken":16,"relics_obtained":["Golden Idol"],"max_hp_gain":0,"max_hp_loss":0,"event_name":"Golden Idol","floor":2,"gold_loss":0},{"damage_healed":0,"gold_gain":0,"player_choice":"Left Gold","damage_taken":0,"max_hp_gain":0,"max_hp_loss":0,"event_name":"World of Goop","floor":8,"gold_loss":35},{"cards_removed":["Strike_B"],"damage_healed":0,"gold_gain":0,"player_choice":"Card Removal","damage_taken":7,"max_hp_gain":0,"max_hp_loss":0,"event_name":"Golden Wing","floor":11,"gold_loss":0},{"damage_healed":0,"gold_gain":0,"player_choice":"Gave Idol","damage_taken":0,"relics_obtained":["Bloody Idol"],"max_hp_gain":0,"max_hp_loss":0,"event_name":"Forgotten Altar","floor":20,"relics_lost":["Golden Idol"],"gold_loss":0},{"damage_healed":0,"gold_gain":99,"player_choice":"Stole From Cult","damage_taken":0,"max_hp_gain":0,"max_hp_loss":0,"event_name":"Nest","floor":22,"gold_loss":0}],"is_beta":true,"boss_relics":[{"not_picked":["Pandora\u0027s Box","Tiny House"],"picked":"Empty Cage"}],"items_purged_floors":[3],"is_endless":false,"potions_floor_spawned":[7,12,14,21,27],"killed_by":"Champ","ascension_level":14}