{"gold_per_floor":[113,126,136,156,156,182,197,197,197,223,223,256,110,110,110,212,212,228,32,32,32,32,66,66,66,66,66,85,95,112,127,127,127],"floor_reached":33,"playtime":3306,"items_purged":["Strike_B"],"score":299,"play_id":"5bc39f08-ad65-4938-be16-767760fd3122","local_time":"20190626212227","is_ascension_mode":true,"campfire_choices":[{"floor":8,"key":"REST"},{"data":"Defragment","floor":11,"key":"SMITH"},{"floor":15,"key":"REST"},{"floor":25,"key":"REST"},{"data":"Creative AI","floor":27,"key":"SMITH"},{"floor":32,"key":"REST"}],"neow_cost":"NONE","seed_source_timestamp":960939066005952,"circlet_count":0,"master_deck":["Strike_B","Defend_B","Defend_B","Defend_B","Defend_B","Zap","Dualcast","Ball Lightning","Capacitor","Rebound","Defragment+1","Conserve Battery","Cold Snap","Defragment","Creative AI+1","Biased Cognition","Defragment+1","Undo+1","Heatsinks"],"relics":["Cracked Core","Bottled Flame","Bag of Marbles","Dream Catcher","Ornamental Fan","Kunai","Empty Cage","OrangePellets","Boot","Bronze Scales"],"potions_floor_usage":[12,16,23,23,31,31,33],"damage_taken":[{"damage":3,"enemies":"Jaw Worm","floor":1,"turns":3},{"damage":0,"enemies":"2 Louse","floor":2,"turns":2},{"damage":0,"enemies":"Cultist","floor":3,"turns":3},{"damage":6,"enemies":"2 Fungi Beasts","floor":4,"turns":3},{"damage":24,"enemies":"3 Sentries","floor":6,"turns":6},{"damage":9,"enemies":"Blue Slaver","floor":7,"turns":3},{"damage":13,"enemies":"Gremlin Nob","floor":10,"turns":3},{"damage":19,"enemies":"3 Sentries","floor":12,"turns":6},{"damage":40,"enemies":"Hexaghost","floor":16,"turns":9},{"damage":7,"enemies":"Spheric Guardian","floor":18,"turns":4},{"damage":42,"enemies":"Book of Stabbing","floor":23,"turns":6},{"damage":12,"enemies":"Chosen","floor":28,"turns":5},{"damage":16,"enemies":"Centurion and Healer","floor":29,"turns":8},{"damage":7,"enemies":"Chosen and Byrds","floor":30,"turns":5},{"damage":10,"enemies":"Snake Plant","floor":31,"turns":3},{"damage":61,"enemies":"Collector","floor":33,"turns":6}],"seed_played":"-7617368934485727406","potions_obtained":[{"floor":2,"key":"FearPotion"},{"floor":6,"key":"FearPotion"},{"floor":10,"key":"Explosive Potion"},{"floor":16,"key":"FocusPotion"},{"floor":18,"key":"Dexterity Potion"},{"floor":29,"key":"Dexterity Potion"},{"floor":30,"key":"AttackPotion"}],"is_trial":false,"path_per_floor":["M","M","M","M","?","E","M","R","T","E","R","E","$","?","R","B",null,"M","$","?","?","$","E","$","R","T","R","M","M","M","M","R","B"],"character_chosen":"DEFECT","items_purchased":["Defragment","OrangePellets"],"campfire_rested":4,"item_purchase_floors":[13,19],"current_hp_per_floor":[79,79,79,73,78,54,45,71,71,58,58,39,39,27,53,13,87,80,80,80,80,80,38,38,64,64,64,52,36,29,19,45,0],"gold":127,"neow_bonus":"TEN_PERCENT_HP_BONUS","is_prod":false,"is_daily":false,"chose_seed":false,"campfire_upgraded":2,"win_rate":0,"timestamp":1561598547,"path_taken":["M","M","M","M","?","E","M","R","T","E","R","E","$","?","R","BOSS","M","$","?","?","$","E","$","R","T","R","?","M","M","M","R","BOSS"],"build_version":"2019-01-23","purchased_purges":1,"victory":false,"max_hp_per_floor":[82,82,82,82,87,87,87,87,87,87,87,87,87,87,87,87,87,87,87,87,87,87,87,87,87,87,87,87,87,87,87,87,87],"card_choices":[{"not_picked":["Steam","Stack","Streamline"],"picked":"SKIP","floor":1},{"not_picked":["Steam Power","Beam Cell"],"picked":"Ball Lightning","floor":2},{"not_picked":["Hologram","Steam"],"picked":"Capacitor","floor":3},{"not_picked":["Stack","Steam Power"],"picked":"Rebound","floor":4},{"not_picked":["Beam Cell","Compile Driver"],"picked":"Defragment","floor":6},{"not_picked":["Reprogram","Double Energy","Coolheaded"],"picked":"SKIP","floor":7},{"not_picked":["Double Energy","Leap"],"picked":"Conserve Battery","floor":10},{"not_picked":["Redo","White Noise"],"picked":"Cold Snap","floor":12},{"not_picked":["Steam","Go for the Eyes"],"picked":"Creative AI","floor":15},{"not_picked":["Meteor Strike","Thunder Strike"],"picked":"Biased Cognition","floor":16},{"not_picked":["Coolheaded","Streamline+1","Redo+1"],"picked":"SKIP","floor":18},{"not_picked":["Static Discharge","Coolheaded","Turbo"],"picked":"SKIP","floor":23},{"not_picked":["Fusion+1","White Noise"],"picked":"Undo+1","floor":28},{"not_picked":["Beam Cell","Fusion","Steam"],"picked":"SKIP","floor":29},{"not_picked":["Ball Lightning","Compile Driver+1"],"picked":"Heatsinks","floor":30},{"not_picked":["Leap","Hologram","Sweeping Beam"],"picked":"SKIP","floor":31}],"player_experience":138251,"relics_obtained":[{"floor":6,"key":"Bottled Flame"},{"floor":9,"key":"Bag of Marbles"},{"floor":10,"key":"Dream Catcher"},{"floor":12,"key":"Ornamental Fan"},{"floor":23,"key":"Boot"},{"floor":26,"key":"Bronze Scales"}],"event_choices":[{"damage_healed":0,"gold_gain":0,"player_choice":"Donut","damage_taken":0,"max_hp_gain":5,"max_hp_loss":0,"event_name":"Big Fish","floor":5,"gold_loss":0},{"damage_healed":0,"gold_gain":0,"player_choice":"Success","damage_taken":12,"relics_obtained":["Kunai"],"max_hp_gain":0,"max_hp_loss":0,"event_name":"Scrap Ooze","floor":14,"gold_loss":0},{"damage_healed":0,"gold_gain":0,"player_choice":"Ignored","damage_taken":0,"max_hp_gain":0,"max_hp_loss":0,"event_name":"Beggar","floor":20,"gold_loss":0},{"damage_healed":0,"gold_gain":0,"player_choice":"Copied","damage_taken":0,"max_hp_gain":0,"max_hp_loss":0,"event_name":"Duplicator","floor":21,"gold_loss":0,"cards_obtained":["Defragment"]}],"is_beta":false,"boss_relics":[{"not_picked":["Inserter","White Beast Statue"],"picked":"Empty Cage"}],"items_purged_floors":[13],"is_endless":false,"potions_floor_spawned":[2,6,10,16,18,29,30],"killed_by":"Collector","ascension_level":1}