{"gold_per_floor":[115,26,42,42,42,73,73,38,38,52,63,83,103,0,0,74,74,93,103,103,24,24],"floor_reached":22,"playtime":636,"items_purged":["Strike_B","Strike_B","Strike_B"],"score":372,"play_id":"982feb29-845d-4aa9-a732-da5f9c5ecea4","local_time":"20190625004504","is_ascension_mode":true,"campfire_choices":[{"floor":7,"key":"REST"},{"floor":15,"key":"REST"}],"neow_cost":"NONE","seed_source_timestamp":237487160514400,"circlet_count":0,"master_deck":["AscendersBane","Strike_B","Defend_B","Defend_B","Defend_B","Defend_B","Zap","Dualcast","Beam Cell","Sunder+1","Cold Snap","Coolheaded","Cold Snap","Gash","All For One","Blizzard","Beam Cell","Coolheaded"],"relics":["FrozenCore","Smiling Mask","Bag of Marbles","Matryoshka"],"potions_floor_usage":[16,16,19],"damage_taken":[{"damage":5,"enemies":"Small Slimes","floor":1,"turns":3},{"damage":0,"enemies":"Cultist","floor":3,"turns":2},{"damage":55,"enemies":"3 Sentries","floor":6,"turns":10},{"damage":7,"enemies":"Jaw Worm","floor":10,"turns":2},{"damage":0,"enemies":"2 Fungi Beasts","floor":11,"turns":3},{"damage":6,"enemies":"Blue Slaver","floor":12,"turns":2},{"damage":0,"enemies":"3 Louse","floor":13,"turns":3},{"damage":3,"enemies":"The Guardian","floor":16,"turns":11},{"damage":16,"enemies":"Spheric Guardian","floor":18,"turns":4},{"damage":25,"enemies":"3 Byrds","floor":19,"turns":6},{"damage":24,"enemies":"Cultist and Chosen","floor":22,"turns":7}],"seed_played":"5382171364033328913","potions_obtained":[{"floor":6,"key":"FocusPotion"},{"floor":10,"key":"Strength Potion"},{"floor":16,"key":"SteroidPotion"}],"is_trial":false,"path_per_floor":["M","$","M","?","$","E","R","?","T","M","M","M","M","$","R","B",null,"M","M","?","$","M"],"character_chosen":"DEFECT","items_purchased":["Sunder","Gash","Coolheaded"],"campfire_rested":2,"item_purchase_floors":[2,14,21],"current_hp_per_floor":[59,59,59,59,59,4,25,42,42,35,35,29,29,29,50,47,65,49,24,24,24,0],"gold":24,"neow_bonus":"RANDOM_COMMON_RELIC","is_prod":false,"is_daily":false,"chose_seed":false,"campfire_upgraded":0,"win_rate":0,"timestamp":1561394704,"path_taken":["M","$","M","?","?","E","R","?","T","M","M","M","M","$","R","BOSS","M","M","?","$","M"],"build_version":"2019-01-23","purchased_purges":3,"victory":false,"max_hp_per_floor":[71,71,71,71,71,71,71,71,71,71,71,71,71,71,71,71,71,71,71,71,71,71],"card_choices":[{"not_picked":["Barrage","Compile Driver"],"picked":"Beam Cell","floor":1},{"not_picked":["Sweeping Beam","Darkness","Barrage"],"picked":"SKIP","floor":3},{"not_picked":["Sweeping Beam","Leap","Machine Learning"],"picked":"SKIP","floor":6},{"not_picked":["Doom and Gloom","Blizzard"],"picked":"Cold Snap","floor":10},{"not_picked":["Turbo","Leap"],"picked":"Coolheaded","floor":11},{"not_picked":["Rebound","Blizzard","Rainbow"],"picked":"SKIP","floor":12},{"not_picked":["Go for the Eyes","Stack"],"picked":"Cold Snap","floor":13},{"not_picked":["Fission","Hyperbeam"],"picked":"All For One","floor":16},{"not_picked":["Leap","Turbo"],"picked":"Blizzard","floor":18},{"not_picked":["Sweeping Beam","Steam"],"picked":"Beam Cell","floor":19}],"player_experience":733066,"relics_obtained":[{"floor":6,"key":"Bag of Marbles"},{"floor":9,"key":"Matryoshka"}],"event_choices":[{"damage_healed":0,"gold_gain":0,"player_choice":"Forge","damage_taken":0,"max_hp_gain":0,"max_hp_loss":0,"event_name":"Accursed Blacksmith","floor":4,"gold_loss":0,"cards_upgraded":["Sunder"]},{"damage_healed":17,"gold_gain":0,"player_choice":"Healed","damage_taken":0,"max_hp_gain":0,"max_hp_loss":0,"event_name":"The Cleric","floor":8,"gold_loss":35},{"damage_healed":0,"gold_gain":0,"player_choice":"Ignored","damage_taken":0,"max_hp_gain":0,"max_hp_loss":0,"event_name":"Ghosts","floor":20,"gold_loss":0}],"is_beta":false,"boss_relics":[{"not_picked":["Calling Bell","Inserter"],"picked":"FrozenCore"}],"items_purged_floors":[2,14,21],"is_endless":false,"potions_floor_spawned":[6,10,12,16],"killed_by":"Cultist and Chosen","ascension_level":20}