{"gold_per_floor":[116,116,133,208,221,221,246,246,246,278,292,292,308,327,327,404,404,418,418,618,629,644,644,676,676],"floor_reached":25,"playtime":941,"items_purged":[],"score":454,"play_id":"258d92c7-2c7d-4c49-9a1e-d70af229289a","local_time":"20190610131131","is_ascension_mode":true,"campfire_choices":[{"data":"Backstab","floor":6.0,"key":"SMITH"},{"data":"Strike_G","floor":8.0,"key":"PURGE"},{"floor":12.0,"key":"REST"},{"floor":15.0,"key":"REST"},{"floor":23.0,"key":"REST"}],"neow_cost":"CURSE","seed_source_timestamp":0,"circlet_count":0,"master_deck":["AscendersBane","Strike_G","Strike_G","Strike_G","Strike_G","Defend_G","Defend_G","Defend_G","Defend_G","Defend_G","Survivor","Neutralize","Dagger Throw","Backstab+1","Caltrops","Poisoned Stab","Slice","Bullet Time","Leg Sweep","A Thousand Cuts","Footwork","Cloak And Dagger","Backflip","Cloak And Dagger","Die Die Die"],"special_seed":0,"relics":["Ring of the Snake","Peace Pipe","Shuriken","Bottled Tornado","Bag of Preparation","WristBlade","Lantern"],"potions_floor_usage":[],"damage_taken":[{"damage":2.0,"enemies":"2 Louse","floor":1.0,"turns":4.0},{"damage":4.0,"enemies":"Jaw Worm","floor":3.0,"turns":4.0},{"damage":0.0,"enemies":"Small Slimes","floor":5.0,"turns":2.0},{"damage":4.0,"enemies":"Gremlin Nob","floor":7.0,"turns":4.0},{"damage":32.0,"enemies":"Lagavulin","floor":10.0,"turns":5.0},{"damage":2.0,"enemies":"Looter","floor":11.0,"turns":4.0},{"damage":13.0,"enemies":"Lots of Slimes","floor":13.0,"turns":3.0},{"damage":0.0,"enemies":"Red Slaver","floor":14.0,"turns":2.0},{"damage":23.0,"enemies":"The Guardian","floor":16.0,"turns":15.0},{"damage":11.0,"enemies":"Spheric Guardian","floor":18.0,"turns":4.0},{"damage":0.0,"enemies":"Chosen","floor":21.0,"turns":3.0},{"damage":27.0,"enemies":"Centurion and Healer","floor":22.0,"turns":11.0},{"damage":30.0,"enemies":"Slavers","floor":24.0,"turns":10.0},{"damage":12,"enemies":"3 Cultists","floor":25,"turns":3}],"seed_played":"8520981707354872414","potions_obtained":[{"floor":1.0,"key":"Poison Potion"},{"floor":5.0,"key":"GhostInAJar"},{"floor":10.0,"key":"EssenceOfSteel"},{"floor":14.0,"key":"Energy Potion"},{"floor":16.0,"key":"FearPotion"},{"floor":22.0,"key":"SteroidPotion"}],"is_trial":false,"path_per_floor":["M","?","M","?","M","R","E","R","T","E","M","R","M","M","R","B",null,"M","?","?","M","M","R","E","M"],"character_chosen":"THE_SILENT","items_purchased":[],"campfire_rested":3,"item_purchase_floors":[],"current_hp_per_floor":[57,57,53,42,42,42,38,38,38,6,4,23,10,10,29,6,51,40,40,40,40,13,32,2,0],"gold":676,"neow_bonus":"ONE_RARE_RELIC","is_prod":false,"is_daily":false,"chose_seed":false,"campfire_upgraded":1,"win_rate":0,"timestamp":1560165091,"path_taken":["M","?","M","?","M","R","E","R","T","E","M","R","M","?","R","BOSS","M","?","?","?","M","R","E","M"],"build_version":"2019-06-07","purchased_purges":0,"victory":false,"max_hp_per_floor":[66,66,66,66,66,66,66,66,66,66,66,66,66,66,66,66,66,66,66,66,66,66,66,66,66],"card_choices":[{"not_picked":["Bane","Blade Dance"],"picked":"Dagger Throw","floor":1.0},{"not_picked":["Blur","Leg Sweep"],"picked":"Backstab","floor":3.0},{"not_picked":["Crippling Poison","Leg Sweep"],"picked":"Caltrops","floor":5.0},{"not_picked":["Terror","Reflex"],"picked":"Poisoned Stab","floor":7.0},{"not_picked":["Dash","Prepared"],"picked":"Slice","floor":10.0},{"not_picked":["Bane","Deflect"],"picked":"Bullet Time","floor":11.0},{"not_picked":["Heel Hook","Expertise","Outmaneuver"],"picked":"SKIP","floor":13.0},{"not_picked":["Dagger Throw","Masterful Stab"],"picked":"Leg Sweep","floor":14.0},{"not_picked":["Glass Knife","Adrenaline"],"picked":"A Thousand Cuts","floor":16.0},{"not_picked":["Flying Knee+1","Quick Slash+1"],"picked":"Footwork","floor":18.0},{"not_picked":["Poisoned Stab","Deadly Poison"],"picked":"Backflip","floor":21.0},{"not_picked":["Calculated Gamble","Prepared"],"picked":"Cloak And Dagger","floor":22.0},{"not_picked":["Grand Finale","Reflex"],"picked":"Die Die Die","floor":24.0}],"player_experience":810856,"relics_obtained":[{"floor":7.0,"key":"Shuriken"},{"floor":9.0,"key":"Bottled Tornado"},{"floor":10.0,"key":"Bag of Preparation"},{"floor":24.0,"key":"Lantern"}],"event_choices":[{"cards_removed":["Regret"],"damage_healed":0.0,"max_hp_gain":0.0,"max_hp_loss":0.0,"gold_gain":0.0,"event_name":"Living Wall","player_choice":"Forget","floor":2.0,"gold_loss":0.0,"damage_taken":0.0},{"damage_healed":0.0,"max_hp_gain":0.0,"max_hp_loss":0.0,"gold_gain":75.0,"event_name":"World of Goop","player_choice":"Gather Gold","floor":4.0,"gold_loss":0.0,"damage_taken":11.0},{"damage_healed":0.0,"max_hp_gain":0.0,"max_hp_loss":0.0,"gold_gain":0.0,"event_name":"The Library","player_choice":"Read","floor":19.0,"gold_loss":0.0,"damage_taken":0.0,"cards_obtained":["Cloak And Dagger"]},{"damage_healed":0.0,"max_hp_gain":0.0,"max_hp_loss":0.0,"gold_gain":250.0,"event_name":"The Joust","player_choice":"Bet on Owner","floor":20.0,"gold_loss":50.0,"damage_taken":0.0}],"is_beta":true,"boss_relics":[{"not_picked":["Velvet Choker","Empty Cage"],"picked":"WristBlade"}],"items_purged_floors":[],"is_endless":false,"potions_floor_spawned":[1,5,10,14,16,22],"killed_by":"3 Cultists","ascension_level":19}