{"gold_per_floor":[109,109,129,19,19,51,66,66,139,174,174,33,49,62,62,159,159,179,196,213,213,227,227,259,288,314,70,135,135,169,185,185,284,284,301,68,68,68,28,55,74,74,97,122,222,222,236,246,246,246],"floor_reached":51,"playtime":4235,"items_purged":["Decay","Injury"],"score":823,"play_id":"eedc7229-1c68-4371-951a-6daa3a7896c2","local_time":"20181002032309","is_ascension_mode":false,"campfire_choices":[{"data":"Storm","floor":8,"key":"SMITH"},{"data":"Turbo","floor":11,"key":"SMITH"},{"floor":15,"key":"REST"},{"data":"Fission","floor":23,"key":"SMITH"},{"data":"Fission","floor":29,"key":"SMITH"},{"data":"Hello World","floor":32,"key":"SMITH"},{"data":"1","floor":46,"key":"LIFT"},{"data":"Creative AI","floor":49,"key":"SMITH"}],"neow_cost":"NONE","seed_source_timestamp":1378766351440080,"circlet_count":0,"master_deck":["Strike_B","Strike_B","Strike_B","Strike_B","Defend_B+1","Defend_B","Defend_B","Defend_B","Zap","Dualcast+1","White Noise","Turbo+1","Heatsinks","Storm+1","Stack","White Noise","Hello World+1","Turbo","Fission+1","Fission+1","Melter","Gash","Biased Cognition","Sunder","Core Surge","Stack","Thunder Strike","Stack+1","Creative AI+1","Apotheosis","Static Discharge","Hello World+1","Core Surge","Stack","Transmutation","Creative AI","Compile Driver+1","Defragment+1"],"relics":["Calling Bell","War Paint","Pear","Bird Faced Urn","Pen Nib","Mercury Hourglass","Juzu Bracelet","Coffee Dripper","Nloth\u0027s Gift","Bottled Lightning","Red Mask","Strawberry","Mummified Hand","Tiny Chest","Gremlin Horn","Sozu","Girya","Orichalcum","Bronze Scales","Boot"],"potions_floor_usage":[6,16,16,16,16,18,19,20,20,25,30],"damage_taken":[{"damage":7,"enemies":"Jaw Worm","floor":1,"turns":4},{"damage":9,"enemies":"Cultist","floor":3,"turns":5},{"damage":53,"enemies":"Gremlin Nob","floor":6,"turns":5},{"damage":2,"enemies":"Small Slimes","floor":7,"turns":6},{"damage":13,"enemies":"3 Sentries","floor":10,"turns":5},{"damage":10,"enemies":"Exordium Thugs","floor":13,"turns":4},{"damage":6,"enemies":"Large Slime","floor":14,"turns":3},{"damage":0,"enemies":"Slime Boss","floor":16,"turns":3},{"damage":0,"enemies":"Chosen","floor":18,"turns":5},{"damage":12,"enemies":"2 Thieves","floor":19,"turns":3},{"damage":15,"enemies":"Snake Plant","floor":20,"turns":3},{"damage":13,"enemies":"Centurion and Healer","floor":22,"turns":4},{"damage":37,"enemies":"Book of Stabbing","floor":24,"turns":5},{"damage":9,"enemies":"Masked Bandits","floor":25,"turns":3},{"damage":15,"enemies":"Gremlin Leader","floor":28,"turns":5},{"damage":14,"enemies":"Slavers","floor":30,"turns":4},{"damage":0,"enemies":"3 Cultists","floor":31,"turns":3},{"damage":27,"enemies":"Champ","floor":33,"turns":8},{"damage":11,"enemies":"Orb Walker","floor":35,"turns":3},{"damage":23,"enemies":"Mind Bloom Boss Battle","floor":37,"turns":5},{"damage":23,"enemies":"2 Orb Walkers","floor":40,"turns":4},{"damage":35,"enemies":"3 Darklings","floor":41,"turns":3},{"damage":3,"enemies":"Giant Head","floor":44,"turns":6},{"damage":5,"enemies":"Reptomancer","floor":47,"turns":3},{"damage":0,"enemies":"Spire Growth","floor":48,"turns":2},{"damage":28,"enemies":"Donu and Deca","floor":50,"turns":5}],"seed_played":"-2023818557240737449","potions_obtained":[{"floor":3,"key":"LiquidBronze"},{"floor":10,"key":"FearPotion"},{"floor":13,"key":"Explosive Potion"},{"floor":14,"key":"EntropicBrew"},{"floor":16,"key":"Swift Potion"},{"floor":19,"key":"Energy Potion"},{"floor":24,"key":"Poison Potion"},{"floor":25,"key":"Explosive Potion"},{"floor":33,"key":"Dexterity Potion"}],"is_trial":false,"path_per_floor":["M","?","M","$","?","E","M","R","T","E","R","$","M","M","R","B",null,"M","M","M","?","M","R","E","?","T","$","E","R","E","M","R","B",null,"M","$","?","?","?","E","M","?","T","E","?","R","M","M","R","B"],"character_chosen":"DEFECT","items_purchased":["Heatsinks","Hello World","Mummified Hand","Apotheosis","Static Discharge"],"campfire_rested":1,"item_purchase_floors":[4,12,27,36,36],"current_hp_per_floor":[78,78,71,71,85,32,36,36,36,29,29,29,27,31,56,66,85,85,81,70,70,69,69,44,41,48,48,51,51,45,57,57,42,92,87,87,75,75,75,64,52,52,52,75,75,75,86,87,87,83],"gold":246,"neow_bonus":"BOSS_RELIC","is_prod":false,"is_daily":false,"chose_seed":false,"campfire_upgraded":6,"win_rate":0,"timestamp":1538472189,"path_taken":["M","?","M","$","?","E","M","R","T","E","R","?","M","M","R","BOSS","M","M","M","?","M","R","E","?","T","$","E","R","E","M","R","BOSS","M","$","?","?","?","E","M","?","T","E","?","R","M","M","R","BOSS"],"build_version":"2018-09-27","purchased_purges":2,"victory":true,"max_hp_per_floor":[85,85,85,85,85,85,85,85,85,85,85,85,85,85,85,85,85,85,85,85,85,85,85,85,85,92,92,92,92,92,92,92,92,92,92,92,92,87,87,87,87,87,87,87,87,87,87,87,87,87],"card_choices":[{"not_picked":["Cold Snap","Amplify"],"picked":"White Noise","floor":1},{"not_picked":["Double Energy","Chill"],"picked":"Turbo","floor":3},{"not_picked":["Barrage","Doom and Gloom"],"picked":"Storm","floor":6},{"not_picked":["Barrage","Sunder"],"picked":"Stack","floor":7},{"not_picked":["Beam Cell","Aggregate"],"picked":"White Noise","floor":10},{"not_picked":["Recycle","Hologram"],"picked":"Turbo","floor":13},{"not_picked":["Barrage","Leap"],"picked":"Fission","floor":14},{"not_picked":["All For One","Meteor Strike"],"picked":"Fission","floor":16},{"not_picked":["Beam Cell","Cold Snap"],"picked":"Melter","floor":18},{"not_picked":["Chaos+1","Cold Snap"],"picked":"Gash","floor":19},{"not_picked":["Leap","Stack"],"picked":"Biased Cognition","floor":20},{"not_picked":["Gash","Steam"],"picked":"Sunder","floor":22},{"not_picked":["Sweeping Beam","Rainbow"],"picked":"Core Surge","floor":24},{"not_picked":["Chaos","Hologram"],"picked":"Stack","floor":25},{"not_picked":["Meteor Strike","Cold Snap","Hologram+1"],"picked":"SKIP","floor":28},{"not_picked":["Streamline+1","Conserve Battery+1"],"picked":"Thunder Strike","floor":30},{"not_picked":["Beam Cell","Gash"],"picked":"Stack+1","floor":31},{"not_picked":["Seek","Core Surge"],"picked":"Creative AI","floor":33},{"not_picked":["Genetic Algorithm","Darkness","Leap"],"picked":"SKIP","floor":35},{"not_picked":["Genetic Algorithm+1","Turbo+1"],"picked":"Hello World+1","floor":37},{"not_picked":["Recycle+1","Go for the Eyes"],"picked":"Core Surge","floor":40},{"not_picked":["Melter","Turbo"],"picked":"Stack","floor":41},{"not_picked":["Blind","Dark Shackles"],"picked":"Transmutation","floor":42},{"not_picked":["Biased Cognition","Go for the Eyes+1"],"picked":"Creative AI","floor":44},{"not_picked":["Cold Snap","Barrage"],"picked":"Compile Driver+1","floor":47},{"not_picked":["Turbo","Double Energy"],"picked":"Defragment+1","floor":48}],"player_experience":41270,"relics_obtained":[{"floor":0,"key":"War Paint"},{"floor":0,"key":"Pear"},{"floor":0,"key":"Bird Faced Urn"},{"floor":6,"key":"Pen Nib"},{"floor":9,"key":"Mercury Hourglass"},{"floor":10,"key":"Juzu Bracelet"},{"floor":24,"key":"Bottled Lightning"},{"floor":25,"key":"Red Mask"},{"floor":26,"key":"Strawberry"},{"floor":28,"key":"Tiny Chest"},{"floor":30,"key":"Gremlin Horn"},{"floor":37,"key":"Girya"},{"floor":40,"key":"Orichalcum"},{"floor":43,"key":"Bronze Scales"},{"floor":44,"key":"Boot"}],"event_choices":[{"event_name":"Bonfire Elementals","player_choice":"CURSE","floor":2,"damage_taken":0},{"event_name":"Wheel of Change","player_choice":"Full Heal","floor":5,"damage_taken":0},{"event_name":"N\u0027loth","player_choice":"Traded a Spirit Poop","floor":21,"damage_taken":0},{"event_name":"Masked Bandits","player_choice":"Fought Bandits","floor":25,"damage_taken":0},{"event_name":"MindBloom","player_choice":"Fight","floor":37,"damage_taken":0},{"event_name":"Winding Halls","player_choice":"Max HP","floor":38,"damage_taken":0},{"event_name":"The Woman in Blue","player_choice":"Bought 3 Potions","floor":39,"damage_taken":0},{"event_name":"SensoryStone","player_choice":"Memory 1","floor":42,"damage_taken":0},{"event_name":"Golden Shrine","player_choice":"Pray","floor":45,"damage_taken":0}],"is_beta":false,"boss_relics":[{"not_picked":["Fusion Hammer","Ectoplasm"],"picked":"Coffee Dripper"},{"not_picked":["Inserter","Runic Pyramid"],"picked":"Sozu"}],"items_purged_floors":[4,12],"is_endless":false,"potions_floor_spawned":[3,10,13,14,16,19,24,25,33,40,41,47],"ascension_level":0}