{"gold_per_floor":[116,116,126,145,159,159,171,187,267,267,211,211,231,263,263,335,335,354,354,144,144,159,189,189,209,235,235,250,265,291,305,305,305],"floor_reached":33,"playtime":1066,"items_purged":["Strike_B"],"score":553,"play_id":"dc7c28cb-8604-423a-8bb0-f84c264cc426","local_time":"20190622035322","is_ascension_mode":true,"campfire_choices":[{"data":"Zap","floor":6,"key":"SMITH"},{"floor":10,"key":"REST"},{"data":"Loop","floor":12,"key":"SMITH"},{"floor":15,"key":"REST"},{"floor":24,"key":"REST"},{"floor":27,"key":"REST"},{"floor":32,"key":"REST"}],"neow_cost":"CURSE","seed_source_timestamp":754789929391700,"circlet_count":0,"master_deck":["AscendersBane","Strike_B","Strike_B","Strike_B","Defend_B","Defend_B","Defend_B+1","Defend_B","Zap+1","Dualcast","Loop+1","Leap","Ball Lightning","Sweeping Beam","Go for the Eyes","Compile Driver","Ball Lightning","Buffer","Rainbow","Turbo+1","Glacier","Coolheaded","Self Repair","White Noise","Auto Shields+1","Coolheaded","Hologram"],"relics":["Cracked Core","Incense Burner","Question Card","PreservedInsect","Nuclear Battery","Peace Pipe","War Paint","Bronze Scales"],"potions_floor_usage":[5,30,33,33],"damage_taken":[{"damage":6,"enemies":"Jaw Worm","floor":1,"turns":4},{"damage":0,"enemies":"2 Louse","floor":3,"turns":3},{"damage":6,"enemies":"Cultist","floor":4,"turns":4},{"damage":8,"enemies":"Large Slime","floor":5,"turns":5},{"damage":1,"enemies":"Looter","floor":7,"turns":3},{"damage":12,"enemies":"2 Fungi Beasts","floor":8,"turns":3},{"damage":8,"enemies":"3 Louse","floor":13,"turns":3},{"damage":25,"enemies":"3 Sentries","floor":14,"turns":5},{"damage":20,"enemies":"Hexaghost","floor":16,"turns":9},{"damage":5,"enemies":"Spheric Guardian","floor":18,"turns":5},{"damage":0,"enemies":"Chosen","floor":22,"turns":5},{"damage":44,"enemies":"Gremlin Leader","floor":23,"turns":6},{"damage":28,"enemies":"Shelled Parasite and Fungi","floor":25,"turns":8},{"damage":8,"enemies":"Snake Plant","floor":28,"turns":6},{"damage":0,"enemies":"Sentry and Sphere","floor":29,"turns":4},{"damage":23,"enemies":"Book of Stabbing","floor":30,"turns":5},{"damage":14,"enemies":"3 Cultists","floor":31,"turns":4},{"damage":48,"enemies":"Collector","floor":33,"turns":6}],"seed_played":"-3835518206267147296","potions_obtained":[{"floor":3,"key":"SteroidPotion"},{"floor":4,"key":"Weak Potion"},{"floor":18,"key":"Strength Potion"},{"floor":29,"key":"FocusPotion"},{"floor":30,"key":"AttackPotion"}],"is_trial":false,"path_per_floor":["M","?","M","M","M","R","M","M","T","R","?","R","M","E","R","B",null,"M","?","$","?","M","E","R","M","T","R","M","M","E","M","R","B"],"character_chosen":"DEFECT","items_purchased":["Coolheaded","Self Repair"],"campfire_rested":5,"item_purchase_floors":[20,20],"current_hp_per_floor":[58,51,51,45,37,37,36,24,24,45,45,45,37,12,33,13,57,52,52,52,45,52,15,36,15,15,36,35,42,26,19,40,0],"gold":305,"neow_bonus":"ONE_RARE_RELIC","is_prod":false,"is_daily":false,"chose_seed":false,"campfire_upgraded":2,"win_rate":0,"timestamp":1561168402,"path_taken":["M","?","M","M","M","R","M","M","T","R","?","R","M","E","R","BOSS","M","?","$","?","M","E","R","M","T","R","?","M","E","M","R","BOSS"],"build_version":"2019-06-21","purchased_purges":1,"victory":false,"max_hp_per_floor":[71,71,71,71,71,71,71,71,71,71,71,71,71,71,71,71,71,71,71,71,71,71,71,71,71,71,71,71,71,71,71,71,71],"card_choices":[{"not_picked":["Recycle","Leap"],"picked":"Loop","floor":1},{"not_picked":["Stack","Turbo"],"picked":"Leap","floor":3},{"not_picked":["Gash","Barrage"],"picked":"Ball Lightning","floor":4},{"not_picked":["Skim","Rip and Tear"],"picked":"Sweeping Beam","floor":5},{"not_picked":["Beam Cell","Rebound"],"picked":"Go for the Eyes","floor":7},{"not_picked":["Hologram","Leap"],"picked":"Compile Driver","floor":8},{"not_picked":["Steam","Hologram","Gash"],"picked":"Ball Lightning","floor":13},{"not_picked":["Sunder","Consume","Rebound"],"picked":"Buffer","floor":14},{"not_picked":["Thunder Strike","Buffer","Reboot"],"picked":"Rainbow","floor":16},{"not_picked":["Steam","Barrage","Skim"],"picked":"Turbo+1","floor":18},{"not_picked":["Redo","Ball Lightning","Rebound"],"picked":"White Noise","floor":22},{"not_picked":["Streamline","Chill+1","Turbo"],"picked":"Auto Shields","floor":23},{"not_picked":["Beam Cell+1","Self Repair","Glacier"],"picked":"Coolheaded","floor":25},{"not_picked":["Stack","Conserve Battery","Rip and Tear","Glacier"],"picked":"SKIP","floor":28},{"not_picked":["Conserve Battery","Leap","Consume"],"picked":"Hologram","floor":29},{"not_picked":["Heatsinks","Amplify","Redo","Loop"],"picked":"SKIP","floor":30},{"not_picked":["Fusion","Aggregate","Go for the Eyes","Coolheaded"],"picked":"SKIP","floor":31}],"player_experience":866612,"relics_obtained":[{"floor":9,"key":"Question Card"},{"floor":14,"key":"PreservedInsect"},{"floor":23,"key":"Peace Pipe"},{"floor":26,"key":"War Paint"},{"floor":30,"key":"Bronze Scales"}],"event_choices":[{"cards_removed":["Decay"],"damage_healed":0,"gold_gain":0,"player_choice":"Card Removal","damage_taken":7,"max_hp_gain":0,"max_hp_loss":0,"event_name":"Golden Wing","floor":2,"gold_loss":0},{"damage_healed":0,"gold_gain":0,"player_choice":"Left Gold","damage_taken":0,"max_hp_gain":0,"max_hp_loss":0,"event_name":"World of Goop","floor":11,"gold_loss":56},{"damage_healed":0,"gold_gain":0,"player_choice":"Read","damage_taken":0,"max_hp_gain":0,"max_hp_loss":0,"event_name":"The Library","floor":19,"gold_loss":0,"cards_obtained":["Glacier"]},{"damage_healed":0,"gold_gain":0,"player_choice":"","damage_taken":7,"max_hp_gain":0,"max_hp_loss":0,"event_name":"Knowing Skull","floor":21,"potions_obtained":[],"gold_loss":0,"cards_obtained":[]}],"is_beta":true,"boss_relics":[{"not_picked":["White Beast Statue","Philosopher\u0027s Stone"],"picked":"Nuclear Battery"}],"items_purged_floors":[20],"is_endless":false,"potions_floor_spawned":[3,4,18,28,29,30,31],"killed_by":"Collector","ascension_level":18}