{"gold_per_floor":[113,123,139,214,214,214,227,227,227,254,254,254,254,274,274,274],"floor_reached":16,"playtime":566,"items_purged":[],"score":195,"play_id":"46cdf05b-63ff-45d5-977b-fdae81adba88","local_time":"20190610124726","is_ascension_mode":true,"campfire_choices":[{"data":"Crippling Poison","floor":6,"key":"SMITH"},{"floor":8,"key":"REST"},{"floor":15,"key":"REST"}],"neow_cost":"NONE","seed_source_timestamp":627139051778500,"circlet_count":0,"master_deck":["AscendersBane","Strike_G","Strike_G","Strike_G","Strike_G","Strike_G","Defend_G","Defend_G","Defend_G","Defend_G","Defend_G","Survivor","Neutralize","Crippling Poison+1","Sucker Punch","Dagger Spray","Predator","Deflect","Slice"],"relics":["Ring of the Snake","Orichalcum","The Courier","Golden Idol","Gremlin Horn"],"potions_floor_usage":[7,16,16],"damage_taken":[{"damage":6,"enemies":"Jaw Worm","floor":1,"turns":6},{"damage":9,"enemies":"Small Slimes","floor":2,"turns":4},{"damage":4,"enemies":"2 Louse","floor":3,"turns":3},{"damage":7,"enemies":"Large Slime","floor":7,"turns":7},{"damage":36,"enemies":"Lagavulin","floor":10,"turns":8},{"damage":2,"enemies":"3 Louse","floor":14,"turns":3},{"damage":53,"enemies":"The Guardian","floor":16,"turns":12}],"seed_played":"-3499725766123309574","potions_obtained":[{"floor":1,"key":"Energy Potion"},{"floor":2,"key":"Fire Potion"},{"floor":14,"key":"Regen Potion"}],"is_trial":false,"path_per_floor":["M","M","M","?","?","R","M","R","T","E","?","?","T","M","R","B"],"character_chosen":"THE_SILENT","items_purchased":[],"campfire_rested":2,"item_purchase_floors":[],"current_hp_per_floor":[59,50,46,35,35,35,28,49,49,13,13,13,13,11,30,0],"gold":274,"neow_bonus":"TEN_PERCENT_HP_BONUS","is_prod":false,"is_daily":false,"chose_seed":false,"campfire_upgraded":1,"win_rate":0,"timestamp":1560163646,"path_taken":["M","M","M","?","?","R","M","R","T","E","?","?","?","M","R","BOSS"],"build_version":"2019-06-07","purchased_purges":0,"victory":false,"max_hp_per_floor":[72,72,72,72,72,72,72,72,72,72,65,65,65,65,65,65],"card_choices":[{"not_picked":["Backflip","Accuracy"],"picked":"Crippling Poison","floor":1},{"not_picked":["Bane","PiercingWail"],"picked":"Sucker Punch","floor":2},{"not_picked":["Bane","Acrobatics"],"picked":"Dagger Spray","floor":3},{"not_picked":["Dash","Deadly Poison"],"picked":"Predator","floor":7},{"not_picked":["Dagger Spray","Grand Finale"],"picked":"Deflect","floor":10},{"not_picked":["Bane","Prepared"],"picked":"Slice","floor":14}],"player_experience":810290,"relics_obtained":[{"floor":9,"key":"Orichalcum"},{"floor":10,"key":"The Courier"},{"floor":13,"key":"Gremlin Horn"}],"event_choices":[{"damage_healed":0,"gold_gain":75,"player_choice":"Gather Gold","damage_taken":11,"max_hp_gain":0,"max_hp_loss":0,"event_name":"World of Goop","floor":4,"gold_loss":0},{"damage_healed":0,"gold_gain":0,"player_choice":"Ignored","damage_taken":0,"max_hp_gain":0,"max_hp_loss":0,"event_name":"Liars Game","floor":5,"gold_loss":0},{"damage_healed":0,"gold_gain":0,"player_choice":"Lose Max HP","damage_taken":0,"relics_obtained":["Golden Idol"],"max_hp_gain":0,"max_hp_loss":7,"event_name":"Golden Idol","floor":11,"gold_loss":0},{"damage_healed":0,"gold_gain":0,"player_choice":"Ignored","damage_taken":0,"max_hp_gain":0,"max_hp_loss":0,"event_name":"Shining Light","floor":12,"gold_loss":0}],"is_beta":true,"boss_relics":[],"items_purged_floors":[],"is_endless":false,"potions_floor_spawned":[1,2,14],"killed_by":"The Guardian","ascension_level":19}