{"gold_per_floor":[116,134,134,144,160,188,188,188,266,266,266,281,311,311],"floor_reached":14,"playtime":334,"items_purged":[],"score":175,"play_id":"cadd6bd5-db71-476b-924b-d1ca5f3b39fa","local_time":"20190615170932","is_ascension_mode":true,"campfire_choices":[{"data":"1","floor":7.0,"key":"LIFT"},{"data":"2","floor":11.0,"key":"LIFT"}],"neow_cost":"NONE","seed_source_timestamp":198395286839500,"circlet_count":0,"master_deck":["AscendersBane","Strike_B","Strike_B","Strike_B","Strike_B","Defend_B","Defend_B","Defend_B","Defend_B","Zap","Dualcast","Gash","Compile Driver","Go for the Eyes","Rainbow","Parasite","Regret","Leap"],"special_seed":0,"relics":["Cracked Core","Anchor","Girya","Dream Catcher","Darkstone Periapt","Nunchaku","StoneCalendar"],"potions_floor_usage":[],"damage_taken":[{"damage":0.0,"enemies":"Small Slimes","floor":1.0,"turns":2.0},{"damage":0.0,"enemies":"Jaw Worm","floor":2.0,"turns":3.0},{"damage":1.0,"enemies":"Cultist","floor":4.0,"turns":3.0},{"damage":0.0,"enemies":"Blue Slaver","floor":5.0,"turns":3.0},{"damage":25.0,"enemies":"3 Sentries","floor":6.0,"turns":7.0},{"damage":6.0,"enemies":"Large Slime","floor":12.0,"turns":4.0},{"damage":27,"enemies":"Gremlin Nob","floor":13,"turns":4},{"damage":3,"enemies":"3 Louse","floor":14,"turns":1}],"seed_played":"-4781653654166975258","potions_obtained":[{"floor":6.0,"key":"Ancient Potion"},{"floor":13,"key":"SpeedPotion"}],"is_trial":false,"path_per_floor":["M","M","?","M","M","E","R","?","T","?","R","M","E","M"],"character_chosen":"DEFECT","items_purchased":[],"campfire_rested":0,"item_purchase_floors":[],"current_hp_per_floor":[64,64,38,37,37,12,12,29,29,35,35,29,2,0],"gold":311,"neow_bonus":"RANDOM_COMMON_RELIC","is_prod":false,"is_daily":false,"chose_seed":false,"campfire_upgraded":0,"win_rate":0,"timestamp":1560611372,"path_taken":["M","M","?","M","M","E","R","?","T","?","R","?","E","M"],"build_version":"2019-06-13","purchased_purges":0,"victory":false,"max_hp_per_floor":[71,71,71,71,71,71,71,71,71,77,77,77,77,77],"card_choices":[{"not_picked":["Stack","Undo"],"picked":"Gash","floor":1.0},{"not_picked":["Hologram","Stack"],"picked":"Compile Driver","floor":2.0},{"not_picked":["Stack","Force Field"],"picked":"Go for the Eyes","floor":4.0},{"not_picked":["Streamline","Storm","Redo"],"picked":"SKIP","floor":5.0},{"not_picked":["Leap","Rebound"],"picked":"Rainbow","floor":6.0},{"not_picked":["Aggregate","Hello World","Turbo"],"picked":"SKIP","floor":12.0},{"not_picked":["Fission","Gash"],"picked":"Leap","floor":13}],"player_experience":843895,"relics_obtained":[{"floor":6.0,"key":"Dream Catcher"},{"floor":9.0,"key":"Darkstone Periapt"},{"floor":13,"key":"StoneCalendar"}],"event_choices":[{"damage_healed":0.0,"max_hp_gain":0.0,"max_hp_loss":0.0,"gold_gain":0.0,"event_name":"Scrap Ooze","player_choice":"Success","floor":3.0,"gold_loss":0.0,"damage_taken":26.0,"relics_obtained":["Girya"]},{"damage_healed":17.0,"max_hp_gain":0.0,"max_hp_loss":0.0,"gold_gain":0.0,"event_name":"Mushrooms","player_choice":"Healed and dodged fight","floor":8.0,"gold_loss":0.0,"damage_taken":0.0,"cards_obtained":["Parasite"]},{"damage_healed":0.0,"max_hp_gain":0.0,"max_hp_loss":0.0,"gold_gain":0.0,"event_name":"Big Fish","player_choice":"Box","floor":10.0,"gold_loss":0.0,"damage_taken":0.0,"relics_obtained":["Nunchaku"],"cards_obtained":["Regret"]}],"is_beta":true,"boss_relics":[],"items_purged_floors":[],"is_endless":false,"potions_floor_spawned":[6,13],"killed_by":"3 Louse","ascension_level":15}