{"gold_per_floor":[20,20,76,151,76,76,101,101,101,128,128,171,187,202,202,293,293,269,282,282,298,298,298,342,342,368,401,20,20,20,39,39,137,137,153,278,302,302,174,174,64,80,131,171,196,216,241,0,0,0],"floor_reached":51,"playtime":2454,"items_purged":["Strike_G","Strike_G","Defend_G"],"score":1414,"play_id":"a3371fbd-107e-4b9c-b9c2-4dfd5a5871b3","local_time":"20190613191437","is_ascension_mode":true,"campfire_choices":[{"floor":6.0,"key":"REST"},{"data":"Finisher","floor":8.0,"key":"SMITH"},{"data":"Neutralize","floor":11.0,"key":"SMITH"},{"floor":15.0,"key":"REST"},{"floor":23.0,"key":"REST"},{"floor":25.0,"key":"REST"},{"floor":29.0,"key":"REST"},{"floor":32.0,"key":"REST"},{"data":"After Image","floor":40,"key":"SMITH"},{"data":"Footwork","floor":49,"key":"SMITH"}],"neow_cost":"NO_GOLD","seed_source_timestamp":0,"circlet_count":0,"master_deck":["AscendersBane","Defend_G","Defend_G","Survivor","Neutralize+1","Quick Slash","Finisher+1","Endless Agony","PiercingWail","Dagger Spray","After Image+1","Cloak And Dagger","Slice+1","Backflip","Cloak And Dagger","Infinite Blades","Skewer","Well Laid Plans","Adrenaline","Reflex+1","Phantasmal Killer+1","Wraith Form v2+1","Footwork+1","Noxious Fumes","Acrobatics","Backflip","Adrenaline","Leg Sweep+1"],"special_seed":0,"relics":["Ring of the Serpent","Pocketwatch","Golden Idol","Tiny Chest","Bottled Lightning","Happy Flower","Shuriken","Singing Bowl","Bag of Marbles","Smiling Mask","Oddly Smooth Stone","ClockworkSouvenir","Nilry\u0027s Codex","Astrolabe","Mango","Blood Vial","Art of War","Bronze Scales","Red Mask"],"potions_floor_usage":[50,50],"damage_taken":[{"damage":4.0,"enemies":"2 Louse","floor":1.0,"turns":3.0},{"damage":1.0,"enemies":"Jaw Worm","floor":7.0,"turns":4.0},{"damage":17.0,"enemies":"Lagavulin","floor":12.0,"turns":7.0},{"damage":0.0,"enemies":"Cultist","floor":13.0,"turns":2.0},{"damage":1.0,"enemies":"Exordium Thugs","floor":14.0,"turns":3.0},{"damage":29.0,"enemies":"Hexaghost","floor":16.0,"turns":8.0},{"damage":10.0,"enemies":"2 Thieves","floor":18.0,"turns":4.0},{"damage":15.0,"enemies":"3 Byrds","floor":19.0,"turns":5.0},{"damage":12.0,"enemies":"Shelled Parasite and Fungi","floor":21.0,"turns":5.0},{"damage":15.0,"enemies":"Gremlin Leader","floor":24.0,"turns":5.0},{"damage":26.0,"enemies":"Book of Stabbing","floor":27.0,"turns":7.0},{"damage":11.0,"enemies":"3 Cultists","floor":31.0,"turns":4.0},{"damage":39.0,"enemies":"Champ","floor":33.0,"turns":11.0},{"damage":4,"enemies":"3 Shapes","floor":35,"turns":3},{"damage":0,"enemies":"Mind Bloom Boss Battle","floor":36,"turns":6},{"damage":11,"enemies":"Orb Walker","floor":37,"turns":4},{"damage":0,"enemies":"Transient","floor":42,"turns":6},{"damage":6,"enemies":"Giant Head","floor":44,"turns":8},{"damage":2,"enemies":"3 Darklings","floor":46,"turns":5},{"damage":1,"enemies":"Sphere and 2 Shapes","floor":47,"turns":5},{"damage":24,"enemies":"Donu and Deca","floor":50,"turns":12}],"seed_played":"-1484127471321015776","potions_obtained":[{"floor":7.0,"key":"FairyPotion"},{"floor":13.0,"key":"Poison Potion"},{"floor":14.0,"key":"Weak Potion"},{"floor":18.0,"key":"FearPotion"},{"floor":31.0,"key":"Explosive Potion"},{"floor":37,"key":"Ancient Potion"}],"is_trial":false,"path_per_floor":["M","?","T","?","$","R","M","R","T","T","R","E","M","M","R","B",null,"M","M","?","M","T","R","E","R","T","E","$","R","?","M","R","B",null,"M","?","M","?","$","R","?","M","T","E","T","M","M","?","R","B",null],"character_chosen":"THE_SILENT","items_purchased":["ClockworkSouvenir","Infinite Blades","Skewer","Acrobatics","Backflip"],"campfire_rested":6,"item_purchase_floors":[28,28,28,39,39],"current_hp_per_floor":[55,32,32,21,21,40,39,39,39,39,39,22,22,21,40,11,52,42,27,27,15,15,34,21,41,41,15,15,35,14,3,23,6,53,49,63,54,56,56,56,56,58,58,54,54,56,57,57,57,35],"gold":0,"neow_bonus":"ONE_RARE_RELIC","is_prod":false,"is_daily":false,"chose_seed":false,"campfire_upgraded":4,"win_rate":0,"timestamp":1560446077,"path_taken":["M","?","?","?","$","R","M","R","T","?","R","E","M","?","R","BOSS","M","M","?","?","?","R","E","R","T","E","?","R","?","M","R","BOSS","M","?","M","?","$","R","?","?","T","E","?","M","M","?","R","BOSS"],"build_version":"2019-06-12","purchased_purges":3,"victory":true,"max_hp_per_floor":[66,66,66,66,66,66,66,66,66,66,66,66,66,66,66,66,66,66,66,66,66,66,66,68,68,68,68,68,68,68,68,68,68,68,68,82,84,86,86,86,86,88,88,88,88,90,90,90,90,90],"card_choices":[{"not_picked":["Dagger Spray","Flying Knee"],"picked":"Quick Slash","floor":1.0},{"not_picked":["Calculated Gamble","Flying Knee"],"picked":"Finisher","floor":7.0},{"not_picked":["Deflect","Prepared"],"picked":"Endless Agony","floor":12.0},{"not_picked":["Dagger Spray","Setup"],"picked":"PiercingWail","floor":13.0},{"not_picked":["Dagger Throw","Dash"],"picked":"Dagger Spray","floor":14.0},{"not_picked":["Wraith Form v2","Glass Knife"],"picked":"After Image","floor":16.0},{"not_picked":["Leg Sweep","Dodge and Roll"],"picked":"Cloak And Dagger","floor":18.0},{"not_picked":["Outmaneuver","Deadly Poison"],"picked":"Slice","floor":19.0},{"not_picked":["Sucker Punch","Catalyst"],"picked":"Backflip","floor":21.0},{"not_picked":["Bane","Burst","Quick Slash"],"picked":"Singing Bowl","floor":24.0},{"not_picked":["Underhanded Strike","Prepared"],"picked":"Cloak And Dagger","floor":27.0},{"not_picked":["Riddle With Holes","Flechettes"],"picked":"Well Laid Plans","floor":31.0},{"not_picked":["Glass Knife","Tools of the Trade"],"picked":"Adrenaline","floor":33.0},{"not_picked":["Concentrate","Deflect"],"picked":"Footwork","floor":35},{"not_picked":["Cloak And Dagger","Underhanded Strike"],"picked":"Noxious Fumes","floor":36},{"not_picked":["Bane","Sucker Punch","Bouncing Flask+1"],"picked":"Singing Bowl","floor":37},{"not_picked":["Good Instincts","Flash of Steel","Madness"],"picked":"Singing Bowl","floor":38},{"not_picked":["Quick Slash","Prepared","Caltrops"],"picked":"Singing Bowl","floor":42},{"not_picked":["PiercingWail","Crippling Poison"],"picked":"Adrenaline","floor":44},{"not_picked":["Accuracy","Bouncing Flask","Underhanded Strike+1"],"picked":"Singing Bowl","floor":46},{"not_picked":["Endless Agony","Cloak And Dagger"],"picked":"Leg Sweep+1","floor":47}],"player_experience":821118,"relics_obtained":[{"floor":3.0,"key":"Tiny Chest"},{"floor":9.0,"key":"Bottled Lightning"},{"floor":10.0,"key":"Happy Flower"},{"floor":12.0,"key":"Shuriken"},{"floor":22.0,"key":"Singing Bowl"},{"floor":24.0,"key":"Bag of Marbles"},{"floor":26.0,"key":"Smiling Mask"},{"floor":27.0,"key":"Oddly Smooth Stone"},{"floor":30.0,"key":"Nilry\u0027s Codex"},{"floor":36,"key":"Mango"},{"floor":43,"key":"Blood Vial"},{"floor":44,"key":"Art of War"},{"floor":45,"key":"Bronze Scales"}],"event_choices":[{"damage_healed":0.0,"max_hp_gain":0.0,"max_hp_loss":0.0,"gold_gain":0.0,"event_name":"Golden Idol","player_choice":"Take Damage","floor":2.0,"gold_loss":0.0,"damage_taken":23.0,"relics_obtained":["Golden Idol"]},{"damage_healed":0.0,"max_hp_gain":0.0,"max_hp_loss":0.0,"gold_gain":75.0,"event_name":"World of Goop","player_choice":"Gather Gold","floor":4.0,"gold_loss":0.0,"damage_taken":11.0},{"cards_removed":["Strike_G"],"damage_healed":0.0,"max_hp_gain":0.0,"max_hp_loss":0.0,"gold_gain":0.0,"event_name":"Purifier","player_choice":"Purged","floor":20.0,"gold_loss":0.0,"damage_taken":0.0},{"damage_healed":0.0,"max_hp_gain":0.0,"max_hp_loss":0.0,"gold_gain":0.0,"event_name":"Cursed Tome","player_choice":"Obtained Book","floor":30.0,"gold_loss":0.0,"damage_taken":21.0},{"damage_healed":0,"gold_gain":0,"player_choice":"Fight","damage_taken":0,"max_hp_gain":0,"max_hp_loss":0,"event_name":"MindBloom","floor":36,"gold_loss":0},{"damage_healed":0,"gold_gain":0,"player_choice":"Memory 1","damage_taken":0,"max_hp_gain":0,"max_hp_loss":0,"event_name":"SensoryStone","floor":38,"gold_loss":0},{"cards_removed":["Defend_G"],"damage_healed":0,"gold_gain":0,"player_choice":"Upgrade and Remove","damage_taken":0,"max_hp_gain":0,"max_hp_loss":0,"event_name":"Designer","floor":41,"gold_loss":110,"cards_upgraded":["Slice"]},{"damage_healed":0,"gold_gain":0,"player_choice":"Paid","damage_taken":0,"relics_obtained":["Red Mask"],"max_hp_gain":0,"max_hp_loss":0,"event_name":"Tomb of Lord Red Mask","floor":48,"gold_loss":241}],"is_beta":true,"boss_relics":[{"not_picked":["Runic Dome","Empty Cage"],"picked":"Ring of the Serpent"},{"not_picked":["Tiny House","Lizard Tail"],"picked":"Astrolabe"}],"items_purged_floors":[5,28,39],"is_endless":false,"potions_floor_spawned":[7,13,14,18,21,31,37,42,44],"ascension_level":19}