{"gold_per_floor":[112,123,123,146,111,111,147,147,147,147,162,176,176],"floor_reached":13,"playtime":372,"items_purged":[],"score":166,"play_id":"099a33dd-6539-4fd9-ade6-75da92a1811c","local_time":"20190612195426","is_ascension_mode":true,"campfire_choices":[{"data":"Neutralize","floor":6.0,"key":"SMITH"},{"floor":8,"key":"REST"},{"data":"Well Laid Plans","floor":10,"key":"SMITH"}],"neow_cost":"TEN_PERCENT_HP_LOSS","seed_source_timestamp":162083746872200,"circlet_count":0,"master_deck":["AscendersBane","Strike_G","Strike_G","Strike_G","Strike_G","Strike_G","Defend_G","Defend_G","Defend_G","Defend_G","Defend_G","Survivor","Neutralize+1","Slice","Quick Slash","Deadly Poison","Well Laid Plans+1","PiercingWail+1","Die Die Die"],"special_seed":0,"relics":["Ring of the Snake","The Specimen","Golden Idol","Omamori","Toxic Egg 2"],"potions_floor_usage":[7,7],"damage_taken":[{"damage":10.0,"enemies":"Jaw Worm","floor":1.0,"turns":7.0},{"damage":2.0,"enemies":"2 Louse","floor":2.0,"turns":3.0},{"damage":1.0,"enemies":"Small Slimes","floor":4.0,"turns":4.0},{"damage":31,"enemies":"Lagavulin","floor":7,"turns":7},{"damage":29,"enemies":"Gremlin Gang","floor":11,"turns":6},{"damage":1,"enemies":"3 Louse","floor":12,"turns":5},{"damage":10,"enemies":"3 Sentries","floor":13,"turns":2}],"seed_played":"-5690361043273081369","potions_obtained":[{"floor":2.0,"key":"Block Potion"},{"floor":7,"key":"Fruit Juice"}],"is_trial":false,"path_per_floor":["M","M","?","M","?","R","E","R","T","R","M","M","E"],"character_chosen":"THE_SILENT","items_purchased":[],"campfire_rested":1,"item_purchase_floors":[],"current_hp_per_floor":[49,47,26,25,40,40,14,33,33,33,4,3,0],"gold":176,"neow_bonus":"ONE_RARE_RELIC","is_prod":false,"is_daily":false,"chose_seed":false,"campfire_upgraded":2,"win_rate":0,"timestamp":1560362066,"path_taken":["M","M","?","M","?","R","E","R","T","R","M","M","E"],"build_version":"2019-06-11","purchased_purges":0,"victory":false,"max_hp_per_floor":[60,60,60,60,60,60,65,65,65,65,65,65,65],"card_choices":[{"not_picked":["Poisoned Stab","Backflip"],"picked":"Slice","floor":1.0},{"not_picked":["Distraction","Infinite Blades"],"picked":"Quick Slash","floor":2.0},{"not_picked":["Expertise","Distraction"],"picked":"Deadly Poison","floor":4.0},{"not_picked":["Flying Knee","Catalyst"],"picked":"Well Laid Plans","floor":7},{"not_picked":["Predator","Heel Hook"],"picked":"PiercingWail+1","floor":11},{"not_picked":["Finisher","Dagger Throw"],"picked":"Die Die Die","floor":12}],"player_experience":812459,"relics_obtained":[{"floor":7,"key":"Omamori"},{"floor":9,"key":"Toxic Egg 2"}],"event_choices":[{"damage_healed":0.0,"max_hp_gain":0.0,"max_hp_loss":0.0,"gold_gain":0.0,"event_name":"Golden Idol","player_choice":"Take Damage","floor":3.0,"gold_loss":0.0,"damage_taken":21.0,"relics_obtained":["Golden Idol"]},{"damage_healed":15.0,"max_hp_gain":0.0,"max_hp_loss":0.0,"gold_gain":0.0,"event_name":"The Cleric","player_choice":"Healed","floor":5.0,"gold_loss":35.0,"damage_taken":0.0}],"is_beta":true,"boss_relics":[],"items_purged_floors":[],"is_endless":false,"potions_floor_spawned":[2,7],"killed_by":"3 Sentries","ascension_level":19}