{"gold_per_floor":[11,27,27,102,117,144,144,169,169,169,169,188,219,239,239,336,336,346,363,21,40,57,90,90,121,174,174,191,208,208,228,228,327,327,346,363,5,58,68,97,97,131,156,156,156,4,14,24,24,24],"floor_reached":51,"playtime":5848,"items_purged":[],"score":913,"play_id":"80576750-67c2-4f57-ab3a-015ccc60f674","local_time":"20190520004606","is_ascension_mode":true,"campfire_choices":[{"data":"1","floor":7,"key":"LIFT"},{"data":"2","floor":10,"key":"LIFT"},{"data":"3","floor":15,"key":"LIFT"},{"floor":24,"key":"REST"},{"data":"Well Laid Plans","floor":27,"key":"SMITH"},{"floor":30,"key":"REST"},{"data":"Infinite Blades","floor":32,"key":"SMITH"},{"floor":41,"key":"REST"},{"floor":44,"key":"REST"},{"floor":49,"key":"REST"}],"neow_cost":"NO_GOLD","seed_source_timestamp":53675815867477,"circlet_count":0,"master_deck":["Defend_G","Defend_G","Defend_G","Defend_G","Defend_G","Strike_G","Strike_G","Strike_G","Survivor","Neutralize","Cloak And Dagger","Well Laid Plans+1","Escape Plan","Infinite Blades+1","Backflip","Burst","Endless Agony","Cloak And Dagger","Flying Knee","Quick Slash","Night Terror","Expertise+1","Dagger Spray","Footwork","Dodge and Roll","Dagger Throw","Burst","Finisher","Choke","PiercingWail+1","Predator","Die Die Die","Slice","Backstab","Cloak And Dagger","Dagger Spray+1","Underhanded Strike","Footwork","Riddle With Holes","Parasite","Noxious Fumes","Acrobatics"],"relics":["Ring of the Snake","Girya","Darkstone Periapt","Dodecahedron","Ornamental Fan","Snake Skull","Black Star","Kunai","Ninja Scroll","Calipers","Bag of Marbles","Singing Bowl","Boot","HoveringKite","Gambling Chip","Pocketwatch","Ancient Tea Set","Strawberry","Pen Nib","Vajra"],"potions_floor_usage":[8,16,16,25,25,28,33,33,36,39,47,50,50],"damage_taken":[{"damage":0,"enemies":"Cultist","floor":1,"turns":5},{"damage":4,"enemies":"Small Slimes","floor":2,"turns":5},{"damage":0,"enemies":"2 Louse","floor":5,"turns":3},{"damage":20,"enemies":"3 Sentries","floor":6,"turns":14},{"damage":4,"enemies":"Lagavulin","floor":8,"turns":9},{"damage":4,"enemies":"Gremlin Gang","floor":12,"turns":5},{"damage":1,"enemies":"3 Sentries","floor":13,"turns":7},{"damage":0,"enemies":"Blue Slaver","floor":14,"turns":2},{"damage":1,"enemies":"Slime Boss","floor":16,"turns":10},{"damage":0,"enemies":"Chosen","floor":18,"turns":4},{"damage":0,"enemies":"Shell Parasite","floor":19,"turns":5},{"damage":5,"enemies":"Snake Plant","floor":21,"turns":5},{"damage":0,"enemies":"3 Cultists","floor":22,"turns":5},{"damage":33,"enemies":"Slavers","floor":23,"turns":7},{"damage":16,"enemies":"Book of Stabbing","floor":25,"turns":6},{"damage":0,"enemies":"Snecko","floor":28,"turns":1},{"damage":10,"enemies":"Centurion and Healer","floor":29,"turns":5},{"damage":6,"enemies":"Sentry and Sphere","floor":31,"turns":5},{"damage":41,"enemies":"Collector","floor":33,"turns":12},{"damage":0,"enemies":"Orb Walker","floor":35,"turns":2},{"damage":8,"enemies":"3 Darklings","floor":36,"turns":4},{"damage":13,"enemies":"2 Orb Walkers","floor":38,"turns":5},{"damage":24,"enemies":"Maw","floor":39,"turns":8},{"damage":25,"enemies":"Reptomancer","floor":40,"turns":7},{"damage":12,"enemies":"Nemesis","floor":42,"turns":3},{"damage":0,"enemies":"Writhing Mass","floor":47,"turns":5},{"damage":1,"enemies":"Sphere and 2 Shapes","floor":48,"turns":7},{"damage":70,"enemies":"Time Eater","floor":50,"turns":13}],"seed_played":"-6236982650777476954","potions_obtained":[{"floor":6,"key":"Swift Potion"},{"floor":8,"key":"Weak Potion"},{"floor":14,"key":"Poison Potion"},{"floor":16,"key":"SteroidPotion"},{"floor":21,"key":"EssenceOfSteel"},{"floor":23,"key":"GamblersBrew"},{"floor":25,"key":"Regen Potion"},{"floor":28,"key":"Ancient Potion"},{"floor":31,"key":"Dexterity Potion"},{"floor":33,"key":"PowerPotion"},{"floor":38,"key":"Regen Potion"},{"floor":42,"key":"Block Potion"},{"floor":48,"key":"EssenceOfSteel"}],"is_trial":false,"path_per_floor":["M","M","$","?","M","E","R","E","T","R","?","M","E","M","R","B",null,"M","M","$","M","M","E","R","E","T","R","M","M","R","M","R","B",null,"M","M","$","?","M","E","R","E","T","R","?","$","M","M","R","B",null],"character_chosen":"THE_SILENT","items_purchased":["Kunai","Footwork","Gambling Chip","Backstab","Footwork","Riddle With Holes"],"campfire_rested":5,"item_purchase_floors":[20,20,37,37,46,46],"current_hp_per_floor":[70,66,66,55,55,35,35,31,31,31,31,27,26,26,26,25,70,70,70,70,65,65,32,53,37,37,37,37,27,48,42,42,16,70,70,64,64,51,42,26,50,38,38,62,62,62,68,67,87,17],"gold":24,"neow_bonus":"TRANSFORM_TWO_CARDS","is_prod":false,"is_daily":false,"chose_seed":false,"campfire_upgraded":2,"win_rate":0,"timestamp":1558334766,"path_taken":["M","M","?","?","M","E","R","E","T","R","?","M","E","M","R","BOSS","M","M","$","M","M","E","R","E","T","R","?","M","R","M","R","BOSS","M","M","$","?","M","E","R","E","T","R","?","$","M","M","R","BOSS"],"build_version":"2019-01-23","purchased_purges":0,"victory":true,"max_hp_per_floor":[70,70,70,70,70,70,70,70,70,70,70,70,70,70,70,70,70,70,70,70,70,70,70,70,70,70,70,70,70,70,70,70,70,70,70,72,72,72,72,81,81,81,81,81,81,81,87,87,87,87],"card_choices":[{"not_picked":["Acrobatics","Backflip"],"picked":"Escape Plan","floor":1},{"not_picked":["Backflip","Endless Agony"],"picked":"Infinite Blades","floor":2},{"not_picked":["Slice","Sucker Punch"],"picked":"Backflip","floor":5},{"not_picked":["Tactician","Escape Plan"],"picked":"Burst","floor":6},{"not_picked":["Masterful Stab","Deflect"],"picked":"Endless Agony","floor":8},{"not_picked":["Dagger Throw","Calculated Gamble"],"picked":"Cloak And Dagger","floor":12},{"not_picked":["Underhanded Strike","Skewer"],"picked":"Flying Knee","floor":13},{"not_picked":["Deflect","Distraction"],"picked":"Quick Slash","floor":14},{"not_picked":["Unload","Wraith Form v2"],"picked":"Night Terror","floor":16},{"not_picked":["Deadly Poison","Underhanded Strike"],"picked":"Expertise+1","floor":18},{"not_picked":["Underhanded Strike","Expertise"],"picked":"Dagger Spray","floor":19},{"not_picked":["Caltrops","Eviscerate"],"picked":"Dodge and Roll","floor":21},{"not_picked":["Prepared","Poisoned Stab"],"picked":"Dagger Throw","floor":22},{"not_picked":["Prepared","All Out Attack+1"],"picked":"Burst","floor":23},{"not_picked":["Terror","Masterful Stab"],"picked":"Finisher","floor":25},{"not_picked":["Acrobatics+1","Dagger Throw+1"],"picked":"Choke","floor":28},{"not_picked":["Backflip","Quick Slash"],"picked":"PiercingWail+1","floor":29},{"not_picked":["Deadly Poison","Deflect"],"picked":"Predator","floor":31},{"not_picked":["Bullet Time","Phantasmal Killer"],"picked":"Die Die Die","floor":33},{"not_picked":["Deflect+1","Outmaneuver"],"picked":"Slice","floor":35},{"not_picked":["Outmaneuver+1","Deadly Poison+1","Sucker Punch+1"],"picked":"Singing Bowl","floor":36},{"not_picked":["Concentrate+1","Poisoned Stab"],"picked":"Cloak And Dagger","floor":38},{"not_picked":["PiercingWail","Dodge and Roll+1"],"picked":"Dagger Spray+1","floor":39},{"not_picked":["Slice+1","Eviscerate","Poisoned Stab+1"],"picked":"Singing Bowl","floor":40},{"not_picked":["Wraith Form v2","Outmaneuver+1"],"picked":"Underhanded Strike","floor":42},{"not_picked":["Backstab+1","Deadly Poison+1"],"picked":"Noxious Fumes","floor":47},{"not_picked":["Slice+1","Deflect"],"picked":"Acrobatics","floor":48}],"player_experience":222025,"relics_obtained":[{"floor":6,"key":"Girya"},{"floor":8,"key":"Darkstone Periapt"},{"floor":9,"key":"Dodecahedron"},{"floor":11,"key":"Ornamental Fan"},{"floor":13,"key":"Snake Skull"},{"floor":23,"key":"Ninja Scroll"},{"floor":23,"key":"Calipers"},{"floor":25,"key":"Bag of Marbles"},{"floor":25,"key":"Singing Bowl"},{"floor":26,"key":"Boot"},{"floor":38,"key":"Pocketwatch"},{"floor":40,"key":"Ancient Tea Set"},{"floor":40,"key":"Strawberry"},{"floor":42,"key":"Pen Nib"},{"floor":43,"key":"Vajra"}],"event_choices":[{"damage_healed":0,"gold_gain":75,"player_choice":"Gather Gold","damage_taken":11,"max_hp_gain":0,"max_hp_loss":0,"event_name":"World of Goop","floor":4,"gold_loss":0},{"damage_healed":0,"gold_gain":0,"player_choice":"Relic","damage_taken":0,"max_hp_gain":0,"max_hp_loss":0,"event_name":"Wheel of Change","floor":11,"gold_loss":0},{"damage_healed":0,"gold_gain":0,"player_choice":"Fight","damage_taken":0,"max_hp_gain":0,"max_hp_loss":0,"event_name":"Mysterious Sphere","floor":38,"gold_loss":0},{"damage_healed":0,"gold_gain":0,"player_choice":"Ignored","damage_taken":0,"max_hp_gain":0,"max_hp_loss":0,"event_name":"SecretPortal","floor":45,"gold_loss":0}],"is_beta":false,"boss_relics":[{"not_picked":["Snecko Eye","Astrolabe"],"picked":"Black Star"},{"not_picked":["Lizard Tail","Runic Pyramid"],"picked":"HoveringKite"}],"items_purged_floors":[],"is_endless":false,"potions_floor_spawned":[6,8,14,16,21,23,25,28,31,33,38,42,48],"ascension_level":4}