{"gold_per_floor":[114,114,129,129,144,144,174,174,174,204,224,239,254,269,269,369,369,384,83,98,113,61,91,91,421,421,436,451,466,496,511,511,511],"floor_reached":33,"playtime":1856,"items_purged":[],"score":471,"play_id":"20604837-4f3b-41aa-84e9-02a8ed609f85","local_time":"20181115222332","daily_mods":["Insanity","Red Cards","Lethality"],"is_ascension_mode":false,"campfire_choices":[{"data":"Dagger Spray","floor":6,"key":"SMITH"},{"data":"Sword Boomerang","floor":8,"key":"SMITH"},{"data":"Dagger Spray","floor":15,"key":"SMITH"},{"floor":24,"key":"REST"},{"floor":32,"key":"REST"}],"neow_cost":"","seed_source_timestamp":0,"circlet_count":0,"master_deck":["Masterful Stab","Flex","Poisoned Stab","Deflect","Dagger Spray+1","Battle Trance","Slice","Cleave","Clothesline","Anger","Combust","Anger","Dodge and Roll","Searing Blow","Perfected Strike","Flex","Warcry","Dodge and Roll","Wild Strike","Corruption+1","Perfected Strike","Acrobatics","Poisoned Stab","Dagger Throw","Quick Slash","Bane","Expertise","Sucker Punch","Sword Boomerang+1","Deadly Poison","Twin Strike","Clash","Tactician","Skewer","Sword Boomerang","Armaments","Disarm","Bane","Second Wind","Cloak And Dagger","Cleave","Body Slam","Havoc","Sucker Punch","Calculated Gamble","Iron Wave","Finisher","Escape Plan","Twin Strike","Backflip","Slice","Dagger Spray+1","Perfected Strike","Wraith Form v2","Reaper+1","Underhanded Strike+1","Cleave+1","Dagger Spray+1","Dagger Throw+1","Adrenaline","All Out Attack+1","Sword Boomerang+1","Clash+1","Immolate+1","Clash+1","Perfected Strike+1","Storm of Steel","Slice+1","Flex","Heavy Blade+1","Footwork+1","Offering","Clash+1","Twin Strike+1","Sword Boomerang+1"],"special_seed":17851,"relics":["Ring of the Snake","Bag of Marbles","Potion Belt","Molten Egg 2","Odd Mushroom","Runic Pyramid","Kunai","Prayer Wheel","Old Coin","Mercury Hourglass","Ninja Scroll"],"potions_floor_usage":[16,16,20,23,25,27,33],"damage_taken":[{"damage":0,"enemies":"2 Louse","floor":1,"turns":1},{"damage":0,"enemies":"Cultist","floor":3,"turns":2},{"damage":2,"enemies":"Small Slimes","floor":5,"turns":2},{"damage":15,"enemies":"Lagavulin","floor":7,"turns":4},{"damage":0,"enemies":"Gremlin Nob","floor":10,"turns":2},{"damage":4,"enemies":"The Mushroom Lair","floor":11,"turns":3},{"damage":0,"enemies":"2 Fungi Beasts","floor":12,"turns":1},{"damage":0,"enemies":"Blue Slaver","floor":13,"turns":1},{"damage":0,"enemies":"Looter","floor":14,"turns":1},{"damage":57,"enemies":"The Guardian","floor":16,"turns":8},{"damage":0,"enemies":"Shell Parasite","floor":18,"turns":1},{"damage":0,"enemies":"2 Thieves","floor":20,"turns":1},{"damage":0,"enemies":"Centurion and Healer","floor":21,"turns":1},{"damage":52,"enemies":"Book of Stabbing","floor":23,"turns":4},{"damage":1,"enemies":"Slavers","floor":25,"turns":3},{"damage":0,"enemies":"Shelled Parasite and Fungi","floor":27,"turns":1},{"damage":4,"enemies":"Snecko","floor":28,"turns":3},{"damage":30,"enemies":"Snake Plant","floor":29,"turns":2},{"damage":14,"enemies":"Gremlin Leader","floor":30,"turns":3},{"damage":0,"enemies":"Cultist and Chosen","floor":31,"turns":2},{"damage":42,"enemies":"Collector","floor":33,"turns":3}],"seed_played":"6904533978699419916","potions_obtained":[{"floor":1,"key":"GamblersBrew"},{"floor":5,"key":"LiquidBronze"},{"floor":11,"key":"Regen Potion"},{"floor":14,"key":"Block Potion"},{"floor":21,"key":"Fruit Juice"},{"floor":25,"key":"PowerPotion"},{"floor":29,"key":"Ancient Potion"},{"floor":30,"key":"Dexterity Potion"}],"is_trial":false,"path_per_floor":["M","?","M","?","M","R","E","R","T","E","?","M","M","M","R","B",null,"M","$","M","M","$","E","R","E","T","M","M","M","E","M","R","B"],"character_chosen":"THE_SILENT","items_purchased":["Sword Boomerang+1","Kunai","Clash+1"],"campfire_rested":2,"item_purchase_floors":[19,19,22],"current_hp_per_floor":[70,70,70,70,68,68,53,53,53,53,56,56,56,56,56,4,70,70,70,70,70,70,23,45,44,44,44,48,18,4,4,26,0],"gold":511,"neow_bonus":"","is_prod":false,"is_daily":true,"chose_seed":false,"campfire_upgraded":3,"win_rate":0,"timestamp":1542345812,"path_taken":["M","?","M","?","?","R","E","R","T","E","?","M","M","M","R","BOSS","M","$","M","M","$","E","R","E","T","M","M","M","E","M","R","BOSS"],"build_version":"2018-11-15","purchased_purges":0,"victory":false,"max_hp_per_floor":[70,70,70,70,70,70,70,70,70,70,70,70,70,70,70,70,70,70,70,70,70,70,75,75,75,75,75,75,75,75,75,75,75],"card_choices":[{"not_picked":["Heavy Blade","Warcry"],"picked":"Slice","floor":1},{"not_picked":["PiercingWail","Deadly Poison"],"picked":"Dagger Spray","floor":3},{"not_picked":["Corruption","Wild Strike"],"picked":"Perfected Strike","floor":5},{"not_picked":["Choke","Clothesline"],"picked":"Wraith Form v2","floor":7},{"not_picked":["Crippling Poison","Outmaneuver"],"picked":"Reaper","floor":10},{"not_picked":["Backflip","Crippling Poison"],"picked":"Underhanded Strike+1","floor":11},{"not_picked":["Carnage+1","Tactician"],"picked":"Cleave+1","floor":12},{"not_picked":["Fire Breathing","Iron Wave+1"],"picked":"Dagger Spray+1","floor":13},{"not_picked":["Distraction","Limit Break"],"picked":"Dagger Throw+1","floor":14},{"not_picked":["Offering","Barricade"],"picked":"Adrenaline","floor":16},{"not_picked":["Bane+1","Dagger Throw+1"],"picked":"All Out Attack+1","floor":18},{"not_picked":["Heel Hook+1","Deadly Poison+1"],"picked":"Clash+1","floor":20},{"not_picked":["Poisoned Stab+1","Dropkick+1"],"picked":"Immolate+1","floor":21},{"not_picked":["Clothesline+1","Bloodletting"],"picked":"Perfected Strike+1","floor":23},{"not_picked":["Sword Boomerang+1","Dark Embrace"],"picked":"Storm of Steel","floor":25},{"not_picked":["All Out Attack+1","Setup"],"picked":"Slice+1","floor":27},{"not_picked":["Cleave+1","Backflip"],"picked":"Flex","floor":27},{"not_picked":["Corruption","Headbutt+1"],"picked":"Heavy Blade+1","floor":28},{"not_picked":["Setup+1","Poisoned Stab+1","Inflame"],"picked":"SKIP","floor":28},{"not_picked":["Distraction","Havoc"],"picked":"Footwork+1","floor":29},{"not_picked":["Sucker Punch+1","Armaments"],"picked":"Offering","floor":29},{"not_picked":["Backflip+1","Clothesline+1"],"picked":"Clash+1","floor":30},{"not_picked":["Second Wind","Armaments"],"picked":"Twin Strike+1","floor":31},{"not_picked":["Clash+1","Evolve"],"picked":"Sword Boomerang+1","floor":31}],"player_experience":141968,"relics_obtained":[{"floor":7,"key":"Bag of Marbles"},{"floor":9,"key":"Potion Belt"},{"floor":10,"key":"Molten Egg 2"},{"floor":11,"key":"Odd Mushroom"},{"floor":23,"key":"Prayer Wheel"},{"floor":25,"key":"Old Coin"},{"floor":26,"key":"Mercury Hourglass"},{"floor":30,"key":"Ninja Scroll"}],"event_choices":[{"damage_healed":0,"gold_gain":0,"player_choice":"Grow","damage_taken":0,"max_hp_gain":0,"max_hp_loss":0,"event_name":"Living Wall","floor":2,"gold_loss":0,"cards_upgraded":["Corruption"]},{"damage_healed":0,"gold_gain":0,"player_choice":"Bought 0 Potions","damage_taken":0,"max_hp_gain":0,"max_hp_loss":0,"event_name":"The Woman in Blue","floor":4,"gold_loss":0},{"damage_healed":0,"gold_gain":0,"player_choice":"Fought Mushrooms","damage_taken":0,"max_hp_gain":0,"max_hp_loss":0,"event_name":"Mushrooms","floor":11,"gold_loss":0}],"is_beta":false,"boss_relics":[{"not_picked":["Empty Cage","Sozu"],"picked":"Runic Pyramid"}],"items_purged_floors":[],"is_endless":false,"potions_floor_spawned":[1,5,11,14,21,25,29,30],"killed_by":"Collector","ascension_level":0}