{"gold_per_floor":[11,11,27,39,39,39,52,52,77,152,152,152,152,38,38,142,142,155,155],"floor_reached":19,"playtime":1491,"items_purged":["Strike_R"],"score":155,"play_id":"876876d1-e6e7-493f-b07f-790c68dbc3f8","local_time":"20190607205128","is_ascension_mode":false,"campfire_choices":[{"data":"Armaments","floor":6,"key":"SMITH"},{"floor":8,"key":"RECALL"},{"data":"Spot Weakness","floor":11,"key":"SMITH"},{"floor":13,"key":"REST"},{"data":"Inflame","floor":15,"key":"SMITH"}],"neow_cost":"NO_GOLD","seed_source_timestamp":95296830031462,"circlet_count":0,"master_deck":["Strike_R","Strike_R","Defend_R","Defend_R","Defend_R","Bash","Bloodletting","Iron Wave","Armaments+1","Rampage","Pommel Strike","Spot Weakness+1","Flex","Inflame+1","Double Tap","Twin Strike"],"relics":["Burning Blood","Vajra","Black Star"],"potions_floor_usage":[16,18,18,19],"damage_taken":[{"damage":7,"enemies":"Cultist","floor":1,"turns":5},{"damage":2,"enemies":"Small Slimes","floor":3,"turns":4},{"damage":5,"enemies":"Jaw Worm","floor":4,"turns":4},{"damage":5,"enemies":"Blue Slaver","floor":7,"turns":3},{"damage":48,"enemies":"Hexaghost","floor":16,"turns":10},{"damage":9,"enemies":"Shell Parasite","floor":18,"turns":7},{"damage":41,"enemies":"Colosseum Slavers","floor":19,"turns":5},{"damage":49,"enemies":"Colosseum Nobs","floor":19,"turns":4}],"seed_played":"5638870721210489153","potions_obtained":[{"floor":1,"key":"Energy Potion"},{"floor":3,"key":"EssenceOfSteel"},{"floor":7,"key":"Swift Potion"},{"floor":16,"key":"Poison Potion"}],"is_trial":false,"path_per_floor":["M","$","M","M","?","R","M","R","T","?","R","?","R","$","R","B",null,"M","?"],"character_chosen":"IRONCLAD","items_purchased":["Inflame"],"campfire_rested":1,"item_purchase_floors":[14],"current_hp_per_floor":[79,79,80,80,80,80,80,80,80,69,69,69,80,80,80,38,80,77,0],"gold":155,"neow_bonus":"REMOVE_TWO","is_prod":false,"is_daily":false,"chose_seed":false,"campfire_upgraded":3,"win_rate":0,"timestamp":1559955088,"path_taken":["M","?","M","M","?","R","?","R","T","?","R","?","R","$","R","BOSS","M","?"],"build_version":"2019-01-23","purchased_purges":1,"victory":false,"max_hp_per_floor":[80,80,80,80,80,80,80,80,80,80,80,80,80,80,80,80,80,80,80],"card_choices":[{"not_picked":["Burning Pact","Evolve"],"picked":"Bloodletting","floor":1},{"not_picked":["Thunderclap","Infernal Blade"],"picked":"Iron Wave","floor":3},{"not_picked":["Intimidate","Carnage"],"picked":"Armaments","floor":4},{"not_picked":["Perfected Strike","Sword Boomerang"],"picked":"Spot Weakness","floor":7},{"not_picked":["Berserk","Barricade"],"picked":"Double Tap","floor":16},{"not_picked":["Evolve+1","Clash"],"picked":"Twin Strike","floor":18}],"player_experience":40880,"relics_obtained":[{"floor":9,"key":"Vajra"}],"event_choices":[{"damage_healed":0,"gold_gain":0,"player_choice":"2 cards matched","damage_taken":0,"max_hp_gain":0,"max_hp_loss":0,"event_name":"Match and Keep!","floor":5,"gold_loss":0,"cards_obtained":["Rampage","Pommel Strike"]},{"damage_healed":0,"gold_gain":75,"player_choice":"Gather Gold","damage_taken":11,"max_hp_gain":0,"max_hp_loss":0,"event_name":"World of Goop","floor":10,"gold_loss":0},{"damage_healed":0,"gold_gain":0,"cards_transformed":["Strike_R"],"player_choice":"Change","damage_taken":0,"max_hp_gain":0,"max_hp_loss":0,"event_name":"Living Wall","floor":12,"gold_loss":0,"cards_obtained":["Flex"]},{"damage_healed":0,"gold_gain":0,"player_choice":"Fight","damage_taken":0,"max_hp_gain":0,"max_hp_loss":0,"event_name":"Colosseum","floor":19,"gold_loss":0},{"damage_healed":0,"gold_gain":0,"player_choice":"Fought Nobs","damage_taken":0,"max_hp_gain":0,"max_hp_loss":0,"event_name":"Colosseum","floor":19,"gold_loss":0}],"is_beta":false,"boss_relics":[{"not_picked":["Calling Bell","Lizard Tail"],"picked":"Black Star"}],"items_purged_floors":[14],"is_endless":false,"potions_floor_spawned":[1,3,7,16,19],"killed_by":"Colosseum Nobs","ascension_level":0}