{"gold_per_floor":[116,135,135,150,150,150,194,194,239,280,303,303,341,341],"floor_reached":14,"playtime":2129,"items_purged":[],"score":211,"play_id":"a8b61398-1212-4ae5-84df-b9c7c6662a9b","local_time":"20190624164311","is_ascension_mode":true,"campfire_choices":[{"data":"Defragment","floor":6,"key":"SMITH"},{"data":"Zap","floor":8,"key":"SMITH"},{"floor":12,"key":"REST"}],"neow_cost":"NONE","seed_source_timestamp":53189739699200,"circlet_count":0,"master_deck":["AscendersBane","Strike_B","Strike_B","Strike_B","Strike_B","Defend_B","Defend_B","Defend_B","Defend_B","Zap+1","Dualcast","Steam","Defragment+1","Reboot","Defragment","Leap"],"relics":["Cracked Core","PreservedInsect","Golden Idol","Blood Vial","Oddly Smooth Stone","Pear","Dodecahedron"],"potions_floor_usage":[10,10],"damage_taken":[{"damage":0,"enemies":"2 Louse","floor":1,"turns":3},{"damage":2,"enemies":"Jaw Worm","floor":2,"turns":4},{"damage":4,"enemies":"Small Slimes","floor":4,"turns":3},{"damage":25,"enemies":"3 Sentries","floor":7,"turns":6},{"damage":8,"enemies":"Gremlin Nob","floor":10,"turns":3},{"damage":11,"enemies":"Exordium Wildlife","floor":11,"turns":3},{"damage":36,"enemies":"3 Sentries","floor":13,"turns":7},{"damage":20,"enemies":"3 Louse","floor":14,"turns":2}],"seed_played":"-526608337146744726","potions_obtained":[{"floor":1,"key":"Weak Potion"},{"floor":2,"key":"Strength Potion"}],"is_trial":false,"path_per_floor":["M","M","?","M","?","R","E","R","T","E","M","R","E","M"],"character_chosen":"DEFECT","items_purchased":[],"campfire_rested":1,"item_purchase_floors":[],"current_hp_per_floor":[64,62,38,34,57,57,32,32,32,36,27,51,17,0],"gold":341,"neow_bonus":"RANDOM_COMMON_RELIC","is_prod":false,"is_daily":false,"chose_seed":false,"campfire_upgraded":2,"win_rate":0,"timestamp":1561387391,"path_taken":["M","M","?","M","?","R","E","R","T","E","M","R","E","M"],"build_version":"2019-06-21","purchased_purges":0,"victory":false,"max_hp_per_floor":[71,71,71,71,71,71,71,71,71,81,81,81,81,81],"card_choices":[{"not_picked":["Steam Power","Storm","Steam"],"picked":"SKIP","floor":1},{"not_picked":["Redo","Turbo"],"picked":"Steam","floor":2},{"not_picked":["Rip and Tear","Go for the Eyes"],"picked":"Defragment","floor":4},{"not_picked":["Rip and Tear","Skim"],"picked":"Reboot","floor":7},{"not_picked":["Scrape","Steam Power"],"picked":"Defragment","floor":10},{"not_picked":["Beam Cell","Steam Power","Steam"],"picked":"SKIP","floor":11},{"not_picked":["Gash","Stack"],"picked":"Leap","floor":13}],"player_experience":877624,"relics_obtained":[{"floor":7,"key":"Blood Vial"},{"floor":9,"key":"Oddly Smooth Stone"},{"floor":10,"key":"Pear"},{"floor":13,"key":"Dodecahedron"}],"event_choices":[{"damage_healed":0,"gold_gain":0,"player_choice":"Take Damage","damage_taken":24,"relics_obtained":["Golden Idol"],"max_hp_gain":0,"max_hp_loss":0,"event_name":"Golden Idol","floor":3,"gold_loss":0},{"damage_healed":23,"gold_gain":0,"player_choice":"Banana","damage_taken":0,"max_hp_gain":0,"max_hp_loss":0,"event_name":"Big Fish","floor":5,"gold_loss":0}],"is_beta":true,"boss_relics":[],"items_purged_floors":[],"is_endless":false,"potions_floor_spawned":[1,2,4],"killed_by":"3 Louse","ascension_level":19}