{"gold_per_floor":[111,124,141,156,173,173,206,206,206,131,131,141,168,168,168,247,247,266,276,302,302],"floor_reached":21,"playtime":936,"items_purged":["Strike_B"],"score":363,"play_id":"ee9c370e-382d-4802-b29b-73d60f030881","local_time":"20190620154846","is_ascension_mode":true,"campfire_choices":[{"data":"Zap","floor":6.0,"key":"SMITH"},{"floor":8.0,"key":"REST"},{"floor":15.0,"key":"REST"}],"neow_cost":"NONE","seed_source_timestamp":624993482452700,"circlet_count":0,"master_deck":["AscendersBane","Strike_B","Strike_B","Defend_B","Defend_B","Defend_B","Defend_B","Zap+1","Dualcast","Cold Snap","Go for the Eyes","Genetic Algorithm","Coolheaded","Chaos","Loop","Ball Lightning","Electrodynamics","Echo Form","Auto Shields","Turbo","Loop"],"special_seed":0,"relics":["FrozenCore","Blue Candle","Pear","Mercury Hourglass","Red Mask"],"potions_floor_usage":[20],"damage_taken":[{"damage":2.0,"enemies":"Cultist","floor":1.0,"turns":4.0},{"damage":0.0,"enemies":"2 Louse","floor":2.0,"turns":2.0},{"damage":2.0,"enemies":"Jaw Worm","floor":3.0,"turns":4.0},{"damage":10.0,"enemies":"2 Fungi Beasts","floor":4.0,"turns":3.0},{"damage":13.0,"enemies":"Large Slime","floor":5.0,"turns":9.0},{"damage":33.0,"enemies":"3 Sentries","floor":7.0,"turns":11.0},{"damage":6.0,"enemies":"Blue Slaver","floor":12.0,"turns":5.0},{"damage":22.0,"enemies":"Lagavulin","floor":13.0,"turns":7.0},{"damage":38.0,"enemies":"Hexaghost","floor":16.0,"turns":10.0},{"damage":21.0,"enemies":"2 Thieves","floor":18.0,"turns":4.0},{"damage":3.0,"enemies":"Shell Parasite","floor":19.0,"turns":8.0},{"damage":38,"enemies":"Masked Bandits","floor":20,"turns":5},{"damage":6,"enemies":"Centurion and Healer","floor":21,"turns":1}],"seed_played":"581063725593664021","potions_obtained":[{"floor":4.0,"key":"SteroidPotion"},{"floor":12.0,"key":"SpeedPotion"},{"floor":13.0,"key":"SkillPotion"},{"floor":16.0,"key":"EssenceOfSteel"},{"floor":20,"key":"PowerPotion"}],"is_trial":false,"path_per_floor":["M","M","M","M","M","R","E","R","T","$","?","M","E","?","R","B",null,"M","M","?","M"],"character_chosen":"DEFECT","items_purchased":[],"campfire_rested":2,"item_purchase_floors":[],"current_hp_per_floor":[69,69,67,57,44,44,11,34,44,44,44,38,16,16,42,4,67,46,43,5,0],"gold":302,"neow_bonus":"TEN_PERCENT_HP_BONUS","is_prod":false,"is_daily":false,"chose_seed":false,"campfire_upgraded":1,"win_rate":0,"timestamp":1561038526,"path_taken":["M","M","M","M","?","R","E","R","T","?","?","M","E","?","R","BOSS","M","M","?","M"],"build_version":"2019-06-19","purchased_purges":1,"victory":false,"max_hp_per_floor":[78,78,78,78,78,78,78,78,88,88,88,88,88,88,88,88,88,88,88,88,88],"card_choices":[{"not_picked":["Hologram","Aggregate"],"picked":"Cold Snap","floor":1.0},{"not_picked":["Streamline","Coolheaded"],"picked":"Go for the Eyes","floor":2.0},{"not_picked":["Rip and Tear","Barrage"],"picked":"Genetic Algorithm","floor":3.0},{"not_picked":["Scrape","Conserve Battery"],"picked":"Coolheaded","floor":4.0},{"not_picked":["Darkness","Consume"],"picked":"Chaos","floor":5.0},{"not_picked":["Amplify","Redo"],"picked":"Loop","floor":7.0},{"not_picked":["Reinforced Body","Leap"],"picked":"Ball Lightning","floor":12.0},{"not_picked":["Chaos","Reboot"],"picked":"Electrodynamics","floor":13.0},{"not_picked":["Creative AI","All For One"],"picked":"Echo Form","floor":16.0},{"not_picked":["Chaos","Skim"],"picked":"Auto Shields","floor":18.0},{"not_picked":["Stack","Aggregate"],"picked":"Turbo","floor":19.0},{"not_picked":["Sunder","Sweeping Beam"],"picked":"Loop","floor":20}],"player_experience":865207,"relics_obtained":[{"floor":7.0,"key":"Blue Candle"},{"floor":9.0,"key":"Pear"},{"floor":13.0,"key":"Mercury Hourglass"},{"floor":20,"key":"Red Mask"}],"event_choices":[{"cards_removed":["Strike_B"],"damage_healed":0.0,"max_hp_gain":0.0,"max_hp_loss":0.0,"gold_gain":0.0,"event_name":"Living Wall","player_choice":"Forget","floor":11.0,"gold_loss":0.0,"damage_taken":0.0},{"damage_healed":0.0,"max_hp_gain":0.0,"max_hp_loss":0.0,"gold_gain":0.0,"event_name":"Scrap Ooze","player_choice":"Fled","floor":14.0,"gold_loss":0.0,"damage_taken":0.0},{"damage_healed":0,"gold_gain":0,"player_choice":"Fought Bandits","damage_taken":0,"max_hp_gain":0,"max_hp_loss":0,"event_name":"Masked Bandits","floor":20,"gold_loss":0}],"is_beta":true,"boss_relics":[{"not_picked":["White Beast Statue","Lizard Tail"],"picked":"FrozenCore"}],"items_purged_floors":[10],"is_endless":false,"potions_floor_spawned":[4,12,13,16,18,20],"killed_by":"Centurion and Healer","ascension_level":18}