{"gold_per_floor":[113,83,95,110,125,125,160,174,254,254,266,291,81,95,95,173,173,185,197,247,262,278,278,278],"floor_reached":24,"playtime":889,"items_purged":["Strike_B"],"score":396,"play_id":"8501ee4c-6902-4ba7-afe2-4d5bc4da6a42","local_time":"20190614201400","is_ascension_mode":true,"campfire_choices":[{"data":"Zap","floor":6.0,"key":"SMITH"},{"floor":10.0,"key":"REST"},{"floor":15.0,"key":"REST"},{"floor":23,"key":"REST"}],"neow_cost":"NONE","seed_source_timestamp":122556248700700,"circlet_count":0,"master_deck":["AscendersBane","Strike_B","Strike_B","Strike_B","Defend_B","Defend_B","Defend_B","Defend_B","Zap+1","Dualcast","Beam Cell","Darkness","Scrape","Cold Snap","Steam","Gash","Leap","Go for the Eyes","Good Instincts","White Noise","All For One","Go for the Eyes","Double Energy","Capacitor+1","Barrage"],"special_seed":0,"relics":["Cracked Core","Mercury Hourglass","Sundial","Ice Cream","Black Star"],"potions_floor_usage":[22,24],"damage_taken":[{"damage":3.0,"enemies":"2 Louse","floor":1.0,"turns":3.0},{"damage":1.0,"enemies":"Cultist","floor":3.0,"turns":3.0},{"damage":7.0,"enemies":"Jaw Worm","floor":4.0,"turns":3.0},{"damage":22.0,"enemies":"Large Slime","floor":5.0,"turns":5.0},{"damage":22.0,"enemies":"3 Sentries","floor":7.0,"turns":6.0},{"damage":0.0,"enemies":"3 Louse","floor":8.0,"turns":3.0},{"damage":6.0,"enemies":"Looter","floor":11.0,"turns":2.0},{"damage":25.0,"enemies":"Gremlin Nob","floor":12.0,"turns":4.0},{"damage":2.0,"enemies":"Red Slaver","floor":14.0,"turns":2.0},{"damage":2.0,"enemies":"Slime Boss","floor":16.0,"turns":6.0},{"damage":19.0,"enemies":"Spheric Guardian","floor":18.0,"turns":4.0},{"damage":0.0,"enemies":"Shell Parasite","floor":19.0,"turns":3.0},{"damage":16.0,"enemies":"Centurion and Healer","floor":21.0,"turns":7.0},{"damage":38,"enemies":"Snake Plant","floor":22,"turns":7},{"damage":40,"enemies":"Slavers","floor":24,"turns":4}],"seed_played":"2906720041186810290","potions_obtained":[{"floor":2.0,"key":"Fruit Juice"},{"floor":2.0,"key":"Fruit Juice"},{"floor":3.0,"key":"Fruit Juice"},{"floor":4.0,"key":"LiquidBronze"},{"floor":5.0,"key":"EssenceOfSteel"},{"floor":11.0,"key":"SmokeBomb"},{"floor":18.0,"key":"GamblersBrew"},{"floor":21.0,"key":"SkillPotion"}],"is_trial":false,"path_per_floor":["M","?","M","M","M","R","E","M","T","R","M","E","$","M","R","B",null,"M","M","?","M","M","R","E"],"character_chosen":"DEFECT","items_purchased":["Good Instincts","PowerPotion"],"campfire_rested":3,"item_purchase_floors":[13,13],"current_hp_per_floor":[68,78,82,75,53,53,31,31,31,58,52,27,27,25,52,50,82,63,63,63,47,9,36,0],"gold":278,"neow_bonus":"TEN_PERCENT_HP_BONUS","is_prod":false,"is_daily":false,"chose_seed":false,"campfire_upgraded":1,"win_rate":0,"timestamp":1560536040,"path_taken":["M","?","?","?","M","R","E","M","T","R","?","E","?","?","R","BOSS","M","M","?","M","M","R","E"],"build_version":"2019-06-13","purchased_purges":1,"victory":false,"max_hp_per_floor":[78,88,93,93,93,93,93,93,93,93,93,93,93,93,93,93,93,93,93,93,93,93,93,93],"card_choices":[{"not_picked":["Barrage","Stack"],"picked":"Beam Cell","floor":1.0},{"not_picked":["Coolheaded","Machine Learning"],"picked":"Darkness","floor":3.0},{"not_picked":["Blizzard","Streamline"],"picked":"Scrape","floor":4.0},{"not_picked":["Gash","Leap"],"picked":"Cold Snap","floor":5.0},{"not_picked":["Beam Cell","Reboot"],"picked":"Steam","floor":7.0},{"not_picked":["Rebound","Steam"],"picked":"Gash","floor":8.0},{"not_picked":["Conserve Battery","Redo"],"picked":"Leap","floor":11.0},{"not_picked":["White Noise","BootSequence"],"picked":"Go for the Eyes","floor":12.0},{"not_picked":["Loop","Cold Snap"],"picked":"White Noise","floor":14.0},{"not_picked":["Creative AI","Machine Learning"],"picked":"All For One","floor":16.0},{"not_picked":["Ball Lightning","Leap"],"picked":"Go for the Eyes","floor":18.0},{"not_picked":["Cold Snap","Defragment"],"picked":"Double Energy","floor":19.0},{"not_picked":["Go for the Eyes","Darkness"],"picked":"Capacitor+1","floor":21.0},{"not_picked":["Leap","Ball Lightning"],"picked":"Barrage","floor":22}],"player_experience":839099,"relics_obtained":[{"floor":7.0,"key":"Mercury Hourglass"},{"floor":9.0,"key":"Sundial"},{"floor":12.0,"key":"Ice Cream"}],"event_choices":[{"damage_healed":0.0,"max_hp_gain":0.0,"max_hp_loss":0.0,"gold_gain":0.0,"event_name":"The Woman in Blue","player_choice":"Bought 2 Potions","floor":2.0,"gold_loss":0.0,"damage_taken":0.0},{"damage_healed":0.0,"max_hp_gain":0.0,"max_hp_loss":0.0,"gold_gain":50.0,"event_name":"Nest","player_choice":"Stole From Cult","floor":20.0,"gold_loss":0.0,"damage_taken":0.0}],"is_beta":true,"boss_relics":[{"not_picked":["Coffee Dripper","Cursed Key"],"picked":"Black Star"}],"items_purged_floors":[13],"is_endless":false,"potions_floor_spawned":[3,4,5,11,18,21],"killed_by":"Slavers","ascension_level":15}