{"gold_per_floor":[109,123,135,135,85,85,120,120,146,146,164,164,164,192,192,289,289,299,299,309,326,339,339,37,55,55,6,20,30,30,30,30,129,129,144,156,170,58,74,103,103,123,123,154,77,77,92,123,123,123],"floor_reached":51,"playtime":7217,"items_purged":["Malaise"],"score":824,"play_id":"f90ce80c-898d-41c4-98f9-f2ea9b380a85","local_time":"20190605213327","is_ascension_mode":false,"campfire_choices":[{"data":"Bouncing Flask","floor":6.0,"key":"SMITH"},{"floor":8.0,"key":"REST"},{"data":"Neutralize","floor":10.0,"key":"SMITH"},{"data":"After Image","floor":12.0,"key":"SMITH"},{"data":"Backflip","floor":15.0,"key":"SMITH"},{"data":"Quick Slash","floor":23.0,"key":"SMITH"},{"data":"Leg Sweep","floor":30.0,"key":"SMITH"},{"data":"Well Laid Plans","floor":32.0,"key":"SMITH"},{"floor":41.0,"key":"REST"},{"floor":49,"key":"REST"}],"neow_cost":"NONE","seed_source_timestamp":0,"circlet_count":0,"master_deck":["Defend_G","Defend_G","Defend_G","Defend_G","Defend_G","Strike_G","Strike_G","Strike_G","Strike_G","Survivor+1","Neutralize+1","Crippling Poison","PiercingWail","Bouncing Flask+1","After Image+1","Backflip+1","Poisoned Stab+1","Quick Slash+1","Deflect","Poisoned Stab","Leg Sweep+1","Poisoned Stab","Well Laid Plans+1","Tools of the Trade","Poisoned Stab+1","Deflect+1","Underhanded Strike","Caltrops","Infinite Blades+1","Noxious Fumes+1","Regret","Dagger Spray+1","Footwork+1","Finesse","Expertise+1"],"special_seed":0,"relics":["Ring of the Snake","Bronze Scales","Strawberry","Regal Pillow","Darkstone Periapt","Cursed Key","Paper Crane","Mummified Hand","Oddly Smooth Stone","Empty Cage","Frozen Egg 2","Pocketwatch","Dream Catcher","Ancient Tea Set"],"potions_floor_usage":[48,48,50],"damage_taken":[{"damage":0.0,"enemies":"2 Louse","floor":1.0,"turns":2.0},{"damage":2.0,"enemies":"Jaw Worm","floor":2.0,"turns":6.0},{"damage":0.0,"enemies":"Cultist","floor":3.0,"turns":5.0},{"damage":23.0,"enemies":"3 Sentries","floor":7.0,"turns":10.0},{"damage":1.0,"enemies":"Red Slaver","floor":11.0,"turns":5.0},{"damage":0.0,"enemies":"Lagavulin","floor":14.0,"turns":6.0},{"damage":39.0,"enemies":"Slime Boss","floor":16.0,"turns":16.0},{"damage":1.0,"enemies":"Chosen","floor":18.0,"turns":5.0},{"damage":3.0,"enemies":"2 Thieves","floor":20.0,"turns":5.0},{"damage":0.0,"enemies":"Chosen and Byrds","floor":21.0,"turns":6.0},{"damage":3.0,"enemies":"Shelled Parasite and Fungi","floor":22.0,"turns":6.0},{"damage":1.0,"enemies":"Snecko","floor":25.0,"turns":6.0},{"damage":0.0,"enemies":"Snake Plant","floor":28.0,"turns":3.0},{"damage":4.0,"enemies":"Centurion and Healer","floor":29.0,"turns":5.0},{"damage":17.0,"enemies":"Automaton","floor":33.0,"turns":14.0},{"damage":8.0,"enemies":"3 Shapes","floor":35.0,"turns":6.0},{"damage":0.0,"enemies":"3 Darklings","floor":36.0,"turns":6.0},{"damage":1.0,"enemies":"4 Shapes","floor":37.0,"turns":7.0},{"damage":23.0,"enemies":"Jaw Worm Horde","floor":39.0,"turns":5.0},{"damage":5.0,"enemies":"Nemesis","floor":40.0,"turns":9.0},{"damage":3.0,"enemies":"Maw","floor":42.0,"turns":8.0},{"damage":20.0,"enemies":"Giant Head","floor":44.0,"turns":10.0},{"damage":4,"enemies":"Spire Growth","floor":47,"turns":5},{"damage":10,"enemies":"Nemesis","floor":48,"turns":7},{"damage":47,"enemies":"Time Eater","floor":50,"turns":13}],"seed_played":"-2823059474731640102","potions_obtained":[{"floor":1.0,"key":"SteroidPotion"},{"floor":2.0,"key":"Weak Potion"},{"floor":16.0,"key":"Strength Potion"},{"floor":20.0,"key":"Regen Potion"},{"floor":25.0,"key":"LiquidBronze"},{"floor":36.0,"key":"SteroidPotion"},{"floor":39.0,"key":"Dexterity Potion"},{"floor":40.0,"key":"Regen Potion"},{"floor":47,"key":"Ancient Potion"}],"is_trial":false,"path_per_floor":["M","M","M","?","?","R","E","R","T","R","M","R","?","E","R","B",null,"M","?","M","M","M","R","$","M","T","$","M","M","R","?","R","B",null,"M","M","M","$","M","E","R","M","T","E","$","?","M","E","R","B",null],"character_chosen":"THE_SILENT","items_purchased":["Paper Crane","Poisoned Stab","Poisoned Stab","Caltrops","Footwork+1"],"campfire_rested":3,"item_purchase_floors":[24,24,27,38,45],"current_hp_per_floor":[77,75,75,68,68,68,52,77,77,77,76,76,76,76,76,37,84,83,83,80,80,77,77,77,84,90,90,90,86,86,92,92,75,96,88,88,87,87,64,59,96,93,99,94,94,94,90,80,102,55],"gold":123,"neow_bonus":"TEN_PERCENT_HP_BONUS","is_prod":false,"is_daily":false,"chose_seed":false,"campfire_upgraded":7,"win_rate":0.0,"timestamp":1559784807,"path_taken":["M","M","M","?","?","R","E","R","T","R","M","R","?","E","R","BOSS","M","?","M","?","M","R","?","M","T","$","M","M","R","?","R","BOSS","M","M","M","$","M","E","R","M","T","E","$","?","M","E","R","BOSS"],"build_version":"2019-01-23","purchased_purges":1,"victory":true,"max_hp_per_floor":[77,77,77,77,77,77,84,84,84,84,84,84,84,84,84,84,84,84,84,84,84,84,84,84,84,90,90,90,90,90,96,96,96,96,96,96,96,96,96,96,96,96,102,102,102,102,102,102,102,102],"card_choices":[{"not_picked":["Dash","Prepared"],"picked":"Crippling Poison","floor":1.0},{"not_picked":["Prepared","Finisher"],"picked":"PiercingWail","floor":2.0},{"not_picked":["PiercingWail","Quick Slash"],"picked":"Bouncing Flask","floor":3.0},{"not_picked":["Flechettes","Prepared","Eviscerate"],"picked":"SKIP","floor":7.0},{"not_picked":["Calculated Gamble","PiercingWail"],"picked":"After Image","floor":11.0},{"not_picked":["PiercingWail","Outmaneuver"],"picked":"Backflip","floor":14.0},{"not_picked":["Tools of the Trade","After Image"],"picked":"Malaise","floor":16.0},{"not_picked":["Blur+1","Predator"],"picked":"Poisoned Stab+1","floor":18.0},{"not_picked":["Slice","Predator"],"picked":"Quick Slash","floor":20.0},{"not_picked":["Outmaneuver","Prepared+1"],"picked":"Deflect","floor":21.0},{"not_picked":["Doppelganger","Tactician","Blade Dance+1"],"picked":"SKIP","floor":22.0},{"not_picked":["PiercingWail","Calculated Gamble"],"picked":"Leg Sweep","floor":25.0},{"not_picked":["Eviscerate+1","Underhanded Strike+1","Outmaneuver"],"picked":"SKIP","floor":28.0},{"not_picked":["All Out Attack","Poisoned Stab"],"picked":"Well Laid Plans","floor":29.0},{"not_picked":["After Image","Malaise"],"picked":"Tools of the Trade","floor":33.0},{"not_picked":["Masterful Stab","Reflex+1"],"picked":"Poisoned Stab+1","floor":35.0},{"not_picked":["Poisoned Stab+1","Prepared+1"],"picked":"Deflect+1","floor":36.0},{"not_picked":["Outmaneuver+1","Flechettes"],"picked":"Underhanded Strike","floor":37.0},{"not_picked":["Backflip+1","Dagger Spray","Choke+1"],"picked":"SKIP","floor":39.0},{"not_picked":["Dodge and Roll","Choke"],"picked":"Infinite Blades+1","floor":40.0},{"not_picked":["Blade Dance","All Out Attack"],"picked":"Noxious Fumes+1","floor":42.0},{"not_picked":["Flying Knee+1","Prepared"],"picked":"Dagger Spray+1","floor":44.0},{"not_picked":["Purity","Bandage Up"],"picked":"Finesse","floor":46},{"not_picked":["All Out Attack","Bullet Time","Dash"],"picked":"SKIP","floor":47},{"not_picked":["Dagger Throw","Deflect"],"picked":"Expertise+1","floor":48}],"player_experience":20221,"relics_obtained":[{"floor":7.0,"key":"Strawberry"},{"floor":9.0,"key":"Regal Pillow"},{"floor":14.0,"key":"Darkstone Periapt"},{"floor":26.0,"key":"Mummified Hand"},{"floor":40.0,"key":"Frozen Egg 2"},{"floor":43.0,"key":"Pocketwatch"},{"floor":44.0,"key":"Dream Catcher"},{"floor":48,"key":"Ancient Tea Set"}],"event_choices":[{"damage_healed":0.0,"max_hp_gain":0.0,"max_hp_loss":0.0,"gold_gain":0.0,"event_name":"Scrap Ooze","player_choice":"Success","floor":4.0,"gold_loss":0.0,"damage_taken":7.0,"relics_obtained":["Bronze Scales"]},{"cards_removed":["Strike_G"],"damage_healed":0.0,"max_hp_gain":0.0,"max_hp_loss":0.0,"gold_gain":0.0,"event_name":"The Cleric","player_choice":"Card Removal","floor":5.0,"gold_loss":50.0,"damage_taken":0.0},{"damage_healed":0.0,"max_hp_gain":0.0,"max_hp_loss":0.0,"gold_gain":0.0,"event_name":"Shining Light","player_choice":"Ignored","floor":13.0,"gold_loss":0.0,"damage_taken":0.0},{"damage_healed":0.0,"max_hp_gain":0.0,"max_hp_loss":0.0,"gold_gain":0.0,"event_name":"Upgrade Shrine","player_choice":"Upgraded","floor":19.0,"gold_loss":0.0,"damage_taken":0.0,"cards_upgraded":["Survivor"]},{"damage_healed":0.0,"max_hp_gain":0.0,"max_hp_loss":0.0,"gold_gain":0.0,"event_name":"Addict","player_choice":"Stole Relic","floor":31.0,"gold_loss":0.0,"damage_taken":0.0,"relics_obtained":["Oddly Smooth Stone"],"cards_obtained":["Shame"]},{"damage_healed":0,"gold_gain":0,"player_choice":"Memory 1","damage_taken":0,"max_hp_gain":0,"max_hp_loss":0,"event_name":"SensoryStone","floor":46,"gold_loss":0}],"is_beta":false,"boss_relics":[{"not_picked":["Philosopher\u0027s Stone","Runic Dome"],"picked":"Cursed Key"},{"not_picked":["Sozu","Velvet Choker"],"picked":"Empty Cage"}],"items_purged_floors":[38],"is_endless":false,"potions_floor_spawned":[1,2,16,20,25,28,36,39,40,47],"ascension_level":0}