{"gold_per_floor":[114,129,144,159,174,174,204,204,204,242,242,280,299,337,337,462,462,481,500,519,538,17,17,55,74,99,137,137,175,194,213,213,338,338,357,376,1,20,39,77,96,134,134,184,196,227,239,289,301,313],"floor_reached":51,"playtime":4328,"items_purged":[],"score":1238,"play_id":"ff08aa4a-8585-4f20-967e-1c00d331ca30","local_time":"20181002220406","daily_mods":["Shiny","Vintage","Elite Swarm"],"is_ascension_mode":false,"campfire_choices":[{"floor":6,"key":"REST"},{"floor":11,"key":"REST"},{"floor":15,"key":"REST"},{"floor":23,"key":"REST"},{"floor":32,"key":"REST"},{"floor":47,"key":"REST"},{"floor":49,"key":"REST"}],"neow_cost":"","seed_source_timestamp":0,"circlet_count":0,"master_deck":["Multi-Cast+1","Hyperbeam","Thunder Strike+1","Biased Cognition","Machine Learning","Electrodynamics","Buffer","Rainbow","Seek","Meteor Strike+1","Echo Form","All For One","Reboot","Amplify+1","Creative AI","Fission","Core Surge","Amplify+1","Fission+1","Fission+1","Amplify+1","Echo Form","Force Field+1","Defragment","Capacitor","Self Repair","Thunder Strike+1","Electrodynamics","Decay","Fission+1","Fission+1","Heatsinks","Static Discharge","Defragment","Heatsinks","Defragment","Self Repair","Fission+1","Electrodynamics","Rainbow+1","Sadistic Nature","Apotheosis+1","Rainbow+1","Compile Driver+1"],"special_seed":17807,"relics":["Cracked Core","Shuriken","Ancient Tea Set","Boot","Pocketwatch","Toxic Egg 2","Happy Flower","Golden Idol","Molten Egg 2","Lantern","Nunchaku","Bag of Marbles","Dead Branch","DataDisk","Fusion Hammer","The Courier","Strawberry","Bronze Scales","Oddly Smooth Stone","Gremlin Horn","Orichalcum","Mummified Hand","Symbiotic Virus","Whetstone","PreservedInsect","Question Card","Singing Bowl","Pantograph","Meat on the Bone","Runic Dome","Cables","Omamori","Dream Catcher","Smiling Mask","Art of War","Pear","War Paint","MawBank","Matryoshka","Potion Belt","Mango"],"potions_floor_usage":[10,10,14,16,20,29,29,30,39,40,40,40,41,41,48],"damage_taken":[{"damage":11,"enemies":"Jaw Worm","floor":1,"turns":3},{"damage":0,"enemies":"Small Slimes","floor":2,"turns":2},{"damage":6,"enemies":"Cultist","floor":3,"turns":4},{"damage":0,"enemies":"Gremlin Gang","floor":4,"turns":1},{"damage":10,"enemies":"Blue Slaver","floor":5,"turns":2},{"damage":9,"enemies":"3 Sentries","floor":7,"turns":3},{"damage":22,"enemies":"Gremlin Nob","floor":10,"turns":4},{"damage":36,"enemies":"3 Sentries","floor":12,"turns":4},{"damage":0,"enemies":"Lots of Slimes","floor":13,"turns":1},{"damage":0,"enemies":"Gremlin Nob","floor":14,"turns":2},{"damage":11,"enemies":"The Guardian","floor":16,"turns":6},{"damage":10,"enemies":"Shell Parasite","floor":18,"turns":2},{"damage":0,"enemies":"3 Byrds","floor":19,"turns":1},{"damage":10,"enemies":"Sentry and Sphere","floor":20,"turns":3},{"damage":0,"enemies":"Shelled Parasite and Fungi","floor":21,"turns":1},{"damage":0,"enemies":"Gremlin Leader","floor":24,"turns":1},{"damage":0,"enemies":"3 Cultists","floor":25,"turns":1},{"damage":0,"enemies":"Slavers","floor":27,"turns":2},{"damage":0,"enemies":"Book of Stabbing","floor":29,"turns":2},{"damage":0,"enemies":"Centurion and Healer","floor":30,"turns":2},{"damage":2,"enemies":"Cultist and Chosen","floor":31,"turns":2},{"damage":0,"enemies":"Champ","floor":33,"turns":3},{"damage":3,"enemies":"3 Shapes","floor":35,"turns":1},{"damage":0,"enemies":"Orb Walker","floor":36,"turns":1},{"damage":0,"enemies":"Spire Growth","floor":38,"turns":2},{"damage":0,"enemies":"Sphere and 2 Shapes","floor":39,"turns":1},{"damage":0,"enemies":"2 Orb Walkers","floor":40,"turns":1},{"damage":0,"enemies":"Transient","floor":41,"turns":2},{"damage":0,"enemies":"Nemesis","floor":42,"turns":1},{"damage":15,"enemies":"2 Orb Walkers","floor":44,"turns":2},{"damage":0,"enemies":"Maw","floor":46,"turns":1},{"damage":0,"enemies":"Giant Head","floor":48,"turns":4},{"damage":20,"enemies":"Awakened One","floor":50,"turns":3}],"seed_played":"1004265033689775607","potions_obtained":[{"floor":3,"key":"PowerPotion"},{"floor":5,"key":"PowerPotion"},{"floor":10,"key":"SpeedPotion"},{"floor":13,"key":"EssenceOfSteel"},{"floor":14,"key":"FearPotion"},{"floor":18,"key":"Explosive Potion"},{"floor":24,"key":"SneckoOil"},{"floor":25,"key":"Weak Potion"},{"floor":27,"key":"LiquidBronze"},{"floor":30,"key":"SteroidPotion"},{"floor":39,"key":"EntropicBrew"},{"floor":40,"key":"SneckoOil"},{"floor":41,"key":"Fire Potion"},{"floor":44,"key":"PowerPotion"},{"floor":46,"key":"Weak Potion"}],"is_trial":false,"path_per_floor":["M","M","M","M","M","R","E","?","T","E","R","E","M","E","R","B",null,"M","M","M","M","$","R","E","M","T","E","?","E","M","M","R","B",null,"M","M","$","M","M","E","M","E","T","E","?","M","R","E","R","B"],"character_chosen":"DEFECT","items_purchased":["Gremlin Horn","Force Field+1","Orichalcum","Defragment","Capacitor","Self Repair","Heatsinks","Static Discharge","Defragment","Heatsinks","Defragment","Self Repair","Swift Potion"],"campfire_rested":7,"item_purchase_floors":[22,22,22,22,22,22,37,37,37,37,37,37,37],"current_hp_per_floor":[64,64,58,58,48,70,61,43,43,21,43,7,7,7,29,18,75,65,72,62,62,62,82,82,82,82,82,82,82,82,82,82,82,82,79,79,79,79,82,82,92,92,92,84,76,94,96,110,110,110],"gold":325,"neow_bonus":"","is_prod":false,"is_daily":true,"chose_seed":false,"campfire_upgraded":0,"win_rate":0,"timestamp":1538539446,"path_taken":["M","M","M","M","M","R","E","?","T","E","R","E","?","E","R","BOSS","M","M","M","M","$","R","E","?","T","E","?","E","M","M","R","BOSS","M","M","$","M","M","E","M","E","T","E","?","M","R","E","R","BOSS"],"build_version":"2018-09-27","purchased_purges":0,"victory":true,"max_hp_per_floor":[75,75,75,75,75,75,75,75,75,75,75,75,75,75,75,75,75,75,82,82,82,82,82,82,82,82,82,82,82,82,82,82,82,82,82,82,82,82,82,82,92,92,92,92,94,94,96,110,110,110],"card_choices":[{"not_picked":["All For One","Thunder Strike"],"picked":"Amplify+1","floor":7},{"not_picked":["Thunder Strike+1","Reboot+1"],"picked":"Fission+1","floor":10},{"not_picked":["Echo Form","Electrodynamics"],"picked":"Fission+1","floor":12},{"not_picked":["All For One+1","Electrodynamics"],"picked":"Amplify+1","floor":14},{"not_picked":["Fission+1","Multi-Cast+1"],"picked":"Echo Form","floor":16},{"not_picked":["Hyperbeam+1","Amplify+1"],"picked":"Thunder Strike+1","floor":24},{"not_picked":["Reboot+1","All For One+1"],"picked":"Electrodynamics","floor":27},{"not_picked":["Reboot+1","Creative AI"],"picked":"Fission+1","floor":29},{"not_picked":["Seek+1","Buffer","All For One+1"],"picked":"Fission+1","floor":33},{"not_picked":["Machine Learning","Multi-Cast+1","Biased Cognition"],"picked":"Fission+1","floor":40},{"not_picked":["Seek+1","Rainbow+1","Echo Form"],"picked":"Electrodynamics","floor":42},{"not_picked":["Reboot+1","Multi-Cast+1","Hyperbeam+1"],"picked":"Rainbow+1","floor":44},{"not_picked":["Deep Breath+1","HandOfGreed+1","Forethought+1"],"picked":"Sadistic Nature","floor":45},{"not_picked":["Swift Strike+1","Panacea+1","Dark Shackles+1","Blind+1"],"picked":"Singing Bowl","floor":45},{"not_picked":["Jack Of All Trades+1","Secret Technique+1","Panacea+1"],"picked":"Apotheosis+1","floor":45},{"not_picked":["Barrage+1","Reprogram+1","Sweeping Beam+1","Cold Snap+1"],"picked":"Singing Bowl","floor":47},{"not_picked":["Biased Cognition","Creative AI","Buffer"],"picked":"Rainbow+1","floor":48},{"not_picked":["Hologram+1","Aggregate+1","Doom and Gloom+1"],"picked":"Compile Driver+1","floor":49}],"player_experience":45505,"relics_obtained":[{"floor":1,"key":"Shuriken"},{"floor":2,"key":"Ancient Tea Set"},{"floor":3,"key":"Boot"},{"floor":4,"key":"Pocketwatch"},{"floor":5,"key":"Toxic Egg 2"},{"floor":7,"key":"Happy Flower"},{"floor":9,"key":"Molten Egg 2"},{"floor":10,"key":"Lantern"},{"floor":12,"key":"Nunchaku"},{"floor":13,"key":"Bag of Marbles"},{"floor":14,"key":"Dead Branch"},{"floor":16,"key":"DataDisk"},{"floor":18,"key":"The Courier"},{"floor":19,"key":"Strawberry"},{"floor":20,"key":"Bronze Scales"},{"floor":21,"key":"Oddly Smooth Stone"},{"floor":24,"key":"Mummified Hand"},{"floor":25,"key":"Symbiotic Virus"},{"floor":26,"key":"Whetstone"},{"floor":27,"key":"PreservedInsect"},{"floor":29,"key":"Question Card"},{"floor":30,"key":"Singing Bowl"},{"floor":31,"key":"Pantograph"},{"floor":33,"key":"Meat on the Bone"},{"floor":35,"key":"Cables"},{"floor":36,"key":"Omamori"},{"floor":38,"key":"Dream Catcher"},{"floor":39,"key":"Smiling Mask"},{"floor":40,"key":"Art of War"},{"floor":41,"key":"Pear"},{"floor":42,"key":"War Paint"},{"floor":43,"key":"MawBank"},{"floor":44,"key":"Matryoshka"},{"floor":46,"key":"Potion Belt"},{"floor":48,"key":"Mango"}],"event_choices":[{"event_name":"Golden Idol","player_choice":"Take Damage","floor":8,"damage_taken":0},{"event_name":"Wheel of Change","player_choice":"Curse","floor":28,"damage_taken":0},{"event_name":"SensoryStone","player_choice":"Memory 3","floor":45,"damage_taken":0}],"is_beta":false,"boss_relics":[{"not_picked":["Lizard Tail","Calling Bell"],"picked":"Fusion Hammer"},{"not_picked":["Pandora\u0027s Box","Black Star"],"picked":"Runic Dome"}],"items_purged_floors":[],"is_endless":false,"potions_floor_spawned":[3,5,10,13,14,18,24,25,27,30,39,40,41,44,46],"ascension_level":0}