{"gold_per_floor":[209,225,237,250,15,31,56,56,56,72,107,123,139,201,201,299,299,314,330,280,296,315,340,360,395,395,395],"floor_reached":27,"playtime":1648,"items_purged":[],"score":352,"play_id":"e0322419-b9e8-4784-979e-11b22c056c07","local_time":"20190613183602","is_ascension_mode":true,"campfire_choices":[{"data":"Zap","floor":8.0,"key":"SMITH"},{"data":"Creative AI","floor":15.0,"key":"SMITH"}],"neow_cost":"NONE","seed_source_timestamp":136331449763022,"circlet_count":0,"master_deck":["Strike_B","Strike_B","Strike_B","Strike_B","Defend_B","Defend_B","Defend_B","Defend_B","Zap+1","Dualcast","Ball Lightning","Sunder","Conserve Battery","Genetic Algorithm","Self Repair","Leap","Cold Snap","Sunder","Buffer","Reinforced Body","Conserve Battery","Hologram","Creative AI+1","Electrodynamics","Sunder","Tempest+1","Ball Lightning+1","Cold Snap","Multi-Cast","Stack+1","Tempest"],"special_seed":0,"relics":["Cracked Core","Bronze Scales","Boot","Blue Candle","Juzu Bracelet","Nunchaku","Inserter","The Courier","StoneCalendar","Letter Opener"],"potions_floor_usage":[25,27],"damage_taken":[{"damage":4.0,"enemies":"2 Louse","floor":1.0,"turns":2.0},{"damage":5.0,"enemies":"Small Slimes","floor":2.0,"turns":3.0},{"damage":1.0,"enemies":"Cultist","floor":3.0,"turns":3.0},{"damage":10.0,"enemies":"3 Louse","floor":4.0,"turns":3.0},{"damage":4.0,"enemies":"2 Fungi Beasts","floor":6.0,"turns":3.0},{"damage":28.0,"enemies":"3 Sentries","floor":7.0,"turns":6.0},{"damage":8.0,"enemies":"Gremlin Gang","floor":10.0,"turns":2.0},{"damage":19.0,"enemies":"Lagavulin","floor":11.0,"turns":6.0},{"damage":2.0,"enemies":"Looter","floor":12.0,"turns":3.0},{"damage":0.0,"enemies":"Exordium Wildlife","floor":13.0,"turns":2.0},{"damage":2.0,"enemies":"Lagavulin Event","floor":14.0,"turns":5.0},{"damage":14.0,"enemies":"Slime Boss","floor":16.0,"turns":10.0},{"damage":0.0,"enemies":"Chosen","floor":18.0,"turns":4.0},{"damage":13.0,"enemies":"Shell Parasite","floor":19.0,"turns":9.0},{"damage":17.0,"enemies":"Centurion and Healer","floor":21.0,"turns":8.0},{"damage":1.0,"enemies":"Snake Plant","floor":22.0,"turns":4.0},{"damage":21.0,"enemies":"Gremlin Leader","floor":23.0,"turns":6.0},{"damage":7.0,"enemies":"Shelled Parasite and Fungi","floor":24.0,"turns":5.0},{"damage":25,"enemies":"Book of Stabbing","floor":25,"turns":6},{"damage":25,"enemies":"Gremlin Leader","floor":27,"turns":2}],"seed_played":"1286682608978702754","potions_obtained":[{"floor":2.0,"key":"Ancient Potion"},{"floor":11.0,"key":"SkillPotion"},{"floor":12.0,"key":"FocusPotion"},{"floor":16.0,"key":"SpeedPotion"},{"floor":19.0,"key":"Strength Potion"},{"floor":23.0,"key":"Block Potion"},{"floor":24.0,"key":"Poison Potion"},{"floor":25,"key":"Fruit Juice"}],"is_trial":false,"path_per_floor":["M","M","M","M","$","M","E","R","T","M","E","M","M","?","R","B",null,"M","M","?","M","M","E","M","E","T","E"],"character_chosen":"DEFECT","items_purchased":["Bronze Scales","Self Repair","Leap"],"campfire_rested":0,"item_purchase_floors":[5,5,5],"current_hp_per_floor":[64,59,58,48,48,51,30,30,30,22,10,15,15,20,20,13,60,67,61,61,51,57,43,36,23,23,0],"gold":395,"neow_bonus":"HUNDRED_GOLD","is_prod":false,"is_daily":false,"chose_seed":false,"campfire_upgraded":2,"win_rate":0,"timestamp":1560472562,"path_taken":["M","M","M","M","$","M","E","R","T","M","E","M","M","?","R","BOSS","M","M","?","M","M","E","M","E","T","E"],"build_version":"2019-01-23","purchased_purges":0,"victory":false,"max_hp_per_floor":[75,75,75,75,75,75,75,75,75,75,75,75,75,75,75,75,75,75,75,75,75,75,75,75,80,80,80],"card_choices":[{"not_picked":["Coolheaded","Recycle"],"picked":"Ball Lightning","floor":1.0},{"not_picked":["Turbo","Chaos"],"picked":"Sunder","floor":2.0},{"not_picked":["Coolheaded","Redo"],"picked":"Conserve Battery","floor":3.0},{"not_picked":["Coolheaded","White Noise"],"picked":"Genetic Algorithm","floor":4.0},{"not_picked":["Hologram","Beam Cell"],"picked":"Cold Snap","floor":6.0},{"not_picked":["Sweeping Beam","Stack"],"picked":"Sunder","floor":7.0},{"not_picked":["Barrage","Conserve Battery"],"picked":"Buffer","floor":10.0},{"not_picked":["Compile Driver","Heatsinks"],"picked":"Reinforced Body","floor":11.0},{"not_picked":["Blizzard","Turbo"],"picked":"Conserve Battery","floor":12.0},{"not_picked":["Blizzard","Stack"],"picked":"Hologram","floor":13.0},{"not_picked":["Sunder","Coolheaded"],"picked":"Creative AI","floor":14.0},{"not_picked":["Fission","Buffer"],"picked":"Electrodynamics","floor":16.0},{"not_picked":["Steam Power","Chaos+1"],"picked":"Sunder","floor":18.0},{"not_picked":["Gash+1","Coolheaded"],"picked":"Tempest+1","floor":19.0},{"not_picked":["Melter+1","Rebound"],"picked":"Ball Lightning+1","floor":21.0},{"not_picked":["Scrape","Gash"],"picked":"Cold Snap","floor":22.0},{"not_picked":["Double Energy+1","Conserve Battery"],"picked":"Multi-Cast","floor":23.0},{"not_picked":["Undo","Cold Snap"],"picked":"Stack+1","floor":24.0},{"not_picked":["Beam Cell","Chill"],"picked":"Tempest","floor":25}],"player_experience":360377,"relics_obtained":[{"floor":7.0,"key":"Boot"},{"floor":9.0,"key":"Blue Candle"},{"floor":11.0,"key":"Juzu Bracelet"},{"floor":23.0,"key":"The Courier"},{"floor":25,"key":"StoneCalendar"},{"floor":26,"key":"Letter Opener"}],"event_choices":[{"damage_healed":0.0,"max_hp_gain":0.0,"max_hp_loss":0.0,"gold_gain":30.0,"event_name":"Dead Adventurer","player_choice":"Searched \u00273\u0027 times","floor":14.0,"gold_loss":0.0,"damage_taken":0.0,"relics_obtained":["Nunchaku"]},{"damage_healed":0.0,"max_hp_gain":0.0,"max_hp_loss":0.0,"gold_gain":0.0,"event_name":"The Joust","player_choice":"Bet on Murderer","floor":20.0,"gold_loss":50.0,"damage_taken":0.0}],"is_beta":false,"boss_relics":[{"not_picked":["Busted Crown","Ectoplasm"],"picked":"Inserter"}],"items_purged_floors":[],"is_endless":false,"potions_floor_spawned":[2,11,12,16,19,23,24,25],"killed_by":"Gremlin Leader","ascension_level":6}