{"gold_per_floor":[114,133,148,148,19,33,44,44,67,67,85,85,128,146,146,240,240,258,258,278,278,16,16,41,41,95,95,145,159,183,10,10,10],"floor_reached":33,"playtime":861,"items_purged":[],"score":498,"play_id":"89c80667-7c47-4466-86f2-22c58180b95c","local_time":"20190626130717","is_ascension_mode":true,"campfire_choices":[{"floor":10,"key":"REST"},{"data":"Neutralize","floor":12,"key":"SMITH"},{"floor":15,"key":"REST"},{"data":"A Thousand Cuts","floor":23,"key":"SMITH"},{"data":"Cloak And Dagger","floor":25,"key":"SMITH"},{"data":"Cloak And Dagger","floor":27,"key":"SMITH"},{"floor":32,"key":"REST"}],"neow_cost":"NONE","seed_source_timestamp":214307590323500,"circlet_count":0,"master_deck":["AscendersBane","Strike_G","Strike_G","Strike_G","Strike_G","Defend_G","Defend_G","Defend_G","Defend_G","Defend_G","Survivor","Neutralize+1","Sucker Punch","Dagger Spray","Heel Hook","Unload","Slice","Die Die Die","Dodge and Roll","Cloak And Dagger+1","A Thousand Cuts+1","Cloak And Dagger+1","Dodge and Roll","Noxious Fumes","Backstab"],"relics":["Ring of the Snake","Pen Nib","Golden Idol","Centennial Puzzle","Ancient Tea Set","Sozu","MutagenicStrength","Ornamental Fan","Smiling Mask"],"potions_floor_usage":[16,16,33],"damage_taken":[{"damage":7,"enemies":"Cultist","floor":1,"turns":5},{"damage":1,"enemies":"Jaw Worm","floor":2,"turns":4},{"damage":0,"enemies":"2 Louse","floor":3,"turns":3},{"damage":10,"enemies":"Exordium Wildlife","floor":6,"turns":3},{"damage":0,"enemies":"Large Slime","floor":7,"turns":4},{"damage":5,"enemies":"Red Slaver","floor":11,"turns":2},{"damage":6,"enemies":"Gremlin Nob","floor":13,"turns":3},{"damage":8,"enemies":"Exordium Thugs","floor":14,"turns":2},{"damage":28,"enemies":"The Guardian","floor":16,"turns":19},{"damage":8,"enemies":"2 Thieves","floor":18,"turns":5},{"damage":5,"enemies":"Chosen","floor":20,"turns":5},{"damage":3,"enemies":"Centurion and Healer","floor":24,"turns":7},{"damage":18,"enemies":"Shelled Parasite and Fungi","floor":29,"turns":4},{"damage":3,"enemies":"Snecko","floor":30,"turns":4},{"damage":37,"enemies":"Champ","floor":33,"turns":7}],"seed_played":"-2728413741345868842","potions_obtained":[{"floor":3,"key":"EssenceOfSteel"},{"floor":7,"key":"GhostInAJar"},{"floor":16,"key":"Strength Potion"}],"is_trial":false,"path_per_floor":["M","M","M","?","$","M","M","?","T","R","M","R","E","M","R","B",null,"M","?","M","?","$","R","M","R","T","R","?","M","M","$","R","B"],"character_chosen":"THE_SILENT","items_purchased":["Unload","Slice","Ornamental Fan","Noxious Fumes","Backstab"],"campfire_rested":3,"item_purchase_floors":[5,5,22,31,31],"current_hp_per_floor":[52,51,51,51,51,41,41,18,18,37,32,32,26,18,37,9,52,44,44,39,39,39,39,36,36,36,36,30,12,9,9,28,0],"gold":10,"neow_bonus":"RANDOM_COMMON_RELIC","is_prod":false,"is_daily":false,"chose_seed":false,"campfire_upgraded":4,"win_rate":0,"timestamp":1561547237,"path_taken":["M","M","M","?","?","?","M","?","T","R","M","R","E","M","R","BOSS","M","?","M","?","$","R","M","R","T","R","?","?","M","?","R","BOSS"],"build_version":"2019-06-24","purchased_purges":0,"victory":false,"max_hp_per_floor":[66,66,66,66,66,66,66,66,66,66,66,66,66,66,66,66,66,66,66,66,66,66,66,66,66,66,66,66,66,66,66,66,66],"card_choices":[{"not_picked":["Outmaneuver","Expertise"],"picked":"Sucker Punch","floor":1},{"not_picked":["Flechettes","Masterful Stab"],"picked":"Dagger Spray","floor":2},{"not_picked":["Reflex","Deadly Poison"],"picked":"Heel Hook","floor":3},{"not_picked":["Tactician","Bouncing Flask"],"picked":"Die Die Die","floor":6},{"not_picked":["Deadly Poison","Heel Hook","Blade Dance"],"picked":"SKIP","floor":7},{"not_picked":["Quick Slash","Blade Dance","Prepared"],"picked":"SKIP","floor":11},{"not_picked":["Sucker Punch","Accuracy"],"picked":"Dodge and Roll","floor":13},{"not_picked":["Outmaneuver","Expertise"],"picked":"Cloak And Dagger","floor":14},{"not_picked":["Tools of the Trade","Unload"],"picked":"A Thousand Cuts","floor":16},{"not_picked":["Blade Dance","Calculated Gamble"],"picked":"Cloak And Dagger","floor":18},{"not_picked":["Dash","Prepared"],"picked":"Dodge and Roll","floor":20},{"not_picked":["Underhanded Strike+1","Flying Knee","Quick Slash"],"picked":"SKIP","floor":24},{"not_picked":["Poisoned Stab","Eviscerate","Quick Slash"],"picked":"SKIP","floor":29},{"not_picked":["Prepared","Quick Slash","Sucker Punch"],"picked":"SKIP","floor":30}],"player_experience":894219,"relics_obtained":[{"floor":9,"key":"Centennial Puzzle"},{"floor":13,"key":"Ancient Tea Set"},{"floor":26,"key":"Smiling Mask"}],"event_choices":[{"cards_removed":["Strike_G"],"damage_healed":0,"gold_gain":0,"player_choice":"Card Removal","damage_taken":0,"max_hp_gain":0,"max_hp_loss":0,"event_name":"Wheel of Change","floor":4,"gold_loss":0},{"damage_healed":0,"gold_gain":0,"player_choice":"Take Damage","damage_taken":23,"relics_obtained":["Golden Idol"],"max_hp_gain":0,"max_hp_loss":0,"event_name":"Golden Idol","floor":8,"gold_loss":0},{"damage_healed":0,"gold_gain":0,"player_choice":"Ignored","damage_taken":0,"max_hp_gain":0,"max_hp_loss":0,"event_name":"Ghosts","floor":19,"gold_loss":0},{"damage_healed":0,"gold_gain":0,"player_choice":"Inject Mutagens","damage_taken":0,"relics_obtained":["MutagenicStrength"],"max_hp_gain":0,"max_hp_loss":0,"event_name":"Drug Dealer","floor":21,"gold_loss":0},{"damage_healed":0,"gold_gain":50,"player_choice":"Touch","damage_taken":6,"max_hp_gain":0,"max_hp_loss":0,"event_name":"FaceTrader","floor":28,"gold_loss":0}],"is_beta":true,"boss_relics":[{"not_picked":["Astrolabe","Ring of the Serpent"],"picked":"Sozu"}],"items_purged_floors":[],"is_endless":false,"potions_floor_spawned":[3,7,16,18,29],"killed_by":"Champ","ascension_level":20}