{"gold_per_floor":[118,118,131,231,46,78,98,124,124,144,144,162,180,213,213,213],"floor_reached":16,"playtime":980,"items_purged":[],"score":134,"play_id":"dffd6089-ffff-46b4-8819-42cf22099159","local_time":"20181012004638","is_ascension_mode":true,"campfire_choices":[{"floor":11,"key":"REST"},{"floor":15,"key":"REST"}],"neow_cost":"NONE","seed_source_timestamp":76904672145512,"circlet_count":0,"master_deck":["Strike_B","Strike_B","Strike_B","Strike_B","Defend_B","Zap","Dualcast","Conserve Battery","Electrodynamics","Double Energy","Rebound","Gash+1","Self Repair","Turbo","Static Discharge","Barrage","Sweeping Beam+1","White Noise","Skim","Heatsinks","Steam"],"relics":["Empty Cage","Juzu Bracelet","Matryoshka","Whetstone","Omamori","Shuriken"],"potions_floor_usage":[6,10,12,14],"damage_taken":[{"damage":1,"enemies":"2 Louse","floor":1,"turns":2},{"damage":0,"enemies":"Small Slimes","floor":3,"turns":3},{"damage":32,"enemies":"Gremlin Nob","floor":6,"turns":4},{"damage":0,"enemies":"Cultist","floor":7,"turns":3},{"damage":31,"enemies":"Lagavulin","floor":8,"turns":6},{"damage":14,"enemies":"Looter","floor":10,"turns":3},{"damage":6,"enemies":"Exordium Thugs","floor":12,"turns":4},{"damage":9,"enemies":"2 Fungi Beasts","floor":13,"turns":3},{"damage":31,"enemies":"Gremlin Nob","floor":14,"turns":4},{"damage":45,"enemies":"The Guardian","floor":16,"turns":7}],"seed_played":"5332346470824336683","potions_obtained":[{"floor":3,"key":"AttackPotion"},{"floor":8,"key":"AttackPotion"},{"floor":10,"key":"AttackPotion"},{"floor":12,"key":"LiquidBronze"}],"is_trial":false,"path_per_floor":["M","?","M","?","$","E","M","E","T","M","R","M","M","E","R"],"character_chosen":"DEFECT","items_purchased":["Rebound","Gash","Self Repair","Turbo"],"campfire_rested":2,"item_purchase_floors":[5,5,5,5],"current_hp_per_floor":[74,74,74,74,74,49,56,32,32,25,47,48,46,22,44,0],"gold":213,"neow_bonus":"BOSS_RELIC","is_prod":false,"is_daily":false,"chose_seed":false,"campfire_upgraded":0,"win_rate":0,"timestamp":1539326798,"path_taken":["M","?","M","?","$","E","M","E","T","M","R","M","M","E","R","BOSS"],"build_version":"2018-10-11","purchased_purges":0,"victory":false,"max_hp_per_floor":[75,75,75,75,75,75,75,75,75,75,75,75,75,75,75,75],"card_choices":[{"not_picked":["Compile Driver","Steam"],"picked":"Conserve Battery","floor":1},{"not_picked":["Redo","Cold Snap"],"picked":"Double Energy","floor":3},{"not_picked":["White Noise","FTL"],"picked":"Static Discharge","floor":6},{"not_picked":["Seek","Glacier"],"picked":"Barrage","floor":7},{"not_picked":["Aggregate","Redo"],"picked":"Sweeping Beam","floor":8},{"not_picked":["Steam Power","Fusion"],"picked":"White Noise","floor":10},{"not_picked":["Leap","BootSequence"],"picked":"Skim","floor":12},{"not_picked":["Cold Snap","BootSequence"],"picked":"Heatsinks","floor":13},{"not_picked":["Chaos","Double Energy"],"picked":"Steam","floor":14}],"player_experience":109935,"relics_obtained":[{"floor":6,"key":"Juzu Bracelet"},{"floor":8,"key":"Matryoshka"},{"floor":9,"key":"Whetstone"},{"floor":9,"key":"Omamori"},{"floor":14,"key":"Shuriken"}],"event_choices":[{"event_name":"Living Wall","player_choice":"Change","floor":2,"damage_taken":0},{"event_name":"Wheel of Change","player_choice":"Gold","floor":4,"damage_taken":0}],"is_beta":false,"boss_relics":[],"items_purged_floors":[],"is_endless":false,"potions_floor_spawned":[3,8,10,12],"killed_by":"The Guardian","ascension_level":2}