{"gold_per_floor":[118,131,143,143,157,184,10,37,62,94,369,403,403,414,414,512,512,523,523,538,538,548,548],"floor_reached":23,"playtime":1381,"items_purged":[],"score":337,"play_id":"99cc9604-1cdb-4d0a-8473-5fc5007a1c02","local_time":"20190509003859","is_ascension_mode":true,"campfire_choices":[{"floor":13,"key":"REST"},{"data":"Conserve Battery","floor":15,"key":"SMITH"}],"neow_cost":"NONE","seed_source_timestamp":2279324902492290,"circlet_count":0,"master_deck":["Strike_B+1","Strike_B+1","Strike_B+1","Strike_B+1","Defend_B+1","Defend_B+1","Defend_B+1","Zap","Dualcast","Rebound","Gash","Leap","Rebound","Force Field","Rebound","Conserve Battery+1","Self Repair","Streamline","White Noise","Regret","Beam Cell","Seek","Electrodynamics","Sunder","Steam Power","White Noise","Rebound+1"],"relics":["Cracked Core","NeowsBlessing","Vajra","Centennial Puzzle","Happy Flower","Orichalcum","Singing Bowl","Nuclear Battery"],"potions_floor_usage":[6,12,14,16,20,23,23],"damage_taken":[{"damage":0,"enemies":"Jaw Worm","floor":1,"turns":1},{"damage":0,"enemies":"2 Louse","floor":2,"turns":1},{"damage":0,"enemies":"Cultist","floor":3,"turns":1},{"damage":12,"enemies":"Blue Slaver","floor":5,"turns":3},{"damage":7,"enemies":"Gremlin Nob","floor":6,"turns":3},{"damage":13,"enemies":"3 Sentries","floor":8,"turns":4},{"damage":16,"enemies":"Gremlin Nob","floor":10,"turns":3},{"damage":13,"enemies":"3 Sentries","floor":12,"turns":5},{"damage":10,"enemies":"Large Slime","floor":14,"turns":4},{"damage":2,"enemies":"Slime Boss","floor":16,"turns":6},{"damage":16,"enemies":"2 Thieves","floor":18,"turns":4},{"damage":1,"enemies":"Spheric Guardian","floor":20,"turns":3},{"damage":40,"enemies":"Shelled Parasite and Fungi","floor":22,"turns":6},{"damage":46,"enemies":"Slavers","floor":23,"turns":4}],"seed_played":"-40956687457473678","potions_obtained":[{"floor":3,"key":"FearPotion"},{"floor":5,"key":"SteroidPotion"},{"floor":8,"key":"LiquidBronze"},{"floor":10,"key":"Poison Potion"},{"floor":12,"key":"Explosive Potion"},{"floor":18,"key":"AttackPotion"},{"floor":22,"key":"Regen Potion"}],"is_trial":false,"path_per_floor":["M","M","M","?","M","E","$","E","T","E","?","E","R","M","R","B",null,"M","?","M","?","M","E"],"character_chosen":"DEFECT","items_purchased":["Rebound","Conserve Battery","Self Repair"],"campfire_rested":1,"item_purchase_floors":[7,7,7],"current_hp_per_floor":[75,75,75,68,56,49,49,36,36,27,27,21,43,40,40,38,75,66,66,65,65,32,0],"gold":548,"neow_bonus":"THREE_ENEMY_KILL","is_prod":false,"is_daily":false,"chose_seed":false,"campfire_upgraded":1,"win_rate":0,"timestamp":1557383939,"path_taken":["M","M","M","?","M","E","$","E","T","E","?","E","R","?","R","BOSS","M","?","M","?","M","E"],"build_version":"2019-01-23","purchased_purges":0,"victory":false,"max_hp_per_floor":[75,75,75,75,75,75,75,75,75,75,75,75,75,75,75,75,75,75,75,75,75,75,75],"card_choices":[{"not_picked":["Hologram","Compile Driver"],"picked":"Rebound","floor":1},{"not_picked":["Double Energy","Reprogram"],"picked":"Gash","floor":2},{"not_picked":["Streamline","Defragment"],"picked":"Leap","floor":3},{"not_picked":["Aggregate","Fusion"],"picked":"Rebound","floor":5},{"not_picked":["Amplify","Defragment"],"picked":"Force Field","floor":6},{"not_picked":["Redo","Barrage"],"picked":"Streamline","floor":8},{"not_picked":["Loop","Tempest"],"picked":"White Noise","floor":10},{"not_picked":["Cold Snap","Ball Lightning"],"picked":"Beam Cell","floor":12},{"not_picked":["Lockon","Blizzard"],"picked":"Seek","floor":14},{"not_picked":["Thunder Strike","Biased Cognition"],"picked":"Electrodynamics","floor":16},{"not_picked":["Steam","Fusion+1"],"picked":"Sunder","floor":18},{"not_picked":["Doom and Gloom","Loop"],"picked":"White Noise","floor":20},{"not_picked":["Hologram","Auto Shields"],"picked":"Rebound+1","floor":22}],"player_experience":169279,"relics_obtained":[{"floor":6,"key":"Vajra"},{"floor":8,"key":"Centennial Puzzle"},{"floor":9,"key":"Happy Flower"},{"floor":10,"key":"Orichalcum"},{"floor":12,"key":"Singing Bowl"}],"event_choices":[{"cards_removed":["Defend_B"],"damage_healed":0,"gold_gain":0,"player_choice":"Card Removal","damage_taken":7,"max_hp_gain":0,"max_hp_loss":0,"event_name":"Golden Wing","floor":4,"gold_loss":0},{"damage_healed":0,"gold_gain":275,"player_choice":"Desecrate","damage_taken":0,"max_hp_gain":0,"max_hp_loss":0,"event_name":"Golden Shrine","floor":11,"gold_loss":0,"cards_obtained":["Regret"]},{"damage_healed":0,"gold_gain":0,"player_choice":"Read","damage_taken":0,"max_hp_gain":0,"max_hp_loss":0,"event_name":"The Library","floor":19,"gold_loss":0,"cards_obtained":["Steam Power"]},{"damage_healed":0,"gold_gain":0,"player_choice":"Simplicity","damage_taken":0,"max_hp_gain":0,"max_hp_loss":0,"event_name":"Back to Basics","floor":21,"gold_loss":0,"cards_upgraded":["Strike_B","Strike_B","Strike_B","Strike_B","Defend_B","Defend_B","Defend_B"]}],"is_beta":false,"boss_relics":[{"not_picked":["Philosopher\u0027s Stone","White Beast Statue"],"picked":"Nuclear Battery"}],"items_purged_floors":[],"is_endless":false,"potions_floor_spawned":[3,5,8,10,12,18,22],"killed_by":"Slavers","ascension_level":3}