{"gold_per_floor":[111,131,33,47,47,47,67,67,121,137,22,22,22,38,38,169,169,162,162,187,15,35,70,70,93,93,93,66,66,82,105,105,105],"floor_reached":33,"playtime":3654,"items_purged":["Defend_R","Defend_R"],"score":259,"play_id":"ffe1a5c3-27fb-41a2-bf02-6c40128d2733","local_time":"20190603221643","is_ascension_mode":false,"campfire_choices":[{"data":"Iron Wave","floor":6,"key":"SMITH"},{"data":"Armaments","floor":8,"key":"SMITH"},{"data":"Good Instincts","floor":13,"key":"SMITH"},{"data":"Bash","floor":15,"key":"SMITH"},{"floor":24,"key":"REST"},{"floor":27,"key":"REST"},{"floor":29,"key":"REST"},{"floor":32,"key":"REST"}],"neow_cost":"NONE","seed_source_timestamp":94167719329227,"circlet_count":0,"master_deck":["Strike_R","Strike_R","Strike_R","Strike_R","Strike_R+1","Defend_R","Bash+1","Pommel Strike+1","Iron Wave+1","Armaments+1","Rage","Armaments+1","Clothesline","Carnage","Good Instincts+1","Dropkick","Bludgeon","Anger+1","Searing Blow","Flame Barrier","Perfected Strike","Demon Form","Rampage","Body Slam","Shrug It Off","Blood for Blood+1"],"relics":["Burning Blood","Golden Idol","Red Skull","White Beast Statue","Whetstone","Bottled Tornado"],"potions_floor_usage":[4,18,18,20,22,22,22,25,31,33,33,33],"damage_taken":[{"damage":0,"enemies":"Small Slimes","floor":1,"turns":4},{"damage":1,"enemies":"Cultist","floor":2,"turns":3},{"damage":0,"enemies":"Jaw Worm","floor":4,"turns":3},{"damage":1,"enemies":"2 Fungi Beasts","floor":7,"turns":4},{"damage":5,"enemies":"Looter","floor":10,"turns":4},{"damage":3,"enemies":"3 Louse","floor":14,"turns":4},{"damage":54,"enemies":"Hexaghost","floor":16,"turns":12},{"damage":28,"enemies":"2 Thieves","floor":18,"turns":4},{"damage":5,"enemies":"Chosen","floor":20,"turns":4},{"damage":32,"enemies":"Centurion and Healer","floor":22,"turns":6},{"damage":34,"enemies":"Slavers","floor":23,"turns":7},{"damage":32,"enemies":"Shelled Parasite and Fungi","floor":25,"turns":6},{"damage":36,"enemies":"Snake Plant","floor":30,"turns":4},{"damage":21,"enemies":"3 Cultists","floor":31,"turns":5},{"damage":59,"enemies":"Automaton","floor":33,"turns":8}],"seed_played":"-7056506140448167966","potions_obtained":[{"floor":1,"key":"Swift Potion"},{"floor":2,"key":"Fire Potion"},{"floor":4,"key":"Fruit Juice"},{"floor":18,"key":"EntropicBrew"},{"floor":20,"key":"Ancient Potion"},{"floor":22,"key":"GamblersBrew"},{"floor":23,"key":"PowerPotion"},{"floor":25,"key":"EssenceOfSteel"},{"floor":30,"key":"Poison Potion"},{"floor":31,"key":"Dexterity Potion"}],"is_trial":false,"path_per_floor":["M","M","$","M","?","R","M","R","T","M","$","?","R","M","R","B",null,"M","?","M","$","M","E","R","M","T","R","$","R","M","M","R","B"],"character_chosen":"IRONCLAD","items_purchased":["Armaments","Carnage","Good Instincts","Flame Barrier","Body Slam"],"campfire_rested":4,"item_purchase_floors":[3,11,11,21,28],"current_hp_per_floor":[88,88,88,93,70,70,75,75,75,76,76,76,76,79,79,31,93,71,71,72,72,46,18,45,19,19,46,46,73,43,28,55,0],"gold":105,"neow_bonus":"TEN_PERCENT_HP_BONUS","is_prod":false,"is_daily":false,"chose_seed":false,"campfire_upgraded":4,"win_rate":0.0,"timestamp":1559614603,"path_taken":["M","M","$","M","?","R","M","R","T","M","$","?","R","M","R","BOSS","M","?","?","$","M","E","R","M","T","R","?","R","M","M","R","BOSS"],"build_version":"2019-01-23","purchased_purges":2,"victory":false,"max_hp_per_floor":[88,88,88,93,93,93,93,93,93,93,93,93,93,93,93,93,93,93,93,93,93,93,93,93,93,93,93,93,93,93,93,93,93],"card_choices":[{"not_picked":["Fire Breathing","Shrug It Off"],"picked":"Pommel Strike","floor":1},{"not_picked":["Pommel Strike","True Grit"],"picked":"Iron Wave","floor":2},{"not_picked":["Headbutt","Thunderclap"],"picked":"Rage","floor":4},{"not_picked":["Rupture","Headbutt"],"picked":"Armaments","floor":7},{"not_picked":["Pommel Strike","Metallicize"],"picked":"Clothesline","floor":10},{"not_picked":["Twin Strike","Intimidate"],"picked":"Dropkick","floor":14},{"not_picked":["Berserk","Fiend Fire"],"picked":"Bludgeon","floor":16},{"not_picked":["Headbutt","Metallicize"],"picked":"Anger+1","floor":18},{"not_picked":["Rage","Power Through"],"picked":"Searing Blow","floor":20},{"not_picked":["Combust+1","Shockwave"],"picked":"Perfected Strike","floor":22},{"not_picked":["Perfected Strike","Body Slam"],"picked":"Demon Form","floor":23},{"not_picked":["True Grit","Flex"],"picked":"Rampage","floor":25},{"not_picked":["Hemokinesis","True Grit"],"picked":"Shrug It Off","floor":30},{"not_picked":["Pummel","Searing Blow+1"],"picked":"Blood for Blood+1","floor":31}],"player_experience":8105,"relics_obtained":[{"floor":9,"key":"Red Skull"},{"floor":23,"key":"Whetstone"},{"floor":26,"key":"Bottled Tornado"}],"event_choices":[{"damage_healed":0,"gold_gain":0,"player_choice":"Take Damage","damage_taken":23,"relics_obtained":["Golden Idol"],"max_hp_gain":0,"max_hp_loss":0,"event_name":"Golden Idol","floor":5,"gold_loss":0},{"damage_healed":0,"gold_gain":0,"player_choice":"Upgraded","damage_taken":0,"max_hp_gain":0,"max_hp_loss":0,"event_name":"Upgrade Shrine","floor":12,"gold_loss":0,"cards_upgraded":["Armaments"]},{"cards_removed":["Defend_R"],"damage_healed":0,"gold_gain":0,"player_choice":"Purged","damage_taken":0,"max_hp_gain":0,"max_hp_loss":0,"event_name":"Purifier","floor":19,"gold_loss":0}],"is_beta":false,"boss_relics":[{"not_picked":["Mark of Pain","Cursed Key"],"picked":"White Beast Statue"}],"items_purged_floors":[3,21],"is_endless":false,"potions_floor_spawned":[1,2,4,18,20,22,23,25,30,31],"killed_by":"Automaton","ascension_level":0}