{"gold_per_floor":[369,369,50,50,63,90,90,109,109,109,184,17,30,30,30,101,101,111,130,58,157,157,190,209,209,232,232,232,232,264,279,279,279],"floor_reached":33,"playtime":1012,"items_purged":["Strike_B"],"score":478,"play_id":"65ca3fb6-b2d0-4917-af0f-05a02d5170ef","local_time":"20190508121300","is_ascension_mode":true,"campfire_choices":[{"floor":10,"key":"REST"},{"floor":15,"key":"REST"},{"floor":25,"key":"REST"},{"floor":27,"key":"REST"},{"data":"Defragment","floor":29,"key":"SMITH"},{"floor":32,"key":"DIG"}],"neow_cost":"CURSE","seed_source_timestamp":186047616316100,"circlet_count":0,"master_deck":["AscendersBane","Strike_B+1","Strike_B+1","Defend_B","Defend_B","Zap","Cold Snap","Bandage Up","Lockon","Melter","Conserve Battery","Ball Lightning","Genetic Algorithm","Rainbow+1","Recycle+1","Reinforced Body+1","Core Surge+1","Sweeping Beam","BootSequence+1","Defragment+1","Compile Driver","Multi-Cast","Stack+1","Go for the Eyes","Loop"],"relics":["Cracked Core","Whetstone","Bottled Flame","PreservedInsect","Potion Belt","Anchor","Ornamental Fan","Astrolabe","Lantern","War Paint","Shovel","Mercury Hourglass"],"potions_floor_usage":[16,33,33],"damage_taken":[{"damage":7,"enemies":"Small Slimes","floor":1,"turns":3},{"damage":6,"enemies":"2 Louse","floor":5,"turns":3},{"damage":36,"enemies":"Gremlin Nob","floor":6,"turns":5},{"damage":0,"enemies":"Jaw Worm","floor":8,"turns":3},{"damage":4,"enemies":"Red Slaver","floor":13,"turns":3},{"damage":41,"enemies":"Hexaghost","floor":16,"turns":11},{"damage":0,"enemies":"Chosen","floor":18,"turns":4},{"damage":2,"enemies":"Shell Parasite","floor":19,"turns":5},{"damage":39,"enemies":"Gremlin Leader","floor":23,"turns":7},{"damage":18,"enemies":"Chosen and Byrds","floor":24,"turns":8},{"damage":7,"enemies":"Slavers","floor":30,"turns":5},{"damage":1,"enemies":"Snecko","floor":31,"turns":6},{"damage":54,"enemies":"Collector","floor":33,"turns":8}],"seed_played":"-3630116102833886392","potions_obtained":[{"floor":13,"key":"PowerPotion"},{"floor":16,"key":"EssenceOfSteel"},{"floor":30,"key":"SmokeBomb"},{"floor":31,"key":"Block Potion"}],"is_trial":false,"path_per_floor":["M","?","$","?","M","E","?","M","T","R","?","$","M","T","R","B",null,"M","M","$","?","?","E","M","R","T","R","?","R","E","M","R","B"],"character_chosen":"DEFECT","items_purchased":["Bandage Up","Whetstone","Ball Lightning","Anchor","Defragment"],"campfire_rested":4,"item_purchase_floors":[3,3,12,12,20],"current_hp_per_floor":[57,57,57,50,48,16,9,13,13,34,23,23,23,23,44,7,55,59,61,61,61,61,26,12,33,33,54,47,47,44,47,47,0],"gold":279,"neow_bonus":"TWO_FIFTY_GOLD","is_prod":false,"is_daily":false,"chose_seed":false,"campfire_upgraded":1,"win_rate":0,"timestamp":1557310380,"path_taken":["M","?","$","?","M","E","?","M","T","R","?","?","M","?","R","BOSS","M","M","$","?","?","E","M","R","T","R","?","R","E","?","R","BOSS"],"build_version":"2019-05-07","purchased_purges":1,"victory":false,"max_hp_per_floor":[71,71,71,71,71,71,71,71,71,71,71,71,71,71,71,71,71,71,71,71,71,71,71,71,71,71,71,71,71,71,71,71,71],"card_choices":[{"not_picked":["Stack","Barrage"],"picked":"Cold Snap","floor":1},{"not_picked":["Beam Cell","Blizzard"],"picked":"Lockon","floor":5},{"not_picked":["Skim","Redo"],"picked":"Melter","floor":6},{"not_picked":["Hyperbeam","Turbo"],"picked":"Conserve Battery","floor":8},{"not_picked":["Beam Cell","Barrage"],"picked":"Genetic Algorithm","floor":13},{"not_picked":["Buffer","All For One"],"picked":"Rainbow","floor":16},{"not_picked":["Steam Power+1","Redo"],"picked":"Sweeping Beam","floor":18},{"not_picked":["Hello World","Redo"],"picked":"BootSequence","floor":19},{"not_picked":["Skim","Conserve Battery"],"picked":"Multi-Cast","floor":23},{"not_picked":["Sweeping Beam+1","Ball Lightning"],"picked":"Stack+1","floor":24},{"not_picked":["Redo","Aggregate"],"picked":"Go for the Eyes","floor":30},{"not_picked":["Barrage","Static Discharge"],"picked":"Loop","floor":31}],"player_experience":607609,"relics_obtained":[{"floor":6,"key":"Bottled Flame"},{"floor":9,"key":"Potion Belt"},{"floor":14,"key":"Ornamental Fan"},{"floor":23,"key":"Lantern"},{"floor":26,"key":"War Paint"},{"floor":30,"key":"Shovel"},{"floor":32,"key":"Mercury Hourglass"}],"event_choices":[{"cards_removed":["Normality"],"damage_healed":0,"gold_gain":0,"player_choice":"Forget","damage_taken":0,"max_hp_gain":0,"max_hp_loss":0,"event_name":"Living Wall","floor":2,"gold_loss":0},{"cards_removed":["Strike_B"],"damage_healed":0,"gold_gain":0,"player_choice":"Card Removal","damage_taken":7,"max_hp_gain":0,"max_hp_loss":0,"event_name":"Golden Wing","floor":4,"gold_loss":0},{"damage_healed":0,"gold_gain":0,"player_choice":"Success","damage_taken":7,"relics_obtained":["PreservedInsect"],"max_hp_gain":0,"max_hp_loss":0,"event_name":"Scrap Ooze","floor":7,"gold_loss":0},{"damage_healed":0,"gold_gain":75,"player_choice":"Gather Gold","damage_taken":11,"max_hp_gain":0,"max_hp_loss":0,"event_name":"World of Goop","floor":11,"gold_loss":0},{"damage_healed":0,"gold_gain":99,"player_choice":"Stole From Cult","damage_taken":0,"max_hp_gain":0,"max_hp_loss":0,"event_name":"Nest","floor":21,"gold_loss":0},{"damage_healed":0,"gold_gain":0,"player_choice":"Read","damage_taken":0,"max_hp_gain":0,"max_hp_loss":0,"event_name":"The Library","floor":22,"gold_loss":0,"cards_obtained":["Compile Driver"]},{"damage_healed":0,"gold_gain":0,"player_choice":"","damage_taken":7,"max_hp_gain":0,"max_hp_loss":0,"event_name":"Knowing Skull","floor":28,"potions_obtained":[],"gold_loss":0,"cards_obtained":[]}],"is_beta":true,"boss_relics":[{"not_picked":["Fusion Hammer","Coffee Dripper"],"picked":"Astrolabe"}],"items_purged_floors":[3],"is_endless":false,"potions_floor_spawned":[13,16,30,31],"killed_by":"Collector","ascension_level":14}