{"gold_per_floor":[114,64,79,79,254,284,284,314,314,329,45,60,75,90,90,190,190,205,205,205,220,235,235,235,250,250,250,265,295,310,340,340,440,440,455,470,120,135,150,180,210,210,210,225,225,240,255,270,270,270],"floor_reached":51,"playtime":4629,"items_purged":[],"score":965,"play_id":"b3db4932-df78-4a50-ad15-81ffa3551a92","local_time":"20180930013750","daily_mods":["Draft","Flight","Lethality"],"is_ascension_mode":false,"campfire_choices":[{"data":"Sweeping Beam","floor":7,"key":"SMITH"},{"data":"Streamline","floor":15,"key":"SMITH"},{"floor":23,"key":"REST"},{"floor":24,"key":"REST"},{"floor":27,"key":"REST"},{"data":"Secret Weapon","floor":32,"key":"SMITH"},{"data":"Turbo","floor":42,"key":"SMITH"},{"data":"Steam Power","floor":45,"key":"SMITH"},{"floor":49,"key":"REST"}],"neow_cost":"","seed_source_timestamp":1197583492719401,"circlet_count":0,"master_deck":["Beam Cell","Conserve Battery","Compile Driver","FTL","Sweeping Beam","Steam Power+1","Turbo","Turbo","Ball Lightning","FTL","Gash","Rebound","Gash","Sweeping Beam+1","Rebound","Turbo+1","FTL","Streamline+1","Scrape","Secret Weapon+1","Aggregate","Steam Power+1","Rebound","All For One","Gash","Coolheaded+1","Gash","Sweeping Beam+1","Rebound","Beam Cell+1","All For One","Coolheaded+1","Hologram","Streamline+1","Fission","Hologram","Aggregate","Hologram"],"special_seed":17804,"relics":["Cracked Core","Shuriken","Orichalcum","Black Star","Nloth\u0027s Gift","MutagenicStrength","Potion Belt","Ice Cream","Bird Faced Urn","Vajra","Art of War","Empty Cage","Chemical X","PreservedInsect","Pen Nib","Bag of Preparation","Darkstone Periapt","Frozen Egg 2","Symbiotic Virus"],"potions_floor_usage":[14,16,22,31,50,50,50],"damage_taken":[{"damage":0,"enemies":"2 Louse","floor":1,"turns":1},{"damage":0,"enemies":"Small Slimes","floor":3,"turns":1},{"damage":5,"enemies":"3 Sentries","floor":6,"turns":3},{"damage":0,"enemies":"Gremlin Nob","floor":8,"turns":2},{"damage":7,"enemies":"Jaw Worm","floor":10,"turns":2},{"damage":0,"enemies":"Looter","floor":12,"turns":1},{"damage":0,"enemies":"3 Louse","floor":13,"turns":1},{"damage":0,"enemies":"Exordium Wildlife","floor":14,"turns":2},{"damage":44,"enemies":"Hexaghost","floor":16,"turns":3},{"damage":33,"enemies":"3 Byrds","floor":18,"turns":2},{"damage":7,"enemies":"2 Thieves","floor":21,"turns":2},{"damage":47,"enemies":"Snake Plant","floor":22,"turns":3},{"damage":0,"enemies":"Shelled Parasite and Fungi","floor":25,"turns":1},{"damage":0,"enemies":"Cultist and Chosen","floor":28,"turns":2},{"damage":0,"enemies":"Gremlin Leader","floor":29,"turns":1},{"damage":0,"enemies":"Snecko","floor":30,"turns":2},{"damage":18,"enemies":"Book of Stabbing","floor":31,"turns":2},{"damage":14,"enemies":"Automaton","floor":33,"turns":4},{"damage":0,"enemies":"Orb Walker","floor":35,"turns":1},{"damage":0,"enemies":"3 Darklings","floor":36,"turns":1},{"damage":0,"enemies":"Maw","floor":38,"turns":2},{"damage":0,"enemies":"Spire Growth","floor":39,"turns":2},{"damage":30,"enemies":"2 Orb Walkers","floor":40,"turns":2},{"damage":0,"enemies":"Giant Head","floor":41,"turns":1},{"damage":0,"enemies":"Transient","floor":44,"turns":2},{"damage":0,"enemies":"Reptomancer","floor":46,"turns":3},{"damage":9,"enemies":"4 Shapes","floor":47,"turns":1},{"damage":18,"enemies":"Sphere and 2 Shapes","floor":48,"turns":1},{"damage":0,"enemies":"Donu and Deca","floor":50,"turns":1}],"seed_played":"3855407655360463062","potions_obtained":[{"floor":6,"key":"FearPotion"},{"floor":10,"key":"Fruit Juice"},{"floor":12,"key":"Regen Potion"},{"floor":14,"key":"EssenceOfSteel"},{"floor":18,"key":"SpeedPotion"},{"floor":22,"key":"Swift Potion"},{"floor":28,"key":"FearPotion"},{"floor":39,"key":"FocusPotion"},{"floor":40,"key":"Weak Potion"},{"floor":41,"key":"SkillPotion"},{"floor":46,"key":"Block Potion"},{"floor":47,"key":"Fire Potion"}],"is_trial":false,"path_per_floor":["M","?","M","?","?","E","R","E","T","M","$","M","M","M","R","B",null,"M","?","?","M","M","R","R","M","T","R","M","E","M","E","R","B",null,"M","M","$","M","M","E","E","R","T","M","R","M","M","M","R","B"],"character_chosen":"DEFECT","items_purchased":["Scrape","Secret Weapon","Chemical X","PreservedInsect"],"campfire_rested":4,"item_purchase_floors":[11,11,37,37],"current_hp_per_floor":[75,75,75,75,75,70,70,70,70,63,63,63,63,68,68,24,80,47,47,47,40,2,26,50,50,50,74,74,74,74,56,56,42,80,80,80,80,80,80,50,50,50,50,50,50,50,41,23,47,47],"gold":270,"neow_bonus":"","is_prod":false,"is_daily":true,"chose_seed":false,"campfire_upgraded":5,"win_rate":0.0,"timestamp":1538293070,"path_taken":["M","?","M","?","?","E","R","E","T","M","$","M","M","M","R","BOSS","M","?","?","M","M","R","R","M","T","R","M","E","M","E","R","BOSS","M","M","$","M","M","E","E","R","T","M","R","M","M","M","R","BOSS"],"build_version":"2018-09-27","purchased_purges":0,"victory":true,"max_hp_per_floor":[75,75,75,75,75,75,75,75,75,75,75,75,75,80,80,80,80,80,80,80,80,80,80,80,80,80,80,80,80,80,80,80,80,80,80,80,80,80,80,80,80,80,80,80,80,80,80,80,80,80],"card_choices":[{"not_picked":["Redo","Static Discharge"],"picked":"Beam Cell","floor":0},{"not_picked":["Turbo","Redo"],"picked":"Conserve Battery","floor":0},{"not_picked":["Chaos","Turbo"],"picked":"Compile Driver","floor":0},{"not_picked":["Ball Lightning","Compile Driver"],"picked":"FTL","floor":0},{"not_picked":["Genetic Algorithm","Streamline"],"picked":"Sweeping Beam","floor":0},{"not_picked":["Lockon","Static Discharge"],"picked":"Steam Power","floor":0},{"not_picked":["Steam","Darkness"],"picked":"Coolheaded","floor":0},{"not_picked":["Barrage","Sweeping Beam"],"picked":"Turbo","floor":0},{"not_picked":["Stack","Lockon"],"picked":"Turbo","floor":0},{"not_picked":["Coolheaded","Darkness"],"picked":"Ball Lightning","floor":0},{"not_picked":["Go for the Eyes","Recycle"],"picked":"FTL","floor":0},{"not_picked":["Conserve Battery","Beam Cell"],"picked":"Gash","floor":0},{"not_picked":["Chaos","Fusion"],"picked":"Rebound","floor":0},{"not_picked":["Cold Snap","Beam Cell"],"picked":"Gash","floor":0},{"not_picked":["Leap","Redo"],"picked":"Sweeping Beam","floor":0},{"not_picked":["Coolheaded","Static Discharge"],"picked":"Rebound","floor":1},{"not_picked":["Reinforced Body","Redo"],"picked":"Turbo","floor":3},{"not_picked":["Rebound","Echo Form"],"picked":"FTL","floor":6},{"not_picked":["Hologram","Darkness","Defragment"],"picked":"SKIP","floor":8},{"not_picked":["Cold Snap","Loop"],"picked":"Streamline","floor":10},{"not_picked":["Redo","Force Field"],"picked":"Aggregate","floor":12},{"not_picked":["FTL","Blizzard"],"picked":"Steam Power","floor":13},{"not_picked":["Genetic Algorithm","Melter"],"picked":"Rebound","floor":14},{"not_picked":["Machine Learning","Biased Cognition"],"picked":"All For One","floor":16},{"not_picked":["Steam","Coolheaded"],"picked":"Sunder","floor":18},{"not_picked":["Darkness","Barrage"],"picked":"Gash","floor":21},{"not_picked":["Undo+1","Leap"],"picked":"Coolheaded+1","floor":22},{"not_picked":["Consume","Turbo"],"picked":"Gash","floor":25},{"not_picked":["Go for the Eyes","Redo","Force Field"],"picked":"SKIP","floor":28},{"not_picked":["Compile Driver","Turbo"],"picked":"Sweeping Beam+1","floor":29},{"not_picked":["Steam","Static Discharge"],"picked":"Rebound","floor":30},{"not_picked":["Conserve Battery","Core Surge"],"picked":"Beam Cell+1","floor":31},{"not_picked":["Buffer","Machine Learning"],"picked":"All For One","floor":33},{"not_picked":["Conserve Battery","Rip and Tear","Hello World"],"picked":"SKIP","floor":35},{"not_picked":["Beam Cell","Cold Snap+1"],"picked":"Coolheaded+1","floor":36},{"not_picked":["Meteor Strike","Leap"],"picked":"Hologram","floor":38},{"not_picked":["Beam Cell+1","Stack"],"picked":"Streamline+1","floor":39},{"not_picked":["Darkness","Cold Snap"],"picked":"Fission","floor":40},{"not_picked":["Creative AI","Machine Learning"],"picked":"Hologram","floor":41},{"not_picked":["Glacier","Consume+1","Blizzard"],"picked":"SKIP","floor":44},{"not_picked":["Streamline","Go for the Eyes+1"],"picked":"Aggregate","floor":46},{"not_picked":["Streamline+1","Electrodynamics+1"],"picked":"Hologram","floor":47},{"not_picked":["Streamline+1","Coolheaded","Go for the Eyes+1"],"picked":"SKIP","floor":48}],"player_experience":1576,"relics_obtained":[{"floor":6,"key":"Shuriken"},{"floor":8,"key":"Orichalcum"},{"floor":9,"key":"Cables"},{"floor":26,"key":"Potion Belt"},{"floor":29,"key":"Ice Cream"},{"floor":29,"key":"Bird Faced Urn"},{"floor":31,"key":"Vajra"},{"floor":31,"key":"Art of War"},{"floor":40,"key":"Pen Nib"},{"floor":40,"key":"Bag of Preparation"},{"floor":41,"key":"Darkstone Periapt"},{"floor":41,"key":"Frozen Egg 2"},{"floor":43,"key":"Symbiotic Virus"}],"event_choices":[{"event_name":"The Cleric","player_choice":"Card Removal","floor":2,"damage_taken":0},{"event_name":"Living Wall","player_choice":"Grow","floor":4,"damage_taken":0},{"event_name":"Liars Game","player_choice":"agreed","floor":5,"damage_taken":0},{"event_name":"N\u0027loth","player_choice":"Traded a Cables","floor":19,"damage_taken":0},{"event_name":"Drug Dealer","player_choice":"Inject Mutagens","floor":20,"damage_taken":0}],"is_beta":false,"boss_relics":[{"not_picked":["Calling Bell","Lizard Tail"],"picked":"Black Star"},{"not_picked":["Astrolabe","Runic Dome"],"picked":"Empty Cage"}],"items_purged_floors":[],"is_endless":false,"potions_floor_spawned":[6,10,12,14,18,22,28,39,40,41,46,47],"ascension_level":0}