{"gold_per_floor":[359,378,378,453,468,468,500,500,525,525,539,558,558,26,26,122,122,138,238,258,268,268],"floor_reached":22,"playtime":1904,"items_purged":["Regret"],"score":223,"play_id":"43baa27f-1813-48fd-8f4e-797233348244","local_time":"20190516223345","is_ascension_mode":true,"campfire_choices":[{"floor":6,"key":"REST"},{"floor":8,"key":"REST"},{"floor":10,"key":"REST"},{"data":"Seek","floor":13,"key":"SMITH"},{"data":"Consume","floor":15,"key":"SMITH"}],"neow_cost":"PERCENT_DAMAGE","seed_source_timestamp":64373072910107,"circlet_count":0,"master_deck":["Strike_B","Strike_B","Strike_B","Strike_B","Defend_B","Defend_B","Defend_B","Defend_B","Zap+1","Dualcast","BootSequence+1","Consume+1","Sunder","FTL","Go for the Eyes","FTL","Cold Snap","Seek+1","Hologram","Core Surge","Recycle","White Noise","Consume+1","Chaos"],"relics":["Cracked Core","Dream Catcher","Emotion Chip","War Paint","Frozen Egg 2","Omamori","Nuclear Battery","Pocketwatch","Mummified Hand"],"potions_floor_usage":[7,16,19,19],"damage_taken":[{"damage":0,"enemies":"Small Slimes","floor":1,"turns":2},{"damage":0,"enemies":"2 Louse","floor":2,"turns":2},{"damage":4,"enemies":"Jaw Worm","floor":5,"turns":3},{"damage":30,"enemies":"Lagavulin","floor":7,"turns":6},{"damage":0,"enemies":"2 Fungi Beasts","floor":11,"turns":2},{"damage":5,"enemies":"Exordium Thugs","floor":12,"turns":3},{"damage":29,"enemies":"Hexaghost","floor":16,"turns":9},{"damage":0,"enemies":"Shell Parasite","floor":18,"turns":5},{"damage":14,"enemies":"Colosseum Slavers","floor":19,"turns":5},{"damage":0,"enemies":"Colosseum Nobs","floor":19,"turns":3},{"damage":9,"enemies":"2 Thieves","floor":20,"turns":3},{"damage":16,"enemies":"Snake Plant","floor":21,"turns":4},{"damage":41,"enemies":"3 Cultists","floor":22,"turns":5}],"seed_played":"-8228440157671289138","potions_obtained":[{"floor":2,"key":"Energy Potion"},{"floor":11,"key":"PowerPotion"},{"floor":16,"key":"Weak Potion"},{"floor":18,"key":"PowerPotion"}],"is_trial":false,"path_per_floor":["M","M","?","?","M","R","E","R","T","R","M","M","R","$","R","B",null,"M","?","M","M","M"],"character_chosen":"DEFECT","items_purchased":["Frozen Egg 2","Omamori","Hologram"],"campfire_rested":3,"item_purchase_floors":[14,14,14],"current_hp_per_floor":[54,54,54,43,39,61,31,53,53,75,75,70,70,70,70,41,75,75,61,52,36,0],"gold":268,"neow_bonus":"TWO_FIFTY_GOLD","is_prod":false,"is_daily":false,"chose_seed":false,"campfire_upgraded":2,"win_rate":0,"timestamp":1558067625,"path_taken":["M","M","?","?","M","R","E","R","T","R","M","M","R","$","R","BOSS","M","?","M","M","M"],"build_version":"2019-01-23","purchased_purges":1,"victory":false,"max_hp_per_floor":[75,75,75,75,75,75,75,75,75,75,75,75,75,75,75,75,75,75,75,75,75,75],"card_choices":[{"not_picked":["Redo","White Noise"],"picked":"BootSequence","floor":1},{"not_picked":["Streamline","Ball Lightning"],"picked":"Consume","floor":2},{"not_picked":["Hologram","Undo"],"picked":"Sunder","floor":5},{"not_picked":["Leap","Ball Lightning"],"picked":"FTL","floor":6},{"not_picked":["Steam","Stack"],"picked":"Go for the Eyes","floor":7},{"not_picked":["Streamline","Sweeping Beam"],"picked":"FTL","floor":8},{"not_picked":["Auto Shields","Stack"],"picked":"Cold Snap","floor":11},{"not_picked":["Conserve Battery","Fusion"],"picked":"Seek","floor":12},{"not_picked":["Meteor Strike","Fission"],"picked":"Core Surge","floor":16},{"not_picked":["Streamline","Go for the Eyes"],"picked":"Recycle","floor":18},{"not_picked":["Double Energy+1","Leap"],"picked":"White Noise","floor":19},{"not_picked":["Rebound","Undo"],"picked":"Consume+1","floor":20},{"not_picked":["Leap","Steam"],"picked":"Chaos","floor":21}],"player_experience":200899,"relics_obtained":[{"floor":7,"key":"Emotion Chip"},{"floor":9,"key":"War Paint"},{"floor":19,"key":"Pocketwatch"},{"floor":19,"key":"Mummified Hand"}],"event_choices":[{"damage_healed":0,"gold_gain":0,"player_choice":"Box","damage_taken":0,"relics_obtained":["Dream Catcher"],"max_hp_gain":0,"max_hp_loss":0,"event_name":"Big Fish","floor":3,"gold_loss":0,"cards_obtained":["Regret"]},{"damage_healed":0,"gold_gain":75,"player_choice":"Gather Gold","damage_taken":11,"max_hp_gain":0,"max_hp_loss":0,"event_name":"World of Goop","floor":4,"gold_loss":0},{"damage_healed":0,"gold_gain":0,"player_choice":"Fight","damage_taken":0,"max_hp_gain":0,"max_hp_loss":0,"event_name":"Colosseum","floor":19,"gold_loss":0},{"damage_healed":0,"gold_gain":0,"player_choice":"Fought Nobs","damage_taken":0,"max_hp_gain":0,"max_hp_loss":0,"event_name":"Colosseum","floor":19,"gold_loss":0}],"is_beta":false,"boss_relics":[{"not_picked":["Lizard Tail","Tiny House"],"picked":"Nuclear Battery"}],"items_purged_floors":[14],"is_endless":false,"potions_floor_spawned":[2,11,16,18,19],"killed_by":"3 Cultists","ascension_level":4}