{"gold_per_floor":[119,132,144,154,134,160,160,13,68,94,106,121,121,132,132,132],"floor_reached":16,"playtime":893,"items_purged":[],"score":154,"play_id":"494476a6-c2b0-451d-9ac3-307b2c428c96","local_time":"20190530230905","is_ascension_mode":true,"campfire_choices":[{"floor":7,"key":"REST"},{"floor":13,"key":"REST"},{"data":"Envenom","floor":15,"key":"SMITH"}],"neow_cost":"PERCENT_DAMAGE","seed_source_timestamp":857310588400732,"circlet_count":0,"master_deck":["Defend_G","Defend_G","Defend_G","Defend_G","Defend_G","Strike_G","Strike_G","Strike_G","Strike_G","Strike_G","Survivor","Neutralize","Corpse Explosion","Poisoned Stab","Catalyst","Poisoned Stab","Dagger Spray","Flying Knee","Envenom+1","Escape Plan","Bouncing Flask","Poisoned Stab","Infinite Blades"],"relics":["Ring of the Snake","Singing Bowl","Bag of Preparation","Omamori"],"potions_floor_usage":[6,10,12],"damage_taken":[{"damage":0,"enemies":"2 Louse","floor":1,"turns":5},{"damage":1,"enemies":"Cultist","floor":2,"turns":3},{"damage":2,"enemies":"Jaw Worm","floor":3,"turns":4},{"damage":7,"enemies":"Looter","floor":4,"turns":4},{"damage":25,"enemies":"Gremlin Nob","floor":6,"turns":4},{"damage":10,"enemies":"Lagavulin","floor":10,"turns":6},{"damage":5,"enemies":"Blue Slaver","floor":11,"turns":5},{"damage":10,"enemies":"Red Slaver","floor":12,"turns":4},{"damage":0,"enemies":"Large Slime","floor":14,"turns":4},{"damage":33,"enemies":"Hexaghost","floor":16,"turns":7}],"seed_played":"4036421962312736309","potions_obtained":[{"floor":1,"key":"EssenceOfSteel"},{"floor":3,"key":"AttackPotion"},{"floor":5,"key":"PowerPotion"}],"is_trial":false,"path_per_floor":["M","M","M","M","?","E","R","$","T","E","M","M","R","M","R","B"],"character_chosen":"THE_SILENT","items_purchased":["Envenom"],"campfire_rested":2,"item_purchase_floors":[8],"current_hp_per_floor":[45,44,42,35,35,10,31,31,31,21,16,6,27,27,27,0],"gold":132,"neow_bonus":"THREE_RARE_CARDS","is_prod":false,"is_daily":false,"chose_seed":false,"campfire_upgraded":1,"win_rate":0,"timestamp":1559279345,"path_taken":["M","M","M","M","?","E","R","?","T","E","M","M","R","M","R","BOSS"],"build_version":"2019-01-23","purchased_purges":0,"victory":false,"max_hp_per_floor":[70,70,70,70,70,70,70,70,70,70,70,70,70,70,70,70],"card_choices":[{"not_picked":["Burst","Grand Finale"],"picked":"Corpse Explosion","floor":0},{"not_picked":["Tactician","Infinite Blades"],"picked":"Poisoned Stab","floor":1},{"not_picked":["Dodge and Roll","Tactician"],"picked":"Catalyst","floor":2},{"not_picked":["Distraction","Dagger Throw"],"picked":"Poisoned Stab","floor":3},{"not_picked":["Outmaneuver","Choke"],"picked":"Dagger Spray","floor":4},{"not_picked":["Slice","Choke"],"picked":"Flying Knee","floor":6},{"not_picked":["Underhanded Strike","Accuracy"],"picked":"Escape Plan","floor":10},{"not_picked":["Deadly Poison","Blade Dance"],"picked":"Bouncing Flask","floor":11},{"not_picked":["Flechettes","Concentrate"],"picked":"Poisoned Stab","floor":12},{"not_picked":["Outmaneuver","Dagger Throw"],"picked":"Infinite Blades","floor":14}],"player_experience":259198,"relics_obtained":[{"floor":6,"key":"Singing Bowl"},{"floor":9,"key":"Bag of Preparation"},{"floor":10,"key":"Omamori"}],"event_choices":[{"damage_healed":0,"gold_gain":0,"player_choice":"Bought 1 Potion","damage_taken":0,"max_hp_gain":0,"max_hp_loss":0,"event_name":"The Woman in Blue","floor":5,"gold_loss":0}],"is_beta":false,"boss_relics":[],"items_purged_floors":[],"is_endless":false,"potions_floor_spawned":[1,3],"killed_by":"Hexaghost","ascension_level":7}