{"gold_per_floor":[117,127,127,127,143,176,192,236,262,362,375,395,419,439,439,558,558,577,602,602,621,637,637,637],"floor_reached":24,"playtime":1093,"items_purged":[],"score":300,"play_id":"c54e2bf1-a5ea-48f9-a58c-c7a557ad1074","local_time":"20190620203449","is_ascension_mode":true,"campfire_choices":[{"data":"Zap","floor":15.0,"key":"SMITH"},{"floor":23.0,"key":"REST"}],"neow_cost":"NONE","seed_source_timestamp":144148034889031,"circlet_count":0,"master_deck":["Strike_B","Strike_B","Strike_B","Strike_B","Defend_B","Defend_B+1","Defend_B+1","Defend_B+1","Zap+1","Dualcast+1","Skim","Gash","Compile Driver","Conserve Battery","Streamline","Double Energy","Streamline","Rebound","Sunder","Self Repair","Creative AI","Ball Lightning","Cold Snap","Pain","FTL","Gash+1"],"special_seed":0,"relics":["Cracked Core","PreservedInsect","Golden Idol","Meat on the Bone","War Paint","Ancient Tea Set","Black Star","WarpedTongs"],"potions_floor_usage":[],"damage_taken":[{"damage":8.0,"enemies":"Small Slimes","floor":1.0,"turns":3.0},{"damage":1.0,"enemies":"Cultist","floor":2.0,"turns":3.0},{"damage":4.0,"enemies":"Jaw Worm","floor":5.0,"turns":3.0},{"damage":14.0,"enemies":"Lagavulin","floor":6.0,"turns":6.0},{"damage":12.0,"enemies":"Large Slime","floor":7.0,"turns":6.0},{"damage":14.0,"enemies":"3 Sentries","floor":8.0,"turns":6.0},{"damage":5.0,"enemies":"3 Louse","floor":11.0,"turns":3.0},{"damage":7.0,"enemies":"Red Slaver","floor":12.0,"turns":3.0},{"damage":14.0,"enemies":"Exordium Thugs","floor":13.0,"turns":4.0},{"damage":11.0,"enemies":"Large Slime","floor":14.0,"turns":3.0},{"damage":28.0,"enemies":"The Guardian","floor":16.0,"turns":9.0},{"damage":29.0,"enemies":"2 Thieves","floor":18.0,"turns":5.0},{"damage":0.0,"enemies":"Chosen","floor":19.0,"turns":4.0},{"damage":48.0,"enemies":"Shelled Parasite and Fungi","floor":21.0,"turns":6.0},{"damage":27.0,"enemies":"3 Cultists","floor":22.0,"turns":5.0},{"damage":49,"enemies":"Book of Stabbing","floor":24,"turns":4}],"seed_played":"1613706786827088233","potions_obtained":[{"floor":1.0,"key":"Swift Potion"},{"floor":7.0,"key":"PowerPotion"},{"floor":11.0,"key":"FearPotion"},{"floor":12.0,"key":"Strength Potion"},{"floor":22.0,"key":"Ancient Potion"}],"is_trial":false,"path_per_floor":["M","M","?","?","M","E","M","E","T","?","M","M","M","M","R","B",null,"M","M","?","M","M","R","E"],"character_chosen":"DEFECT","items_purchased":[],"campfire_rested":1,"item_purchase_floors":[],"current_hp_per_floor":[60,59,59,45,41,27,27,25,25,25,32,37,35,36,36,27,59,49,56,56,30,15,35,0],"gold":637,"neow_bonus":"RANDOM_COMMON_RELIC","is_prod":false,"is_daily":false,"chose_seed":false,"campfire_upgraded":1,"win_rate":0,"timestamp":1561084489,"path_taken":["M","M","?","?","M","E","M","E","T","?","M","M","M","M","R","BOSS","M","?","?","?","?","R","E"],"build_version":"2019-01-23","purchased_purges":0,"victory":false,"max_hp_per_floor":[75,75,69,69,69,69,69,69,69,69,69,69,69,69,69,69,69,69,69,69,69,69,69,69],"card_choices":[{"not_picked":["Auto Shields","Leap"],"picked":"Skim","floor":1.0},{"not_picked":["Go for the Eyes","FTL"],"picked":"Gash","floor":2.0},{"not_picked":["Streamline","Barrage"],"picked":"Compile Driver","floor":5.0},{"not_picked":["Reprogram","Thunder Strike"],"picked":"Conserve Battery","floor":6.0},{"not_picked":["Reprogram","Leap"],"picked":"Streamline","floor":7.0},{"not_picked":["Turbo","Auto Shields"],"picked":"Double Energy","floor":8.0},{"not_picked":["Leap","Chaos"],"picked":"Streamline","floor":11.0},{"not_picked":["Glacier","Auto Shields"],"picked":"Rebound","floor":12.0},{"not_picked":["Steam","Go for the Eyes"],"picked":"Sunder","floor":13.0},{"not_picked":["Doom and Gloom","Reboot"],"picked":"Self Repair","floor":14.0},{"not_picked":["Meteor Strike","Hyperbeam"],"picked":"Creative AI","floor":16.0},{"not_picked":["Stack+1","Turbo"],"picked":"Ball Lightning","floor":18.0},{"not_picked":["BootSequence","Fusion"],"picked":"Cold Snap","floor":19.0},{"not_picked":["Turbo","Darkness"],"picked":"FTL","floor":21.0},{"not_picked":["Steam Power","Stack"],"picked":"Gash+1","floor":22.0}],"player_experience":374898,"relics_obtained":[{"floor":6.0,"key":"Meat on the Bone"},{"floor":8.0,"key":"War Paint"},{"floor":9.0,"key":"Ancient Tea Set"}],"event_choices":[{"damage_healed":0.0,"max_hp_gain":0.0,"max_hp_loss":6.0,"gold_gain":0.0,"event_name":"Golden Idol","player_choice":"Lose Max HP","floor":3.0,"gold_loss":0.0,"damage_taken":0.0,"relics_obtained":["Golden Idol"]},{"damage_healed":0.0,"max_hp_gain":0.0,"max_hp_loss":0.0,"gold_gain":0.0,"event_name":"Shining Light","player_choice":"Entered Light","floor":4.0,"gold_loss":0.0,"damage_taken":14.0,"cards_upgraded":["Defend_B","Defend_B"]},{"damage_healed":0.0,"max_hp_gain":0.0,"max_hp_loss":0.0,"gold_gain":100.0,"event_name":"Golden Shrine","player_choice":"Pray","floor":10.0,"gold_loss":0.0,"damage_taken":0.0},{"damage_healed":0.0,"max_hp_gain":0.0,"max_hp_loss":0.0,"gold_gain":0.0,"event_name":"Accursed Blacksmith","player_choice":"Rummage","floor":20.0,"gold_loss":0.0,"damage_taken":0.0,"relics_obtained":["WarpedTongs"],"cards_obtained":["Pain"]}],"is_beta":false,"boss_relics":[{"not_picked":["Ectoplasm","Fusion Hammer"],"picked":"Black Star"}],"items_purged_floors":[],"is_endless":false,"potions_floor_spawned":[1,7,11,12,22],"killed_by":"Book of Stabbing","ascension_level":8}