{"gold_per_floor":[115,130,145,135,105,131,131,159,159,175,194,194,21,46,46,46],"floor_reached":16,"playtime":1039,"items_purged":[],"score":118,"play_id":"94b2b82d-5675-4b20-bc56-d8d17fcb1e9b","local_time":"20181007170901","is_ascension_mode":true,"campfire_choices":[{"data":"Scrape","floor":7,"key":"SMITH"},{"floor":15,"key":"REST"}],"neow_cost":"","seed_source_timestamp":1863619388553393,"circlet_count":0,"master_deck":["Strike_B","Strike_B","Strike_B","Strike_B","Defend_B","Defend_B","Defend_B","Defend_B","Zap","Dualcast","Defragment","Aggregate","Scrape+1","Stack","Sweeping Beam","Melter","Cold Snap","Gash","Skim","Rebound","Bandage Up","Go for the Eyes"],"relics":["Cracked Core","Turnip","Dream Catcher","Sundial","Smiling Mask"],"potions_floor_usage":[6,6,8,16],"damage_taken":[{"damage":4,"enemies":"Jaw Worm","floor":1,"turns":4},{"damage":1,"enemies":"Cultist","floor":2,"turns":3},{"damage":3,"enemies":"Small Slimes","floor":3,"turns":3},{"damage":18,"enemies":"Exordium Thugs","floor":4,"turns":4},{"damage":11,"enemies":"Gremlin Nob","floor":6,"turns":4},{"damage":25,"enemies":"3 Sentries","floor":8,"turns":7},{"damage":4,"enemies":"Red Slaver","floor":10,"turns":3},{"damage":3,"enemies":"Looter","floor":11,"turns":2},{"damage":33,"enemies":"The Guardian","floor":16,"turns":12}],"seed_played":"-2126673993603955334","potions_obtained":[{"floor":4,"key":"Strength Potion"},{"floor":5,"key":"EssenceOfSteel"},{"floor":5,"key":"Block Potion"},{"floor":8,"key":"SpeedPotion"},{"floor":10,"key":"Poison Potion"}],"is_trial":false,"path_per_floor":["M","M","M","M","?","E","R","E","T","M","M","?","$","T","R"],"character_chosen":"DEFECT","items_purchased":["Skim","Rebound","Bandage Up"],"campfire_rested":1,"item_purchase_floors":[13,13,13],"current_hp_per_floor":[71,70,67,49,49,38,38,13,13,9,6,6,6,6,28,0],"gold":46,"neow_bonus":"","is_prod":false,"is_daily":false,"chose_seed":false,"campfire_upgraded":1,"win_rate":0,"timestamp":1538953741,"path_taken":["M","M","M","M","?","E","R","E","T","?","M","?","$","?","R","BOSS"],"build_version":"2018-10-04v2","purchased_purges":0,"victory":false,"max_hp_per_floor":[75,75,75,75,75,75,75,75,75,75,75,75,75,75,75,75],"card_choices":[{"not_picked":["Turbo","Redo"],"picked":"Defragment","floor":1},{"not_picked":["Reprogram","Leap"],"picked":"Aggregate","floor":2},{"not_picked":["Cold Snap","Beam Cell"],"picked":"Scrape","floor":3},{"not_picked":["Redo","Fission"],"picked":"Stack","floor":4},{"not_picked":["Steam","Hologram"],"picked":"Sweeping Beam","floor":6},{"not_picked":["Double Energy","Defragment"],"picked":"Melter","floor":8},{"not_picked":["Streamline","Consume"],"picked":"Cold Snap","floor":10},{"not_picked":["Chaos","Rebound"],"picked":"Gash","floor":11},{"not_picked":["Barrage","Ball Lightning"],"picked":"Go for the Eyes","floor":15}],"player_experience":74441,"relics_obtained":[{"floor":6,"key":"Turnip"},{"floor":8,"key":"Dream Catcher"},{"floor":9,"key":"Sundial"},{"floor":14,"key":"Smiling Mask"}],"event_choices":[{"event_name":"The Woman in Blue","player_choice":"Bought 2 Potions","floor":5,"damage_taken":0},{"event_name":"Shining Light","player_choice":"Ignored","floor":12,"damage_taken":0}],"is_beta":false,"boss_relics":[],"items_purged_floors":[],"is_endless":false,"potions_floor_spawned":[4,8,10],"killed_by":"The Guardian","ascension_level":1}