{"gold_per_floor":[110,110,129,155,155,181,199,199,199,210,119,119,119,154,154,228,228,245,245,260,15,30,65,65,76,76,76],"floor_reached":27,"playtime":1084,"items_purged":[],"score":410,"play_id":"2e65d882-78e4-4ace-ad38-8f9c50ee827a","local_time":"20190507130839","is_ascension_mode":true,"campfire_choices":[{"floor":8,"key":"REST"},{"floor":12,"key":"REST"},{"floor":15,"key":"DIG"},{"floor":24,"key":"REST"}],"neow_cost":"NONE","seed_source_timestamp":102910543711500,"circlet_count":0,"master_deck":["AscendersBane","Strike_B","Defend_B","Defend_B","Defend_B","Defend_B","Zap","Dualcast","Cold Snap","Compile Driver","Barrage","Leap","Tempest","Genetic Algorithm","Cold Snap","Fission","Go for the Eyes","Loop","Steam","Hologram"],"relics":["FrozenCore","Centennial Puzzle","Unceasing Top","Shovel","Peace Pipe","Art of War","Shuriken","Sling","FossilizedHelix","Calipers"],"potions_floor_usage":[14,16,22,23],"damage_taken":[{"damage":8,"enemies":"Small Slimes","floor":1,"turns":3},{"damage":7,"enemies":"Jaw Worm","floor":3,"turns":3},{"damage":33,"enemies":"Lagavulin","floor":6,"turns":8},{"damage":3,"enemies":"2 Louse","floor":7,"turns":2},{"damage":0,"enemies":"Looter","floor":10,"turns":3},{"damage":9,"enemies":"Gremlin Nob","floor":14,"turns":4},{"damage":26,"enemies":"The Guardian","floor":16,"turns":16},{"damage":17,"enemies":"Shell Parasite","floor":18,"turns":7},{"damage":3,"enemies":"Chosen","floor":20,"turns":4},{"damage":16,"enemies":"Centurion and Healer","floor":22,"turns":9},{"damage":15,"enemies":"Slavers","floor":23,"turns":7},{"damage":15,"enemies":"Snecko","floor":25,"turns":8},{"damage":13,"enemies":"Cultist and Chosen","floor":27,"turns":4}],"seed_played":"6528785543007247894","potions_obtained":[{"floor":1,"key":"SteroidPotion"},{"floor":10,"key":"SkillPotion"},{"floor":14,"key":"SkillPotion"},{"floor":18,"key":"Poison Potion"},{"floor":19,"key":"AttackPotion"},{"floor":25,"key":"Ancient Potion"}],"is_trial":false,"path_per_floor":["M","?","M","T","?","E","M","R","T","M","$","R","T","E","R","B",null,"M","?","M","$","M","E","R","M","T","M"],"character_chosen":"DEFECT","items_purchased":["Genetic Algorithm","Cold Snap","Sling","Steam"],"campfire_rested":3,"item_purchase_floors":[11,11,21,21],"current_hp_per_floor":[56,49,42,42,42,9,6,27,27,27,27,48,48,39,39,13,57,40,40,37,37,21,6,27,12,12,0],"gold":76,"neow_bonus":"REMOVE_CARD","is_prod":false,"is_daily":false,"chose_seed":false,"campfire_upgraded":0,"win_rate":0,"timestamp":1557227319,"path_taken":["M","?","M","?","?","E","M","R","T","M","$","R","?","E","R","BOSS","M","?","M","$","M","E","R","?","T","M"],"build_version":"2019-04-23","purchased_purges":0,"victory":false,"max_hp_per_floor":[71,71,71,71,71,71,71,71,71,71,71,71,71,71,71,71,71,71,71,71,71,71,71,71,71,71,71],"card_choices":[{"not_picked":["Doom and Gloom","Steam"],"picked":"Cold Snap","floor":1},{"not_picked":["Streamline","Hologram"],"picked":"Compile Driver","floor":3},{"not_picked":["Streamline","Static Discharge"],"picked":"Barrage","floor":6},{"not_picked":["Sunder","Force Field"],"picked":"Leap","floor":7},{"not_picked":["Redo","Rebound"],"picked":"Tempest","floor":10},{"not_picked":["Hello World","Doom and Gloom","Gash"],"picked":"SKIP","floor":14},{"not_picked":["Rainbow","Hyperbeam"],"picked":"Fission","floor":16},{"not_picked":["Turbo","Defragment"],"picked":"Go for the Eyes","floor":18},{"not_picked":["Stack","Doom and Gloom"],"picked":"Loop","floor":20},{"not_picked":["Heatsinks","Beam Cell","Streamline"],"picked":"SKIP","floor":22},{"not_picked":["Barrage","Go for the Eyes"],"picked":"Hologram","floor":23},{"not_picked":["Hello World+1","Skim+1","Go for the Eyes"],"picked":"SKIP","floor":25}],"player_experience":587883,"relics_obtained":[{"floor":4,"key":"Centennial Puzzle"},{"floor":6,"key":"Unceasing Top"},{"floor":9,"key":"Shovel"},{"floor":13,"key":"Peace Pipe"},{"floor":14,"key":"Art of War"},{"floor":15,"key":"Shuriken"},{"floor":23,"key":"FossilizedHelix"},{"floor":26,"key":"Calipers"}],"event_choices":[{"cards_removed":["Strike_B"],"damage_healed":0,"gold_gain":0,"player_choice":"Card Removal","damage_taken":7,"max_hp_gain":0,"max_hp_loss":0,"event_name":"Golden Wing","floor":2,"gold_loss":0},{"cards_removed":["Strike_B"],"damage_healed":0,"gold_gain":0,"player_choice":"Forget","damage_taken":0,"max_hp_gain":0,"max_hp_loss":0,"event_name":"Living Wall","floor":5,"gold_loss":0},{"damage_healed":0,"gold_gain":0,"player_choice":"Got Potions","damage_taken":0,"max_hp_gain":0,"max_hp_loss":0,"event_name":"Lab","floor":19,"gold_loss":0}],"is_beta":true,"boss_relics":[{"not_picked":["White Beast Statue","Ectoplasm"],"picked":"FrozenCore"}],"items_purged_floors":[],"is_endless":false,"potions_floor_spawned":[1,10,14,18,20,25],"killed_by":"Cultist and Chosen","ascension_level":14}