{"gold_per_floor":[119,119,136,136,151,177,177,207,207,207,225,235,254,267,267,367,367,380,91,108,108,140,175,175,90,90,90,122,72,87,118,118,215,215,234,456,20,20,36,36,67,67,67,87,97,97,128,155,167,179],"floor_reached":51,"playtime":3746,"items_purged":["Defend_G","Defend_G"],"score":925,"play_id":"4d94f653-d294-4586-894c-6aa88bf19c63","local_time":"20181011233329","is_ascension_mode":true,"campfire_choices":[{"data":"Sucker Punch","floor":7,"key":"SMITH"},{"floor":15,"key":"REST"},{"floor":24,"key":"REST"},{"floor":32,"key":"REST"},{"data":"1","floor":40,"key":"LIFT"},{"data":"2","floor":42,"key":"LIFT"},{"data":"3","floor":46,"key":"LIFT"},{"floor":49,"key":"REST"}],"neow_cost":"NONE","seed_source_timestamp":69731866516991,"circlet_count":0,"master_deck":["Defend_G","Defend_G","Defend_G","Strike_G","Strike_G","Strike_G","Strike_G","Strike_G","Survivor","Neutralize","Backstab","Dodge and Roll","Deflect","Sucker Punch+1","Dagger Throw","Dagger Spray","Flying Knee","Storm of Steel","Slice","Phantasmal Killer","Flying Knee+1","Quick Slash","Slice","Infinite Blades","Finesse","Caltrops+1","RitualDagger","Prepared+1","Blade Dance+1","Poisoned Stab","Blade Dance+1","A Thousand Cuts","Storm of Steel+1","Riddle With Holes+1","Sucker Punch","Masterful Stab","Footwork","Writhe","Underhanded Strike+1","Dagger Spray","Prepared+1","Sucker Punch+1","PiercingWail+1","Blade Dance+1"],"relics":["Runic Pyramid","Smiling Mask","Mango","Regal Pillow","Torii","Girya","Fusion Hammer","Red Mask","Calipers","Shuriken","Question Card","Strawberry","Pear","Toxic Egg 2","Eternal Feather","Bottled Flame","Tough Bandages","Meat on the Bone","MawBank"],"potions_floor_usage":[6,6,12,12,13,16,23,28,31,39,39,39,45,48,48,50],"damage_taken":[{"damage":0,"enemies":"2 Louse","floor":1,"turns":3},{"damage":4,"enemies":"Jaw Worm","floor":3,"turns":4},{"damage":0,"enemies":"Cultist","floor":5,"turns":4},{"damage":14,"enemies":"Lagavulin","floor":6,"turns":12},{"damage":16,"enemies":"Gremlin Nob","floor":8,"turns":5},{"damage":0,"enemies":"3 Louse","floor":11,"turns":4},{"damage":2,"enemies":"Gremlin Gang","floor":12,"turns":3},{"damage":6,"enemies":"Exordium Thugs","floor":13,"turns":4},{"damage":1,"enemies":"2 Fungi Beasts","floor":14,"turns":3},{"damage":18,"enemies":"Hexaghost","floor":16,"turns":11},{"damage":0,"enemies":"Spheric Guardian","floor":18,"turns":2},{"damage":19,"enemies":"2 Thieves","floor":20,"turns":4},{"damage":13,"enemies":"Masked Bandits","floor":22,"turns":4},{"damage":37,"enemies":"Slavers","floor":23,"turns":5},{"damage":18,"enemies":"Book of Stabbing","floor":28,"turns":4},{"damage":1,"enemies":"Cultist and Chosen","floor":30,"turns":3},{"damage":20,"enemies":"Gremlin Leader","floor":31,"turns":5},{"damage":33,"enemies":"Automaton","floor":33,"turns":6},{"damage":29,"enemies":"3 Shapes","floor":35,"turns":6},{"damage":0,"enemies":"Orb Walker","floor":39,"turns":1},{"damage":19,"enemies":"Nemesis","floor":41,"turns":5},{"damage":0,"enemies":"Transient","floor":44,"turns":5},{"damage":13,"enemies":"Maw","floor":45,"turns":6},{"damage":20,"enemies":"Giant Head","floor":47,"turns":5},{"damage":11,"enemies":"Spire Growth","floor":48,"turns":2},{"damage":61,"enemies":"Donu and Deca","floor":50,"turns":6}],"seed_played":"5142225972431501579","potions_obtained":[{"floor":1,"key":"GhostInAJar"},{"floor":3,"key":"Block Potion"},{"floor":8,"key":"SkillPotion"},{"floor":10,"key":"Strength Potion"},{"floor":10,"key":"Energy Potion"},{"floor":14,"key":"FearPotion"},{"floor":22,"key":"Block Potion"},{"floor":23,"key":"Weak Potion"},{"floor":30,"key":"LiquidBronze"},{"floor":35,"key":"EntropicBrew"},{"floor":44,"key":"Fire Potion"},{"floor":45,"key":"Weak Potion"},{"floor":47,"key":"Energy Potion"}],"is_trial":false,"path_per_floor":["M","?","M","T","M","E","R","E","T","?","M","M","M","M","R","B",null,"M","$","M","?","?","E","R","?","T","?","E","$","M","E","R","B",null,"M","?","$","?","M","R","E","R","T","M","M","R","E","M","R","B"],"character_chosen":"THE_SILENT","items_purchased":["Quick Slash","Slice","Infinite Blades","Finesse","Bottled Flame","Sucker Punch","Masterful Stab","Footwork"],"campfire_rested":4,"item_purchase_floors":[19,19,19,19,37,37,37,37],"current_hp_per_floor":[70,67,63,77,77,63,63,47,47,47,47,45,39,38,78,60,84,84,84,65,59,46,9,49,49,49,56,48,48,47,27,72,39,101,72,72,72,97,97,101,82,101,101,101,88,101,81,70,101,52],"gold":191,"neow_bonus":"BOSS_RELIC","is_prod":false,"is_daily":false,"chose_seed":false,"campfire_upgraded":1,"win_rate":0,"timestamp":1539322409,"path_taken":["M","?","M","?","M","E","R","E","T","?","M","?","M","M","R","BOSS","M","$","M","?","?","E","R","?","T","?","E","?","?","E","R","BOSS","M","?","?","?","?","R","E","R","T","M","M","R","E","M","R","BOSS"],"build_version":"2018-10-11","purchased_purges":2,"victory":true,"max_hp_per_floor":[70,70,70,84,84,84,84,84,84,84,84,84,84,84,84,84,84,84,84,84,84,84,84,84,84,84,91,101,101,101,101,101,101,101,101,101,101,101,101,101,101,101,101,101,101,101,101,101,101,101],"card_choices":[{"not_picked":["Footwork","Bane"],"picked":"Backstab","floor":1},{"not_picked":["Deadly Poison","Cloak And Dagger"],"picked":"Dodge and Roll","floor":3},{"not_picked":["Outmaneuver","Heel Hook"],"picked":"Deflect","floor":5},{"not_picked":["Bane","Blade Dance"],"picked":"Sucker Punch","floor":6},{"not_picked":["Tools of the Trade","Outmaneuver"],"picked":"Dagger Throw","floor":8},{"not_picked":["Acrobatics","Tactician"],"picked":"Dagger Spray","floor":11},{"not_picked":["Acrobatics","Slice"],"picked":"Flying Knee","floor":12},{"not_picked":["Cloak And Dagger","Setup"],"picked":"Storm of Steel","floor":13},{"not_picked":["Deadly Poison","Quick Slash"],"picked":"Slice","floor":14},{"not_picked":["Glass Knife","Night Terror"],"picked":"Phantasmal Killer","floor":16},{"not_picked":["Noxious Fumes","Setup"],"picked":"Flying Knee+1","floor":18},{"not_picked":["Catalyst","Deadly Poison"],"picked":"Caltrops+1","floor":20},{"not_picked":["Concentrate","Bane+1"],"picked":"Prepared+1","floor":22},{"not_picked":["Noxious Fumes","Poisoned Stab+1"],"picked":"Blade Dance+1","floor":23},{"not_picked":["Deadly Poison","Acrobatics","Calculated Gamble"],"picked":"Poisoned Stab","floor":28},{"not_picked":["Well Laid Plans+1","Bane","Crippling Poison"],"picked":"Blade Dance+1","floor":30},{"not_picked":["Cloak And Dagger+1","Heel Hook+1","Bouncing Flask"],"picked":"A Thousand Cuts","floor":31},{"not_picked":["Malaise+1","Die Die Die","Unload"],"picked":"Storm of Steel+1","floor":33},{"not_picked":["Footwork","Well Laid Plans","Deflect+1"],"picked":"Riddle With Holes+1","floor":35},{"not_picked":["Concentrate+1","Heel Hook","PiercingWail+1"],"picked":"Underhanded Strike+1","floor":39},{"not_picked":["Deflect+1","Outmaneuver+1","Wraith Form v2"],"picked":"Dagger Spray","floor":41},{"not_picked":["Backflip+1","Deadly Poison+1","Flying Knee"],"picked":"Prepared+1","floor":44},{"not_picked":["Bane+1","Caltrops","Dash+1"],"picked":"Sucker Punch+1","floor":45},{"not_picked":["Slice","Doppelganger+1","Underhanded Strike+1"],"picked":"PiercingWail+1","floor":47},{"not_picked":["Prepared+1","Predator","Slice"],"picked":"Blade Dance+1","floor":48}],"player_experience":102941,"relics_obtained":[{"floor":4,"key":"Mango"},{"floor":6,"key":"Regal Pillow"},{"floor":8,"key":"Torii"},{"floor":9,"key":"Girya"},{"floor":22,"key":"Red Mask"},{"floor":23,"key":"Calipers"},{"floor":26,"key":"Question Card"},{"floor":28,"key":"Pear"},{"floor":31,"key":"Toxic Egg 2"},{"floor":41,"key":"Tough Bandages"},{"floor":43,"key":"Meat on the Bone"},{"floor":47,"key":"MawBank"}],"event_choices":[{"event_name":"Scrap Ooze","player_choice":"success","floor":2,"damage_taken":3},{"event_name":"The Lab","player_choice":"Got Potions","floor":10,"damage_taken":0},{"event_name":"Nest","player_choice":"Joined the Cult","floor":21,"damage_taken":0},{"event_name":"Masked Bandits","player_choice":"Fought Bandits","floor":22,"damage_taken":0},{"event_name":"Addict","player_choice":"Obtained Relic","floor":25,"damage_taken":0},{"event_name":"The Mausoleum","player_choice":"Yes","floor":27,"damage_taken":0},{"event_name":"Tomb of Lord Red Mask","player_choice":"Wore Mask","floor":36,"damage_taken":0},{"event_name":"Winding Halls","player_choice":"Writhe","floor":38,"damage_taken":0}],"is_beta":false,"boss_relics":[{"not_picked":["Cursed Key","Sozu"],"picked":"Fusion Hammer"},{"not_picked":["Black Star","Coffee Dripper"],"picked":"Eternal Feather"}],"items_purged_floors":[19,29],"is_endless":false,"potions_floor_spawned":[1,3,8,14,22,23,30,35,44,45,47],"ascension_level":2}