{"gold_per_floor":[116,128,145,165,184,184,210,210,210,238,255,271,300,310,310,384,384,398,368,387,63,74,74,94,9,9,108,108],"floor_reached":28,"playtime":1097,"items_purged":["Strike_B"],"score":398,"play_id":"8d94b9a5-d037-498b-ac60-682dda675484","local_time":"20190507142045","is_ascension_mode":true,"campfire_choices":[{"floor":6,"key":"REST"},{"floor":8,"key":"REST"},{"floor":15,"key":"REST"},{"floor":23,"key":"REST"}],"neow_cost":"NONE","seed_source_timestamp":107223063934200,"circlet_count":0,"master_deck":["AscendersBane","Strike_B","Strike_B","Strike_B","Defend_B","Defend_B","Defend_B","Defend_B","Zap","Dualcast+1","Barrage","FTL","Ball Lightning","Recycle+1","Compile Driver","Undo","Darkness","Coolheaded","Buffer","Conserve Battery","Echo Form","Loop","Go for the Eyes","Hologram+1","Fusion"],"relics":["Cracked Core","War Paint","Pantograph","Happy Flower","DataDisk","Inserter","Shuriken","Torii","Letter Opener"],"potions_floor_usage":[10,10,13,16,20,24,28],"damage_taken":[{"damage":1,"enemies":"Cultist","floor":1,"turns":4},{"damage":8,"enemies":"Jaw Worm","floor":2,"turns":4},{"damage":0,"enemies":"2 Louse","floor":3,"turns":2},{"damage":28,"enemies":"Exordium Thugs","floor":4,"turns":5},{"damage":32,"enemies":"Lots of Slimes","floor":5,"turns":4},{"damage":10,"enemies":"3 Sentries","floor":10,"turns":5},{"damage":1,"enemies":"Looter","floor":11,"turns":3},{"damage":8,"enemies":"Large Slime","floor":12,"turns":3},{"damage":11,"enemies":"Lagavulin","floor":13,"turns":6},{"damage":1,"enemies":"Exordium Wildlife","floor":14,"turns":4},{"damage":19,"enemies":"The Guardian","floor":16,"turns":9},{"damage":21,"enemies":"Spheric Guardian","floor":18,"turns":5},{"damage":25,"enemies":"3 Byrds","floor":20,"turns":5},{"damage":32,"enemies":"Centurion and Healer","floor":22,"turns":6},{"damage":25,"enemies":"Snake Plant","floor":24,"turns":5},{"damage":10,"enemies":"Cultist and Chosen","floor":28,"turns":4}],"seed_played":"8506237812218600879","potions_obtained":[{"floor":1,"key":"FocusPotion"},{"floor":5,"key":"Fire Potion"},{"floor":12,"key":"Block Potion"},{"floor":13,"key":"Strength Potion"},{"floor":19,"key":"EssenceOfSteel"},{"floor":19,"key":"Regen Potion"},{"floor":22,"key":"SpeedPotion"}],"is_trial":false,"path_per_floor":["M","M","M","M","M","R","T","R","T","E","M","M","E","M","R","B",null,"M","?","M","$","M","R","M","?","T","?","M"],"character_chosen":"DEFECT","items_purchased":["Shuriken"],"campfire_rested":4,"item_purchase_floors":[21],"current_hp_per_floor":[70,62,62,34,2,25,25,48,48,38,37,29,18,17,40,46,70,49,49,38,38,6,29,4,4,4,4,0],"gold":108,"neow_bonus":"TEN_PERCENT_HP_BONUS","is_prod":false,"is_daily":false,"chose_seed":false,"campfire_upgraded":0,"win_rate":0,"timestamp":1557231645,"path_taken":["M","M","?","?","?","R","?","R","T","E","M","M","E","M","R","BOSS","M","?","M","?","?","R","M","?","T","?","M"],"build_version":"2019-04-23","purchased_purges":1,"victory":false,"max_hp_per_floor":[78,78,78,78,78,78,78,78,78,78,78,78,78,78,78,78,78,78,78,78,78,78,78,78,78,78,78,78],"card_choices":[{"not_picked":["Gash","Chill"],"picked":"Barrage","floor":1},{"not_picked":["Beam Cell","Streamline"],"picked":"FTL","floor":2},{"not_picked":["Stack","Tempest"],"picked":"Ball Lightning","floor":3},{"not_picked":["Rebound","Redo"],"picked":"Recycle","floor":4},{"not_picked":["Sweeping Beam","Capacitor"],"picked":"Compile Driver","floor":5},{"not_picked":["Barrage","Doom and Gloom"],"picked":"Undo","floor":10},{"not_picked":["Steam Power","Streamline"],"picked":"Darkness","floor":11},{"not_picked":["Barrage","Blizzard"],"picked":"Coolheaded","floor":12},{"not_picked":["All For One","Conserve Battery"],"picked":"Buffer","floor":13},{"not_picked":["Recycle","Heatsinks"],"picked":"Conserve Battery","floor":14},{"not_picked":["Meteor Strike","Buffer"],"picked":"Echo Form","floor":16},{"not_picked":["Undo","Beam Cell"],"picked":"Loop","floor":18},{"not_picked":["Blizzard","Streamline"],"picked":"Go for the Eyes","floor":20},{"not_picked":["Compile Driver","Leap"],"picked":"Hologram+1","floor":22},{"not_picked":["Rainbow","Barrage"],"picked":"Fusion","floor":24}],"player_experience":590835,"relics_obtained":[{"floor":7,"key":"War Paint"},{"floor":9,"key":"Pantograph"},{"floor":10,"key":"Happy Flower"},{"floor":13,"key":"DataDisk"},{"floor":26,"key":"Letter Opener"}],"event_choices":[{"damage_healed":0,"gold_gain":0,"player_choice":"Bought 2 Potions","damage_taken":0,"max_hp_gain":0,"max_hp_loss":0,"event_name":"The Woman in Blue","floor":19,"gold_loss":0},{"damage_healed":0,"gold_gain":0,"player_choice":"Obtained Relic","damage_taken":0,"relics_obtained":["Torii"],"max_hp_gain":0,"max_hp_loss":0,"event_name":"Addict","floor":25,"gold_loss":85},{"damage_healed":0,"gold_gain":99,"player_choice":"Stole From Cult","damage_taken":0,"max_hp_gain":0,"max_hp_loss":0,"event_name":"Nest","floor":27,"gold_loss":0}],"is_beta":true,"boss_relics":[{"not_picked":["Eternal Feather","Runic Pyramid"],"picked":"Inserter"}],"items_purged_floors":[21],"is_endless":false,"potions_floor_spawned":[1,5,12,13,22],"killed_by":"Cultist and Chosen","ascension_level":14}