{"gold_per_floor":[363,363,388,401,416,416,457,331,331,331,281,319,337,357,357,488,488,503,521,178,193,193,234,234,277,277,293,312,113,127,150,150,279,279,295,310,68,68,91,162,177,177,177,177,177,200,200,0,0,0],"floor_reached":51,"playtime":5272,"items_purged":["Bash","Strike_R"],"score":806,"play_id":"f07f8f17-519b-4468-847e-c75b16df0538","local_time":"20181002233259","is_ascension_mode":false,"campfire_choices":[{"data":"Armaments","floor":6,"key":"SMITH"},{"floor":10,"key":"REST"},{"data":"Metallicize","floor":15,"key":"SMITH"},{"data":"Barricade","floor":24,"key":"SMITH"},{"data":"Juggernaut","floor":32,"key":"SMITH"},{"floor":45,"key":"REST"},{"floor":47,"key":"REST"},{"floor":49,"key":"REST"}],"neow_cost":"PERCENT_DAMAGE","seed_source_timestamp":1450354205197199,"circlet_count":0,"master_deck":["Strike_R","Strike_R","Strike_R","Defend_R","Defend_R","Defend_R","Defend_R","Armaments+1","Shrug It Off","Shrug It Off","Shrug It Off","Metallicize+1","Armaments","Thunderclap","Intimidate","Brutality","Barricade+1","Cleave","Flame Barrier","Magnetism","Juggernaut+1","Rampage","Flame Barrier","Body Slam","Infernal Blade","Body Slam","Body Slam+1","Jack Of All Trades","Iron Wave","Burning Pact","Juggernaut","Infernal Blade+1","Entrench+1","Iron Wave","Warcry","Dual Wield"],"relics":["Burning Blood","Golden Idol","Potion Belt","Happy Flower","Pear","Sozu","Mummified Hand","Bag of Preparation","Bottled Lightning","Black Star","Question Card","Omamori","Tiny Chest","Dodecahedron","Red Mask"],"potions_floor_usage":[5,14,40],"damage_taken":[{"damage":0,"enemies":"Cultist","floor":1,"turns":4},{"damage":2,"enemies":"Small Slimes","floor":3,"turns":5},{"damage":0,"enemies":"2 Louse","floor":4,"turns":3},{"damage":0,"enemies":"2 Fungi Beasts","floor":5,"turns":6},{"damage":34,"enemies":"Gremlin Nob","floor":7,"turns":5},{"damage":15,"enemies":"Lagavulin","floor":12,"turns":18},{"damage":8,"enemies":"3 Louse","floor":13,"turns":6},{"damage":7,"enemies":"Gremlin Gang","floor":14,"turns":7},{"damage":28,"enemies":"The Guardian","floor":16,"turns":23},{"damage":9,"enemies":"3 Byrds","floor":18,"turns":11},{"damage":0,"enemies":"Shell Parasite","floor":19,"turns":14},{"damage":12,"enemies":"Snake Plant","floor":21,"turns":6},{"damage":14,"enemies":"Book of Stabbing","floor":23,"turns":7},{"damage":0,"enemies":"Gremlin Leader","floor":25,"turns":8},{"damage":11,"enemies":"Snecko","floor":27,"turns":5},{"damage":4,"enemies":"3 Cultists","floor":28,"turns":5},{"damage":0,"enemies":"Sentry and Sphere","floor":30,"turns":4},{"damage":19,"enemies":"Snecko","floor":31,"turns":4},{"damage":1,"enemies":"Champ","floor":33,"turns":9},{"damage":0,"enemies":"3 Shapes","floor":35,"turns":3},{"damage":12,"enemies":"3 Darklings","floor":36,"turns":4},{"damage":20,"enemies":"Reptomancer","floor":39,"turns":6},{"damage":65,"enemies":"2 Orb Walkers","floor":40,"turns":5},{"damage":0,"enemies":"Transient","floor":41,"turns":5},{"damage":34,"enemies":"3 Darklings","floor":46,"turns":7},{"damage":44,"enemies":"Donu and Deca","floor":50,"turns":9}],"seed_played":"-2852841346905776971","potions_obtained":[{"floor":3,"key":"Weak Potion"},{"floor":5,"key":"GamblersBrew"},{"floor":13,"key":"Block Potion"}],"is_trial":false,"path_per_floor":["M","?","M","M","M","R","E","$","T","R","?","E","M","M","R","B",null,"M","M","$","M","?","E","R","E","T","M","M","$","M","M","R","B",null,"M","M","$","$","M","E","M","?","T","?","R","M","R","?","R","B"],"character_chosen":"IRONCLAD","items_purchased":["Armaments","Magnetism","Juggernaut","Rampage","Jack Of All Trades","Question Card"],"campfire_rested":4,"item_purchase_floors":[8,20,20,20,29,37],"current_hp_per_floor":[62,42,46,52,58,58,30,30,30,54,54,55,53,52,52,30,90,87,90,90,84,84,76,76,82,82,77,79,79,85,72,72,77,90,90,84,84,84,70,11,17,17,17,40,67,39,66,66,90,52],"gold":0,"neow_bonus":"TWO_FIFTY_GOLD","is_prod":false,"is_daily":false,"chose_seed":false,"campfire_upgraded":4,"win_rate":0.0,"timestamp":1538544779,"path_taken":["M","?","M","M","M","R","E","$","T","R","?","E","M","M","R","BOSS","M","?","$","M","?","E","R","E","T","M","M","$","M","M","R","BOSS","M","M","?","$","M","E","M","?","T","?","R","M","R","?","R","BOSS"],"build_version":"2018-09-27","purchased_purges":2,"victory":true,"max_hp_per_floor":[80,80,80,80,80,80,80,80,80,80,80,90,90,90,90,90,90,90,90,90,90,90,90,90,90,90,90,90,90,90,90,90,90,90,90,90,90,90,90,90,90,90,90,90,90,90,90,90,90,90],"card_choices":[{"not_picked":["Anger","Rupture"],"picked":"Armaments","floor":1},{"not_picked":["Searing Blow","Anger"],"picked":"Shrug It Off","floor":3},{"not_picked":["Twin Strike","Clothesline"],"picked":"Shrug It Off","floor":4},{"not_picked":["Anger","Combust"],"picked":"Shrug It Off","floor":5},{"not_picked":["Sever Soul","Anger"],"picked":"Metallicize","floor":7},{"not_picked":["Sword Boomerang","Feel No Pain"],"picked":"Thunderclap","floor":12},{"not_picked":["Dual Wield","Thunderclap"],"picked":"Intimidate","floor":13},{"not_picked":["Reckless Charge","Rage"],"picked":"Brutality","floor":14},{"not_picked":["Dark Embrace","Double Tap"],"picked":"Barricade","floor":16},{"not_picked":["Uppercut","Clash+1"],"picked":"Cleave","floor":18},{"not_picked":["Battle Trance","Headbutt"],"picked":"Flame Barrier","floor":19},{"not_picked":["Feel No Pain","Twin Strike"],"picked":"Flame Barrier","floor":21},{"not_picked":["Clothesline","Perfected Strike+1"],"picked":"Iron Wave","floor":23},{"not_picked":["Headbutt","Heavy Blade"],"picked":"Infernal Blade","floor":25},{"not_picked":["Berserk","True Grit"],"picked":"Body Slam","floor":27},{"not_picked":["Twin Strike+1","Clash"],"picked":"Body Slam+1","floor":28},{"not_picked":["Blood for Blood","Feel No Pain"],"picked":"Iron Wave","floor":30},{"not_picked":["Armaments","Reckless Charge+1"],"picked":"Burning Pact","floor":31},{"not_picked":["Reaper","Impervious"],"picked":"Juggernaut","floor":33},{"not_picked":["Clash+1","Pommel Strike"],"picked":"Infernal Blade+1","floor":35},{"not_picked":["Flame Barrier","Warcry"],"picked":"Entrench+1","floor":36},{"not_picked":["Twin Strike+1","Uppercut","Spot Weakness"],"picked":"Iron Wave","floor":39},{"not_picked":["Intimidate","Iron Wave","Rage"],"picked":"Warcry","floor":40},{"not_picked":["Heavy Blade+1","Whirlwind","Anger","Perfected Strike"],"picked":"SKIP","floor":41},{"not_picked":["Headbutt","Clothesline","Sword Boomerang+1"],"picked":"Dual Wield","floor":46}],"player_experience":49833,"relics_obtained":[{"floor":7,"key":"Potion Belt"},{"floor":9,"key":"Happy Flower"},{"floor":12,"key":"Pear"},{"floor":23,"key":"Mummified Hand"},{"floor":25,"key":"Bag of Preparation"},{"floor":26,"key":"Bottled Lightning"},{"floor":40,"key":"Omamori"},{"floor":40,"key":"Tiny Chest"},{"floor":43,"key":"Dodecahedron"}],"event_choices":[{"event_name":"Golden Idol","player_choice":"Take Damage","floor":2,"damage_taken":0},{"event_name":"The Cleric","player_choice":"Card Removal","floor":11,"damage_taken":0},{"event_name":"The Library","player_choice":"Read","floor":22,"damage_taken":0},{"event_name":"Falling","player_choice":"Removed Attack","floor":42,"damage_taken":0},{"event_name":"Winding Halls","player_choice":"Writhe","floor":44,"damage_taken":0},{"event_name":"Tomb of Lord Red Mask","player_choice":"Paid","floor":48,"damage_taken":0}],"is_beta":false,"boss_relics":[{"not_picked":["Astrolabe","Tiny House"],"picked":"Sozu"},{"not_picked":["Snecko Eye","Philosopher\u0027s Stone"],"picked":"Black Star"}],"items_purged_floors":[8,29],"is_endless":false,"potions_floor_spawned":[3,5,13,21,27,28,30,40,41],"ascension_level":0}