{"gold_per_floor":[210,224,242,260,278,278,308,318,391,418,452,452,527,452,452,452],"floor_reached":16,"playtime":472,"items_purged":[],"score":224,"play_id":"d1a26cb8-82a3-4506-b14d-93bdc51d4310","local_time":"20190514132540","is_ascension_mode":true,"campfire_choices":[{"data":"Bash","floor":6,"key":"SMITH"},{"data":"Pommel Strike","floor":15,"key":"SMITH"}],"neow_cost":"NONE","seed_source_timestamp":72299664849200,"circlet_count":0,"master_deck":["AscendersBane","Strike_R","Strike_R","Strike_R","Strike_R","Defend_R","Defend_R","Defend_R","Defend_R","Bash+1","Sword Boomerang","Shockwave","Thunderclap","Battle Trance","Anger","Whirlwind","Pommel Strike+1"],"relics":["Burning Blood","Bag of Preparation","Bottled Flame","Odd Mushroom","PreservedInsect","Vajra"],"potions_floor_usage":[7,10,11],"damage_taken":[{"damage":6,"enemies":"Cultist","floor":1,"turns":3},{"damage":7,"enemies":"2 Louse","floor":2,"turns":3},{"damage":9,"enemies":"Jaw Worm","floor":3,"turns":4},{"damage":7,"enemies":"2 Fungi Beasts","floor":4,"turns":3},{"damage":6,"enemies":"Looter","floor":5,"turns":4},{"damage":12,"enemies":"Gremlin Nob","floor":7,"turns":4},{"damage":6,"enemies":"Blue Slaver","floor":8,"turns":4},{"damage":0,"enemies":"The Mushroom Lair","floor":10,"turns":1},{"damage":22,"enemies":"3 Sentries","floor":11,"turns":4},{"damage":37,"enemies":"Hexaghost","floor":16,"turns":9}],"seed_played":"1056528500211493815","potions_obtained":[{"floor":4,"key":"Block Potion"},{"floor":5,"key":"Explosive Potion"},{"floor":8,"key":"AttackPotion"},{"floor":11,"key":"Fire Potion"}],"is_trial":false,"path_per_floor":["M","M","M","M","M","R","E","M","T","?","E","T","?","?","R","B"],"character_chosen":"IRONCLAD","items_purchased":[],"campfire_rested":0,"item_purchase_floors":[],"current_hp_per_floor":[68,67,64,63,63,63,57,57,57,63,47,47,36,36,36,0],"gold":452,"neow_bonus":"HUNDRED_GOLD","is_prod":false,"is_daily":false,"chose_seed":false,"campfire_upgraded":2,"win_rate":0,"timestamp":1557833140,"path_taken":["M","?","M","M","M","R","E","M","T","?","E","?","?","?","R","BOSS"],"build_version":"2019-05-07","purchased_purges":0,"victory":false,"max_hp_per_floor":[75,75,75,75,75,75,75,75,75,75,75,75,75,75,75,75],"card_choices":[{"not_picked":["Flex","Intimidate"],"picked":"Sword Boomerang","floor":1},{"not_picked":["Sword Boomerang","Clash"],"picked":"Shockwave","floor":2},{"not_picked":["Ghostly Armor","Searing Blow"],"picked":"Thunderclap","floor":3},{"not_picked":["Perfected Strike","Sword Boomerang"],"picked":"Battle Trance","floor":4},{"not_picked":["Second Wind","Shrug It Off"],"picked":"Anger","floor":5},{"not_picked":["Warcry","Fiend Fire"],"picked":"Whirlwind","floor":7},{"not_picked":["Havoc","Warcry"],"picked":"Pommel Strike","floor":8},{"not_picked":["Anger","Sword Boomerang","Infernal Blade"],"picked":"SKIP","floor":11}],"player_experience":705971,"relics_obtained":[{"floor":7,"key":"Bag of Preparation"},{"floor":9,"key":"Bottled Flame"},{"floor":10,"key":"Odd Mushroom"},{"floor":11,"key":"PreservedInsect"},{"floor":12,"key":"Vajra"}],"event_choices":[{"damage_healed":0,"gold_gain":0,"player_choice":"Fought Mushrooms","damage_taken":0,"max_hp_gain":0,"max_hp_loss":0,"event_name":"Mushrooms","floor":10,"gold_loss":0},{"damage_healed":0,"gold_gain":75,"player_choice":"Gather Gold","damage_taken":11,"max_hp_gain":0,"max_hp_loss":0,"event_name":"World of Goop","floor":13,"gold_loss":0},{"cards_removed":["Strike_R"],"damage_healed":0,"gold_gain":0,"player_choice":"Card Removal","damage_taken":0,"max_hp_gain":0,"max_hp_loss":0,"event_name":"The Cleric","floor":14,"gold_loss":75}],"is_beta":true,"boss_relics":[],"items_purged_floors":[],"is_endless":false,"potions_floor_spawned":[4,5,8,11],"killed_by":"Hexaghost","ascension_level":20}