{"gold_per_floor":[113,38,38,58,34,45,105,105,131,149,149,179,179,195,195,299,299,312,296,196,196],"floor_reached":21,"playtime":2629,"items_purged":["Strike_R","Decay"],"score":179,"play_id":"ac882ece-1bc9-4e68-ae0f-6b07ab3d6ac0","local_time":"20190623010742","is_ascension_mode":false,"campfire_choices":[{"floor":11.0,"key":"REST"},{"floor":13.0,"key":"REST"},{"floor":15.0,"key":"RECALL"}],"neow_cost":"NONE","seed_source_timestamp":0,"circlet_count":0,"master_deck":["Strike_R","Strike_R","Defend_R","Defend_R+1","Defend_R","Bash","Armaments","Pommel Strike","Flex","Flex","Spot Weakness","Thunderclap","Cleave","Reaper","Fire Breathing+1","Rupture+1","Corruption+1","Heavy Blade"],"special_seed":0,"relics":["Burning Blood","War Paint","Pantograph","Astrolabe"],"potions_floor_usage":[21],"damage_taken":[{"damage":0.0,"enemies":"Small Slimes","floor":1.0,"turns":3.0},{"damage":0.0,"enemies":"2 Louse","floor":4.0,"turns":4.0},{"damage":1.0,"enemies":"Cultist","floor":6.0,"turns":3.0},{"damage":39.0,"enemies":"Lagavulin Event","floor":7.0,"turns":8.0},{"damage":7.0,"enemies":"Gremlin Gang","floor":10.0,"turns":5.0},{"damage":32.0,"enemies":"Lagavulin","floor":12.0,"turns":8.0},{"damage":20.0,"enemies":"Large Slime","floor":14.0,"turns":8.0},{"damage":71.0,"enemies":"Slime Boss","floor":16.0,"turns":14.0},{"damage":72.0,"enemies":"Shell Parasite","floor":18.0,"turns":10.0},{"damage":24,"enemies":"2 Thieves","floor":19,"turns":4},{"damage":56,"enemies":"Sentry and Sphere","floor":21,"turns":7}],"seed_played":"-7342391154280801798","potions_obtained":[{"floor":0.0,"key":"SteroidPotion"},{"floor":0.0,"key":"FearPotion"},{"floor":0.0,"key":"PowerPotion"},{"floor":6.0,"key":"LiquidBronze"},{"floor":7.0,"key":"Block Potion"},{"floor":14.0,"key":"FairyPotion"},{"floor":16.0,"key":"Regen Potion"},{"floor":19,"key":"BloodPotion"}],"is_trial":false,"path_per_floor":["M","$","?","M","$","M","?","?","T","M","R","E","R","M","R","B",null,"M","M","$","M"],"character_chosen":"IRONCLAD","items_purchased":["Flex"],"campfire_rested":2,"item_purchase_floors":[5],"current_hp_per_floor":[80,80,85,85,85,85,52,52,52,51,76,50,75,61,61,20,85,44,37,37,0],"gold":196,"neow_bonus":"THREE_SMALL_POTIONS","is_prod":false,"is_daily":false,"chose_seed":false,"campfire_upgraded":0,"win_rate":0,"timestamp":1561266462,"path_taken":["M","$","?","M","$","M","?","?","T","M","R","E","R","M","R","BOSS","M","M","$","?"],"build_version":"2019-01-23","purchased_purges":2,"victory":false,"max_hp_per_floor":[80,80,85,85,85,85,85,85,85,85,85,85,85,85,85,85,85,85,85,85,85],"card_choices":[{"not_picked":["Blood for Blood","Shrug It Off"],"picked":"Armaments","floor":1.0},{"not_picked":["Clash","Havoc"],"picked":"Pommel Strike","floor":4.0},{"not_picked":["Headbutt","True Grit"],"picked":"Flex","floor":6.0},{"not_picked":["Clothesline","Bloodletting"],"picked":"Spot Weakness","floor":7.0},{"not_picked":["Flame Barrier","Cleave"],"picked":"Thunderclap","floor":10.0},{"not_picked":["Iron Wave","Shockwave"],"picked":"Cleave","floor":12.0},{"not_picked":["Havoc","Blood for Blood","Rage"],"picked":"SKIP","floor":14.0},{"not_picked":["Fiend Fire","Double Tap"],"picked":"Reaper","floor":16.0},{"not_picked":["Shockwave","Reckless Charge+1","Sword Boomerang"],"picked":"SKIP","floor":18},{"not_picked":["Carnage","Feel No Pain"],"picked":"Heavy Blade","floor":19}],"player_experience":111853,"relics_obtained":[{"floor":12.0,"key":"Pantograph"}],"event_choices":[{"damage_healed":0.0,"max_hp_gain":5.0,"max_hp_loss":0.0,"gold_gain":0.0,"event_name":"Big Fish","player_choice":"Donut","floor":3.0,"gold_loss":0.0,"damage_taken":0.0},{"damage_healed":0.0,"max_hp_gain":0.0,"max_hp_loss":0.0,"gold_gain":30.0,"event_name":"Dead Adventurer","player_choice":"Searched \u00273\u0027 times","floor":7.0,"gold_loss":0.0,"damage_taken":0.0,"relics_obtained":["War Paint"]},{"damage_healed":0.0,"max_hp_gain":0.0,"max_hp_loss":0.0,"gold_gain":0.0,"event_name":"Wheel of Change","player_choice":"Cursed","floor":8.0,"gold_loss":0.0,"damage_taken":0.0,"cards_obtained":["Decay"]}],"is_beta":false,"boss_relics":[{"not_picked":["Eternal Feather","Philosopher\u0027s Stone"],"picked":"Astrolabe"}],"items_purged_floors":[2,20],"is_endless":false,"potions_floor_spawned":[6,7,14,16,19],"killed_by":"Sentry and Sphere","ascension_level":0}