{"gold_per_floor":[114,133,133,152,77,77,112,112,112,125,142,173,173,207,207,302,302,321,73,73,73,89,89],"floor_reached":23,"playtime":906,"items_purged":["Strike_B"],"score":304,"play_id":"7c7e5b2b-03e3-487d-9da1-0d2798db9a72","local_time":"20190614165935","is_ascension_mode":true,"campfire_choices":[{"data":"Dualcast","floor":6,"key":"SMITH"},{"data":"All For One","floor":15,"key":"SMITH"}],"neow_cost":"TEN_PERCENT_HP_LOSS","seed_source_timestamp":28929677972275,"circlet_count":0,"master_deck":["Strike_B","Defend_B+1","Defend_B","Defend_B+1","Defend_B","Zap+1","Dualcast+1","Melter+1","Reinforced Body+1","Rebound","Conserve Battery","BootSequence","Gash","Barrage","Hello World","Gash","All For One+1","Electrodynamics","Sunder","Steam Power","Dark Shackles","RitualDagger","Conserve Battery"],"relics":["Cracked Core","Matryoshka","Ancient Tea Set","War Paint","Pantograph","Meat on the Bone","The Courier","Philosopher\u0027s Stone","Oddly Smooth Stone"],"potions_floor_usage":[14,14,22,23],"damage_taken":[{"damage":0,"enemies":"2 Louse","floor":1,"turns":1},{"damage":0,"enemies":"Cultist","floor":2,"turns":2},{"damage":7,"enemies":"Small Slimes","floor":4,"turns":3},{"damage":8,"enemies":"Lagavulin","floor":7,"turns":6},{"damage":0,"enemies":"3 Louse","floor":10,"turns":3},{"damage":0,"enemies":"Blue Slaver","floor":11,"turns":3},{"damage":15,"enemies":"3 Sentries","floor":12,"turns":5},{"damage":0,"enemies":"Lagavulin","floor":14,"turns":4},{"damage":22,"enemies":"The Guardian","floor":16,"turns":9},{"damage":21,"enemies":"2 Thieves","floor":18,"turns":3},{"damage":31,"enemies":"3 Byrds","floor":22,"turns":3},{"damage":16,"enemies":"Gremlin Leader","floor":23,"turns":4}],"seed_played":"4480907472525322234","potions_obtained":[{"floor":1,"key":"Ancient Potion"},{"floor":7,"key":"Explosive Potion"},{"floor":12,"key":"Swift Potion"},{"floor":16,"key":"FearPotion"},{"floor":18,"key":"AttackPotion"}],"is_trial":false,"path_per_floor":["M","M","?","M","$","R","E","?","T","M","M","E","?","E","R","B",null,"M","$","?","?","M","E"],"character_chosen":"DEFECT","items_purchased":["Steam Power","Oddly Smooth Stone","Dark Shackles"],"campfire_rested":0,"item_purchase_floors":[19,19,19],"current_hp_per_floor":[68,68,68,61,61,61,53,50,50,50,50,35,21,33,33,36,60,39,39,33,33,14,0],"gold":89,"neow_bonus":"TRANSFORM_TWO_CARDS","is_prod":false,"is_daily":false,"chose_seed":false,"campfire_upgraded":2,"win_rate":0,"timestamp":1560553175,"path_taken":["M","M","?","?","$","R","E","?","T","M","M","E","?","E","R","BOSS","M","$","?","?","M","E"],"build_version":"2019-01-23","purchased_purges":1,"victory":false,"max_hp_per_floor":[68,68,68,68,68,68,68,68,68,68,68,68,68,68,68,68,68,68,68,68,68,68,68],"card_choices":[{"not_picked":["Darkness","Recycle"],"picked":"Rebound","floor":1},{"not_picked":["Streamline","Hologram"],"picked":"Conserve Battery","floor":2},{"not_picked":["Barrage","Stack"],"picked":"BootSequence","floor":4},{"not_picked":["Beam Cell","Blizzard"],"picked":"Gash","floor":7},{"not_picked":["Redo","Reprogram"],"picked":"Barrage","floor":10},{"not_picked":["Streamline","Tempest"],"picked":"Hello World","floor":11},{"not_picked":["Cold Snap","Capacitor"],"picked":"Gash","floor":12},{"not_picked":["Melter","Ball Lightning"],"picked":"All For One","floor":14},{"not_picked":["Thunder Strike","Biased Cognition"],"picked":"Electrodynamics","floor":16},{"not_picked":["Reprogram","Turbo"],"picked":"Sunder","floor":18},{"not_picked":["Rip and Tear","Doom and Gloom"],"picked":"Conserve Battery","floor":22}],"player_experience":363463,"relics_obtained":[{"floor":7,"key":"Matryoshka"},{"floor":9,"key":"War Paint"},{"floor":9,"key":"Pantograph"},{"floor":12,"key":"Meat on the Bone"},{"floor":14,"key":"The Courier"}],"event_choices":[{"damage_healed":0,"gold_gain":0,"player_choice":"Upgraded","damage_taken":0,"max_hp_gain":0,"max_hp_loss":0,"event_name":"Upgrade Shrine","floor":3,"gold_loss":0,"cards_upgraded":["Zap"]},{"damage_healed":0,"gold_gain":0,"player_choice":"Success","damage_taken":3,"relics_obtained":["Ancient Tea Set"],"max_hp_gain":0,"max_hp_loss":0,"event_name":"Scrap Ooze","floor":8,"gold_loss":0},{"damage_healed":0,"gold_gain":0,"player_choice":"Entered Light","damage_taken":14,"max_hp_gain":0,"max_hp_loss":0,"event_name":"Shining Light","floor":13,"gold_loss":0,"cards_upgraded":["Defend_B","Melter"]},{"damage_healed":0,"gold_gain":0,"player_choice":"Joined the Cult","damage_taken":6,"max_hp_gain":0,"max_hp_loss":0,"event_name":"Nest","floor":20,"gold_loss":0,"cards_obtained":["RitualDagger"]},{"damage_healed":0,"gold_gain":0,"player_choice":"Ignored","damage_taken":0,"max_hp_gain":0,"max_hp_loss":0,"event_name":"Beggar","floor":21,"gold_loss":0}],"is_beta":false,"boss_relics":[{"not_picked":["Calling Bell","Tiny House"],"picked":"Philosopher\u0027s Stone"}],"items_purged_floors":[5],"is_endless":false,"potions_floor_spawned":[1,7,12,16,18],"killed_by":"Gremlin Leader","ascension_level":6}