{"gold_per_floor":[212,232,249,249,249,249,280,298,323,323,323,323,323,342,342,437,437,461,446,465,465,465],"floor_reached":22,"playtime":667,"items_purged":[],"score":372,"play_id":"c804b5fa-3c90-416a-9bc8-1b5c386bf987","local_time":"20190515121420","is_ascension_mode":true,"campfire_choices":[{"data":"Bash","floor":6,"key":"SMITH"},{"floor":10,"key":"REST"},{"data":"Havoc","floor":12,"key":"SMITH"},{"floor":15,"key":"REST"}],"neow_cost":"NONE","seed_source_timestamp":8774733056400,"circlet_count":0,"master_deck":["AscendersBane","Strike_R","Strike_R+1","Strike_R","Defend_R","Defend_R","Defend_R","Defend_R","Bash+1","Havoc+1","Headbutt","Ghostly Armor+1","Combust","Headbutt","Rupture","Offering","Pommel Strike+1","Metallicize"],"relics":["Black Blood","Golden Idol","Bronze Scales","Strawberry"],"potions_floor_usage":[7,7,16,20,20,22],"damage_taken":[{"damage":4,"enemies":"2 Louse","floor":1,"turns":4},{"damage":5,"enemies":"Small Slimes","floor":2,"turns":3},{"damage":1,"enemies":"Cultist","floor":3,"turns":3},{"damage":25,"enemies":"3 Sentries","floor":7,"turns":12},{"damage":14,"enemies":"Lots of Slimes","floor":8,"turns":3},{"damage":3,"enemies":"2 Fungi Beasts","floor":14,"turns":3},{"damage":48,"enemies":"Hexaghost","floor":16,"turns":8},{"damage":40,"enemies":"Chosen","floor":18,"turns":5},{"damage":25,"enemies":"2 Thieves","floor":19,"turns":4},{"damage":30,"enemies":"Centurion and Healer","floor":20,"turns":5},{"damage":13,"enemies":"Masked Bandits","floor":22,"turns":1}],"seed_played":"3883023167241113322","potions_obtained":[{"floor":1,"key":"Fire Potion"},{"floor":2,"key":"Swift Potion"},{"floor":14,"key":"Poison Potion"},{"floor":18,"key":"Regen Potion"},{"floor":19,"key":"AttackPotion"},{"floor":20,"key":"Poison Potion"}],"is_trial":false,"path_per_floor":["M","M","M","?","?","R","E","M","T","R","?","R","?","M","R","B",null,"M","M","M","?","?"],"character_chosen":"IRONCLAD","items_purchased":[],"campfire_rested":2,"item_purchase_floors":[],"current_hp_per_floor":[70,71,75,75,49,49,30,22,29,53,28,28,28,31,55,13,65,35,20,12,12,0],"gold":465,"neow_bonus":"HUNDRED_GOLD","is_prod":false,"is_daily":false,"chose_seed":false,"campfire_upgraded":2,"win_rate":0,"timestamp":1557915260,"path_taken":["M","M","M","?","?","R","E","M","T","R","?","R","?","?","R","BOSS","M","M","?","?","?"],"build_version":"2019-05-07","purchased_purges":0,"victory":false,"max_hp_per_floor":[75,75,75,75,75,75,75,75,82,82,82,82,82,82,82,82,82,82,82,82,82,82],"card_choices":[{"not_picked":["Perfected Strike","Flex"],"picked":"Havoc","floor":1},{"not_picked":["Flex","Iron Wave"],"picked":"Headbutt","floor":2},{"not_picked":["Searing Blow","Iron Wave"],"picked":"Ghostly Armor","floor":3},{"not_picked":["Flex","Bloodletting"],"picked":"Combust","floor":7},{"not_picked":["Body Slam","Warcry"],"picked":"Headbutt","floor":8},{"not_picked":["Perfected Strike","Reckless Charge"],"picked":"Rupture","floor":14},{"not_picked":["Immolate","Feed"],"picked":"Offering","floor":16},{"not_picked":["Thunderclap","Clash"],"picked":"Pommel Strike+1","floor":18},{"not_picked":["Wild Strike","Headbutt","Thunderclap"],"picked":"SKIP","floor":19},{"not_picked":["Clash","Searing Blow"],"picked":"Metallicize","floor":20}],"player_experience":715844,"relics_obtained":[{"floor":7,"key":"Bronze Scales"},{"floor":9,"key":"Strawberry"}],"event_choices":[{"cards_removed":["Strike_R"],"damage_healed":0,"gold_gain":0,"player_choice":"Forget","damage_taken":0,"max_hp_gain":0,"max_hp_loss":0,"event_name":"Living Wall","floor":4,"gold_loss":0},{"damage_healed":0,"gold_gain":0,"player_choice":"Take Damage","damage_taken":26,"relics_obtained":["Golden Idol"],"max_hp_gain":0,"max_hp_loss":0,"event_name":"Golden Idol","floor":5,"gold_loss":0},{"damage_healed":0,"gold_gain":0,"player_choice":"Entered Light","damage_taken":25,"max_hp_gain":0,"max_hp_loss":0,"event_name":"Shining Light","floor":11,"gold_loss":0,"cards_upgraded":["Ghostly Armor","Strike_R"]},{"cards_removed":["Strike_R"],"damage_healed":0,"gold_gain":0,"player_choice":"Offered Basic","damage_taken":0,"max_hp_gain":0,"max_hp_loss":0,"event_name":"Bonfire Elementals","floor":13,"gold_loss":0},{"damage_healed":0,"gold_gain":0,"player_choice":"Ignored","damage_taken":0,"max_hp_gain":0,"max_hp_loss":0,"event_name":"Ghosts","floor":21,"gold_loss":0},{"damage_healed":0,"gold_gain":0,"player_choice":"Fought Bandits","damage_taken":0,"max_hp_gain":0,"max_hp_loss":0,"event_name":"Masked Bandits","floor":22,"gold_loss":0}],"is_beta":true,"boss_relics":[{"not_picked":["Eternal Feather","Ectoplasm"],"picked":"Black Blood"}],"items_purged_floors":[],"is_endless":false,"potions_floor_spawned":[1,2,14,18,19,20],"killed_by":"Masked Bandits","ascension_level":20}