{"gold_per_floor":[110,125,143,154,154,154,179,179,179,179,179,179,179,179,179,179],"floor_reached":16,"playtime":390,"items_purged":[],"score":171,"play_id":"3b9f8b8e-f264-4d95-b547-a5e28206c48c","local_time":"20190618051802","is_ascension_mode":true,"campfire_choices":[{"floor":6,"key":"REST"},{"floor":8,"key":"REST"},{"data":"Go for the Eyes","floor":10,"key":"SMITH"},{"floor":12,"key":"REST"},{"floor":15,"key":"REST"}],"neow_cost":"NONE","seed_source_timestamp":414933086401200,"circlet_count":0,"master_deck":["AscendersBane","Strike_B","Strike_B","Strike_B","Defend_B","Defend_B","Defend_B","Defend_B","Zap+1","Dualcast","Go for the Eyes+1","Compile Driver","Double Energy","Conserve Battery","Cold Snap"],"relics":["Cracked Core","Golden Idol","Bottled Lightning"],"potions_floor_usage":[16,16],"damage_taken":[{"damage":5,"enemies":"Small Slimes","floor":1,"turns":3},{"damage":7,"enemies":"2 Louse","floor":2,"turns":3},{"damage":7,"enemies":"Jaw Worm","floor":3,"turns":3},{"damage":18,"enemies":"Exordium Wildlife","floor":4,"turns":4},{"damage":6,"enemies":"Large Slime","floor":7,"turns":6},{"damage":44,"enemies":"Hexaghost","floor":16,"turns":16}],"seed_played":"-6716685493451903370","potions_obtained":[{"floor":1,"key":"GamblersBrew"},{"floor":4,"key":"GamblersBrew"}],"is_trial":false,"path_per_floor":["M","M","M","M","?","R","M","R","T","R","?","R","?","?","R","B"],"character_chosen":"DEFECT","items_purchased":[],"campfire_rested":4,"item_purchase_floors":[],"current_hp_per_floor":[59,52,45,27,3,24,18,39,39,39,4,25,25,18,39,0],"gold":179,"neow_bonus":"UPGRADE_CARD","is_prod":false,"is_daily":false,"chose_seed":false,"campfire_upgraded":1,"win_rate":0,"timestamp":1560827882,"path_taken":["M","M","M","M","?","R","M","R","T","R","?","R","?","?","R","BOSS"],"build_version":"2019-06-13","purchased_purges":0,"victory":false,"max_hp_per_floor":[71,71,71,71,71,71,71,71,71,71,71,71,71,71,71,71],"card_choices":[{"not_picked":["White Noise","Skim"],"picked":"Go for the Eyes","floor":1},{"not_picked":["Leap","Force Field"],"picked":"Compile Driver","floor":2},{"not_picked":["Streamline","Stack"],"picked":"Double Energy","floor":3},{"not_picked":["Hello World","Static Discharge"],"picked":"Conserve Battery","floor":4},{"not_picked":["Sweeping Beam","Creative AI"],"picked":"Cold Snap","floor":7}],"player_experience":860764,"relics_obtained":[{"floor":9,"key":"Bottled Lightning"}],"event_choices":[{"damage_healed":0,"gold_gain":0,"player_choice":"Take Damage","damage_taken":24,"relics_obtained":["Golden Idol"],"max_hp_gain":0,"max_hp_loss":0,"event_name":"Golden Idol","floor":5,"gold_loss":0},{"damage_healed":0,"gold_gain":0,"player_choice":"Fled","damage_taken":35,"max_hp_gain":0,"max_hp_loss":0,"event_name":"Scrap Ooze","floor":11,"gold_loss":0},{"damage_healed":0,"gold_gain":0,"player_choice":"Ignored","damage_taken":0,"max_hp_gain":0,"max_hp_loss":0,"event_name":"Liars Game","floor":13,"gold_loss":0},{"cards_removed":["Strike_B"],"damage_healed":0,"gold_gain":0,"player_choice":"Card Removal","damage_taken":7,"max_hp_gain":0,"max_hp_loss":0,"event_name":"Golden Wing","floor":14,"gold_loss":0}],"is_beta":true,"boss_relics":[],"items_purged_floors":[],"is_endless":false,"potions_floor_spawned":[1,4],"killed_by":"Hexaghost","ascension_level":18}