{"gold_per_floor":[110,110,110,110,126,126,137,157,183,183,195,205,237,237],"floor_reached":14,"playtime":1081,"items_purged":[],"score":92,"play_id":"627d8e62-7c76-43f9-978a-201a758de00c","local_time":"20190619203811","is_ascension_mode":false,"campfire_choices":[{"floor":6,"key":"RECALL"},{"data":"Bash","floor":10,"key":"SMITH"}],"neow_cost":"NONE","seed_source_timestamp":355647737521859,"circlet_count":0,"master_deck":["Strike_R","Strike_R","Strike_R","Strike_R","Defend_R","Defend_R","Defend_R","Bash+1","Flex","True Grit","Body Slam","Armaments"],"relics":["Burning Blood","Omamori","Bronze Scales"],"potions_floor_usage":[0,7,13,13],"damage_taken":[{"damage":4,"enemies":"Small Slimes","floor":1,"turns":5},{"damage":1,"enemies":"2 Louse","floor":5,"turns":3},{"damage":6,"enemies":"Jaw Worm","floor":7,"turns":2},{"damage":5,"enemies":"3 Louse","floor":8,"turns":3},{"damage":9,"enemies":"Blue Slaver","floor":11,"turns":3},{"damage":11,"enemies":"Large Slime","floor":12,"turns":6},{"damage":90,"enemies":"3 Sentries","floor":13,"turns":19},{"damage":10,"enemies":"3 Louse","floor":14,"turns":2}],"seed_played":"-8061213806341465880","potions_obtained":[{"floor":0,"key":"Fruit Juice"},{"floor":0,"key":"Ancient Potion"},{"floor":0,"key":"Regen Potion"},{"floor":5,"key":"AttackPotion"},{"floor":8,"key":"SpeedPotion"}],"is_trial":false,"path_per_floor":["M","?","?","?","M","R","M","M","T","R","M","M","E","M"],"character_chosen":"IRONCLAD","items_purchased":[],"campfire_rested":0,"item_purchase_floors":[],"current_hp_per_floor":[85,85,85,78,83,83,83,84,84,84,81,76,7,0],"gold":237,"neow_bonus":"THREE_SMALL_POTIONS","is_prod":false,"is_daily":false,"chose_seed":false,"campfire_upgraded":1,"win_rate":0,"timestamp":1560991091,"path_taken":["M","?","?","?","M","R","M","M","T","R","?","M","E","M"],"build_version":"2019-01-23","purchased_purges":0,"victory":false,"max_hp_per_floor":[85,85,85,85,85,85,85,85,85,85,85,85,85,85],"card_choices":[{"not_picked":["Headbutt","Perfected Strike","Reckless Charge"],"picked":"SKIP","floor":1},{"not_picked":["True Grit","Clothesline"],"picked":"Flex","floor":5},{"not_picked":["Burning Pact","Blood for Blood","Berserk"],"picked":"SKIP","floor":7},{"not_picked":["Clothesline","Anger","Sentinel"],"picked":"SKIP","floor":8},{"not_picked":["Uppercut","Reckless Charge"],"picked":"True Grit","floor":11},{"not_picked":["Clash","Perfected Strike"],"picked":"Body Slam","floor":12},{"not_picked":["Spot Weakness","Ghostly Armor"],"picked":"Armaments","floor":13}],"player_experience":92535,"relics_obtained":[{"floor":9,"key":"Omamori"},{"floor":13,"key":"Bronze Scales"}],"event_choices":[{"cards_removed":["Strike_R"],"damage_healed":0,"gold_gain":0,"player_choice":"Forget","damage_taken":0,"max_hp_gain":0,"max_hp_loss":0,"event_name":"Living Wall","floor":2,"gold_loss":0},{"damage_healed":0,"gold_gain":0,"player_choice":"Ignored","damage_taken":0,"max_hp_gain":0,"max_hp_loss":0,"event_name":"Shining Light","floor":3,"gold_loss":0},{"cards_removed":["Defend_R"],"damage_healed":0,"gold_gain":0,"player_choice":"Card Removal","damage_taken":7,"max_hp_gain":0,"max_hp_loss":0,"event_name":"Golden Wing","floor":4,"gold_loss":0}],"is_beta":false,"boss_relics":[],"items_purged_floors":[],"is_endless":false,"potions_floor_spawned":[5,8,12],"killed_by":"3 Louse","ascension_level":0}