{"gold_per_floor":[16,34,53,153,169,199,199,199],"floor_reached":8,"playtime":646,"items_purged":[],"score":78,"play_id":"5317b298-9414-4d1f-8d2d-83eac6c53474","local_time":"20190602153229","is_ascension_mode":true,"campfire_choices":[{"data":"A Thousand Cuts","floor":7,"key":"SMITH"}],"neow_cost":"NO_GOLD","seed_source_timestamp":1089420440876943,"circlet_count":0,"master_deck":["Defend_G","Defend_G","Defend_G","Defend_G","Defend_G","Strike_G","Strike_G","Strike_G","Strike_G","Strike_G","Survivor","Neutralize","A Thousand Cuts+1","Deadly Poison","PiercingWail","Well Laid Plans","Dodge and Roll","Footwork"],"relics":["Ring of the Snake","Letter Opener"],"potions_floor_usage":[],"damage_taken":[{"damage":3,"enemies":"Jaw Worm","floor":1,"turns":5},{"damage":1,"enemies":"Cultist","floor":2,"turns":4},{"damage":0,"enemies":"2 Louse","floor":3,"turns":3},{"damage":13,"enemies":"Lots of Slimes","floor":5,"turns":4},{"damage":17,"enemies":"Lagavulin","floor":6,"turns":10},{"damage":34,"enemies":"Gremlin Nob","floor":8,"turns":5}],"seed_played":"-6826393363189612942","potions_obtained":[],"is_trial":false,"path_per_floor":["M","M","M","?","M","E","R","E"],"character_chosen":"THE_SILENT","items_purchased":[],"campfire_rested":0,"item_purchase_floors":[],"current_hp_per_floor":[60,59,59,59,46,29,29,0],"gold":199,"neow_bonus":"THREE_RARE_CARDS","is_prod":false,"is_daily":false,"chose_seed":false,"campfire_upgraded":1,"win_rate":0,"timestamp":1559511149,"path_taken":["M","M","M","?","M","E","R","E"],"build_version":"2019-01-23","purchased_purges":0,"victory":false,"max_hp_per_floor":[70,70,70,70,70,70,70,70],"card_choices":[{"not_picked":["Envenom","Storm of Steel"],"picked":"A Thousand Cuts","floor":0},{"not_picked":["Bane","Flying Knee"],"picked":"Deadly Poison","floor":1},{"not_picked":["Dagger Spray","Dagger Throw"],"picked":"PiercingWail","floor":2},{"not_picked":["Slice","Crippling Poison"],"picked":"Well Laid Plans","floor":3},{"not_picked":["Concentrate","Prepared"],"picked":"Dodge and Roll","floor":5},{"not_picked":["Leg Sweep","Acrobatics"],"picked":"Footwork","floor":6}],"player_experience":268527,"relics_obtained":[{"floor":6,"key":"Letter Opener"}],"event_choices":[{"damage_healed":0,"gold_gain":100,"player_choice":"Pray","damage_taken":0,"max_hp_gain":0,"max_hp_loss":0,"event_name":"Golden Shrine","floor":4,"gold_loss":0}],"is_beta":false,"boss_relics":[],"items_purged_floors":[],"is_endless":false,"potions_floor_spawned":[],"killed_by":"Gremlin Nob","ascension_level":7}