{"gold_per_floor":[109,124,124,23,23,52,52,62,62,76,88,108,141,25,25,125,125,141,161,161,161,86,121,121,132,132,132,143,162,162,192,192,192],"floor_reached":33,"playtime":2210,"items_purged":["Regret"],"score":407,"play_id":"81fab7d5-81c7-4d2f-ac02-024c5b84a51b","local_time":"20181024213905","is_ascension_mode":true,"campfire_choices":[{"data":"Scrape","floor":7,"key":"SMITH"},{"data":"Scrape","floor":15,"key":"SMITH"},{"floor":24,"key":"REST"},{"floor":27,"key":"REST"},{"floor":30,"key":"REST"},{"floor":32,"key":"REST"}],"neow_cost":"NONE","seed_source_timestamp":675318161005686,"circlet_count":0,"master_deck":["Defend_B","Zap","Dualcast","Double Energy","Conserve Battery","Scrape+1","Beam Cell","Gash","Beam Cell","Sunder","Compile Driver","Streamline","Rebound","Scrape+1","Cold Snap","Electrodynamics","Machine Learning+1","BootSequence+1","Skim+1","Rebound","Hello World","Bite","Bite","Bite","Bite","Bite","Gash+1","Streamline","Steam Power+1","Leap"],"relics":["Cracked Core","Incense Burner","Strawberry","Bird Faced Urn","Ancient Tea Set","Astrolabe","Singing Bowl","Dodecahedron","Bottled Flame"],"potions_floor_usage":[13,19,19,25,29,31,31,33],"damage_taken":[{"damage":7,"enemies":"Jaw Worm","floor":1,"turns":2},{"damage":5,"enemies":"Small Slimes","floor":2,"turns":3},{"damage":8,"enemies":"Gremlin Nob","floor":6,"turns":3},{"damage":0,"enemies":"2 Louse","floor":8,"turns":1},{"damage":5,"enemies":"Gremlin Gang","floor":10,"turns":4},{"damage":1,"enemies":"Exordium Thugs","floor":11,"turns":4},{"damage":1,"enemies":"3 Louse","floor":12,"turns":3},{"damage":6,"enemies":"3 Sentries","floor":13,"turns":5},{"damage":0,"enemies":"Slime Boss","floor":16,"turns":6},{"damage":0,"enemies":"Chosen","floor":18,"turns":3},{"damage":6,"enemies":"3 Byrds","floor":19,"turns":3},{"damage":67,"enemies":"Slavers","floor":23,"turns":6},{"damage":28,"enemies":"Snake Plant","floor":25,"turns":4},{"damage":12,"enemies":"Centurion and Healer","floor":28,"turns":5},{"damage":21,"enemies":"Shelled Parasite and Fungi","floor":29,"turns":6},{"damage":19,"enemies":"Gremlin Leader","floor":31,"turns":8},{"damage":72,"enemies":"Automaton","floor":33,"turns":8}],"seed_played":"6621339046358024066","potions_obtained":[{"floor":6,"key":"Block Potion"},{"floor":11,"key":"LiquidBronze"},{"floor":13,"key":"SpeedPotion"},{"floor":16,"key":"SkillPotion"},{"floor":19,"key":"GamblersBrew"},{"floor":23,"key":"PowerPotion"},{"floor":29,"key":"Weak Potion"},{"floor":31,"key":"Weak Potion"}],"is_trial":false,"path_per_floor":["M","M","?","$","?","E","R","M","T","M","M","M","E","$","R","B",null,"M","M","?","?","?","E","R","M","T","R","M","M","R","E","R"],"character_chosen":"DEFECT","items_purchased":["Beam Cell","Scrape","Cold Snap"],"campfire_rested":4,"item_purchase_floors":[4,14,14],"current_hp_per_floor":[68,63,63,63,63,62,62,62,62,57,56,55,49,49,49,49,82,82,76,76,57,57,6,23,7,7,24,28,19,36,39,56,0],"gold":192,"neow_bonus":"TRANSFORM_CARD","is_prod":false,"is_daily":false,"chose_seed":false,"campfire_upgraded":2,"win_rate":0,"timestamp":1540438745,"path_taken":["M","M","?","$","?","E","R","M","T","M","M","?","E","?","R","BOSS","M","M","?","?","?","E","R","?","T","R","M","M","R","E","R","BOSS"],"build_version":"2018-10-18","purchased_purges":1,"victory":false,"max_hp_per_floor":[75,75,75,75,75,82,82,82,82,82,82,82,82,82,82,82,82,82,82,82,57,57,57,57,57,57,57,59,59,59,59,59,59],"card_choices":[{"not_picked":["Hologram","Redo"],"picked":"Conserve Battery","floor":1},{"not_picked":["Rebound","Redo"],"picked":"Scrape","floor":2},{"not_picked":["Steam","Turbo"],"picked":"Gash","floor":6},{"not_picked":["Hologram","Streamline"],"picked":"Beam Cell","floor":8},{"not_picked":["Doom and Gloom","Storm"],"picked":"Sunder","floor":10},{"not_picked":["Loop","Double Energy"],"picked":"Compile Driver","floor":11},{"not_picked":["Barrage","BootSequence"],"picked":"Streamline","floor":12},{"not_picked":["Steam","Storm"],"picked":"Rebound","floor":13},{"not_picked":["Hyperbeam","Meteor Strike"],"picked":"Electrodynamics","floor":16},{"not_picked":["Rip and Tear","Redo+1"],"picked":"Rebound","floor":18},{"not_picked":["Loop","Sweeping Beam"],"picked":"Hello World","floor":19},{"not_picked":["Doom and Gloom","Steam"],"picked":"Gash+1","floor":23},{"not_picked":["Sweeping Beam","Reprogram"],"picked":"Streamline","floor":25},{"not_picked":["Glacier+1","Chaos","Hologram"],"picked":"Singing Bowl","floor":28},{"not_picked":["Leap","Darkness"],"picked":"Steam Power+1","floor":29},{"not_picked":["Amplify","Turbo"],"picked":"Leap","floor":31}],"player_experience":128184,"relics_obtained":[{"floor":6,"key":"Strawberry"},{"floor":9,"key":"Bird Faced Urn"},{"floor":13,"key":"Ancient Tea Set"},{"floor":23,"key":"Singing Bowl"},{"floor":26,"key":"Dodecahedron"},{"floor":31,"key":"Bottled Flame"}],"event_choices":[{"damage_healed":0,"gold_gain":0,"player_choice":"Box","damage_taken":0,"relics_obtained":["Incense Burner"],"max_hp_gain":0,"max_hp_loss":0,"event_name":"Big Fish","floor":3,"gold_loss":0,"cards_obtained":["Regret"]},{"damage_healed":0,"gold_gain":0,"player_choice":"Leave","damage_taken":0,"max_hp_gain":0,"max_hp_loss":0,"event_name":"The Cleric","floor":5,"gold_loss":0},{"cards_removed":["Strike_B"],"damage_healed":0,"gold_gain":0,"player_choice":"Elegance","damage_taken":0,"max_hp_gain":0,"max_hp_loss":0,"event_name":"Back to Basics","floor":20,"gold_loss":0},{"damage_healed":0,"gold_gain":0,"player_choice":"Became a vampire","damage_taken":0,"max_hp_gain":0,"max_hp_loss":25,"event_name":"Vampires","floor":21,"gold_loss":0,"cards_obtained":["Bite","Bite","Bite","Bite","Bite"]},{"cards_removed":["Defend_B"],"damage_healed":0,"gold_gain":0,"player_choice":"Gave Gold","damage_taken":0,"max_hp_gain":0,"max_hp_loss":0,"event_name":"Beggar","floor":22,"gold_loss":75}],"is_beta":false,"boss_relics":[{"not_picked":["Inserter","Busted Crown"],"picked":"Astrolabe"}],"items_purged_floors":[4],"is_endless":false,"potions_floor_spawned":[6,11,13,16,19,23,29,31],"killed_by":"Automaton","ascension_level":2}