{"gold_per_floor":[110,120,45,45,63,63,63,73,73,83,83,83,83,118,118,118],"floor_reached":16,"playtime":389,"items_purged":[],"score":195,"play_id":"18a1fb0b-98ea-44af-b9a5-0fcf247102cf","local_time":"20190613003743","is_ascension_mode":true,"campfire_choices":[{"data":"Poisoned Stab","floor":6,"key":"SMITH"},{"floor":12,"key":"REST"},{"data":"Envenom","floor":15,"key":"SMITH"}],"neow_cost":"NONE","seed_source_timestamp":179213097167300,"circlet_count":0,"master_deck":["AscendersBane","Strike_G","Strike_G+1","Strike_G","Defend_G+1","Defend_G","Defend_G","Defend_G","Defend_G","Survivor","Neutralize","Dagger Spray","Skewer","Poisoned Stab+1","Finisher","Concentrate","Envenom+1","Blade Dance"],"relics":["Ring of the Snake","PreservedInsect","Meat on the Bone","Smiling Mask","Pear"],"potions_floor_usage":[14,16],"damage_taken":[{"damage":4,"enemies":"Small Slimes","floor":1,"turns":5},{"damage":5,"enemies":"Jaw Worm","floor":2,"turns":5},{"damage":0,"enemies":"2 Louse","floor":5,"turns":4},{"damage":1,"enemies":"Large Slime","floor":8,"turns":5},{"damage":4,"enemies":"2 Fungi Beasts","floor":10,"turns":3},{"damage":7,"enemies":"Lagavulin","floor":14,"turns":4},{"damage":48,"enemies":"Hexaghost","floor":16,"turns":9}],"seed_played":"9055889028361167762","potions_obtained":[{"floor":5,"key":"Weak Potion"},{"floor":10,"key":"FearPotion"}],"is_trial":false,"path_per_floor":["M","M","?","?","M","R","$","M","T","M","?","R","?","E","R","B"],"character_chosen":"THE_SILENT","items_purchased":[],"campfire_rested":1,"item_purchase_floors":[],"current_hp_per_floor":[55,50,50,39,39,39,39,38,38,34,14,33,33,48,48,0],"gold":118,"neow_bonus":"RANDOM_COMMON_RELIC","is_prod":false,"is_daily":false,"chose_seed":false,"campfire_upgraded":2,"win_rate":0,"timestamp":1560379063,"path_taken":["M","M","?","?","M","R","?","M","T","M","?","R","?","E","R","BOSS"],"build_version":"2019-06-11","purchased_purges":0,"victory":false,"max_hp_per_floor":[66,66,66,66,66,66,66,66,66,66,66,66,66,76,76,76],"card_choices":[{"not_picked":["Bane","Quick Slash"],"picked":"Dagger Spray","floor":1},{"not_picked":["Acrobatics","Deflect"],"picked":"Skewer","floor":2},{"not_picked":["Backflip","Leg Sweep"],"picked":"Poisoned Stab","floor":5},{"not_picked":["Expertise","PiercingWail"],"picked":"Finisher","floor":8},{"not_picked":["Expertise","Bane"],"picked":"Concentrate","floor":10},{"not_picked":["Bane","Underhanded Strike"],"picked":"Blade Dance","floor":14}],"player_experience":817776,"relics_obtained":[{"floor":9,"key":"Smiling Mask"},{"floor":14,"key":"Pear"}],"event_choices":[{"cards_removed":["Strike_G"],"damage_healed":0,"gold_gain":0,"player_choice":"Card Removal","damage_taken":0,"max_hp_gain":0,"max_hp_loss":0,"event_name":"The Cleric","floor":3,"gold_loss":75},{"damage_healed":0,"gold_gain":0,"player_choice":"Success","damage_taken":11,"relics_obtained":["Meat on the Bone"],"max_hp_gain":0,"max_hp_loss":0,"event_name":"Scrap Ooze","floor":4,"gold_loss":0},{"damage_healed":0,"gold_gain":0,"player_choice":"Entered Light","damage_taken":20,"max_hp_gain":0,"max_hp_loss":0,"event_name":"Shining Light","floor":11,"gold_loss":0,"cards_upgraded":["Defend_G","Strike_G"]},{"damage_healed":0,"gold_gain":0,"cards_transformed":["Strike_G"],"player_choice":"Change","damage_taken":0,"max_hp_gain":0,"max_hp_loss":0,"event_name":"Living Wall","floor":13,"gold_loss":0,"cards_obtained":["Envenom"]}],"is_beta":true,"boss_relics":[],"items_purged_floors":[],"is_endless":false,"potions_floor_spawned":[5,10],"killed_by":"Hexaghost","ascension_level":19}