{"gold_per_floor":[113,129,129,129,152,152,226,226,250,283,283,253,253,276,276,374,374,398,452,478,503,527,527,527],"floor_reached":24,"playtime":1264,"items_purged":[],"score":408,"play_id":"456db859-2611-473a-946d-4e311035ba42","local_time":"20190513170144","is_ascension_mode":true,"campfire_choices":[{"floor":6.0,"key":"REST"},{"data":"Uppercut","floor":8.0,"key":"SMITH"},{"floor":13.0,"key":"REST"},{"data":"Bash","floor":15,"key":"SMITH"},{"data":"Feel No Pain","floor":23,"key":"SMITH"}],"neow_cost":"NONE","seed_source_timestamp":4698114552000,"circlet_count":0,"master_deck":["AscendersBane","Strike_R","Strike_R","Strike_R","Strike_R","Strike_R+1","Defend_R","Defend_R+1","Defend_R","Defend_R","Bash+1","Uppercut+1","Metallicize","Reckless Charge","Reaper","Intimidate","Reaper","Armaments+1","Sentinel","Feel No Pain+1"],"special_seed":0,"relics":["Burning Blood","Potion Belt","Golden Idol","Tiny Chest","Bronze Scales","Paper Frog","Vajra","Black Star","PreservedInsect","Lantern"],"potions_floor_usage":[16,22,24,24],"damage_taken":[{"damage":9.0,"enemies":"Jaw Worm","floor":1.0,"turns":4.0},{"damage":1.0,"enemies":"2 Louse","floor":2.0,"turns":3.0},{"damage":3.0,"enemies":"Cultist","floor":5.0,"turns":3.0},{"damage":33.0,"enemies":"Lagavulin","floor":7.0,"turns":7.0},{"damage":21.0,"enemies":"Gremlin Nob","floor":10.0,"turns":4.0},{"damage":25,"enemies":"Exordium Thugs","floor":14,"turns":6},{"damage":9,"enemies":"Hexaghost","floor":16,"turns":9},{"damage":15,"enemies":"3 Byrds","floor":18,"turns":3},{"damage":16,"enemies":"Chosen","floor":21,"turns":6},{"damage":7,"enemies":"Snecko","floor":22,"turns":5},{"damage":103,"enemies":"Gremlin Leader","floor":24,"turns":6}],"seed_played":"3060895873739953343","potions_obtained":[{"floor":2.0,"key":"Swift Potion"},{"floor":5.0,"key":"Regen Potion"},{"floor":7.0,"key":"BloodPotion"},{"floor":10.0,"key":"SkillPotion"},{"floor":12.0,"key":"Dexterity Potion"},{"floor":12.0,"key":"Fire Potion"},{"floor":18,"key":"SpeedPotion"},{"floor":22,"key":"Swift Potion"}],"is_trial":false,"path_per_floor":["M","M","?","?","M","R","E","R","T","E","?","?","R","M","R","B",null,"M","T","T","M","M","R","E"],"character_chosen":"IRONCLAD","items_purchased":[],"campfire_rested":2,"item_purchase_floors":[],"current_hp_per_floor":[65,70,47,21,24,46,34,34,34,32,21,21,43,30,30,35,65,68,68,68,69,75,75,0],"gold":527,"neow_bonus":"RANDOM_COMMON_RELIC","is_prod":false,"is_daily":false,"chose_seed":false,"campfire_upgraded":3,"win_rate":0,"timestamp":1557759704,"path_taken":["M","M","?","?","M","R","E","R","T","E","?","?","R","?","R","BOSS","M","?","?","M","M","R","E"],"build_version":"2019-05-07","purchased_purges":0,"victory":false,"max_hp_per_floor":[75,75,75,75,75,75,75,75,75,75,75,75,75,75,75,75,75,75,75,75,75,75,75,75],"card_choices":[{"not_picked":["Twin Strike","Evolve"],"picked":"Uppercut","floor":1.0},{"not_picked":["Intimidate","Battle Trance"],"picked":"Metallicize","floor":2.0},{"not_picked":["Body Slam","Thunderclap"],"picked":"Reckless Charge","floor":5.0},{"not_picked":["Carnage","Spot Weakness"],"picked":"Reaper","floor":7.0},{"not_picked":["Reckless Charge","Infernal Blade"],"picked":"Intimidate","floor":10.0},{"not_picked":["Iron Wave","Flex","Infernal Blade"],"picked":"SKIP","floor":14},{"not_picked":["Dark Embrace","Brutality"],"picked":"Reaper","floor":16},{"not_picked":["Headbutt+1","Fire Breathing"],"picked":"Armaments+1","floor":18},{"not_picked":["Rage","Seeing Red"],"picked":"Sentinel","floor":21},{"not_picked":["Cleave","Pommel Strike"],"picked":"Feel No Pain","floor":22}],"player_experience":698701,"relics_obtained":[{"floor":7.0,"key":"Tiny Chest"},{"floor":9.0,"key":"Bronze Scales"},{"floor":10.0,"key":"Paper Frog"},{"floor":19,"key":"PreservedInsect"},{"floor":20,"key":"Lantern"}],"event_choices":[{"damage_healed":0.0,"max_hp_gain":0.0,"max_hp_loss":0.0,"gold_gain":0.0,"event_name":"Shining Light","player_choice":"Entered Light","floor":3.0,"gold_loss":0.0,"damage_taken":23.0,"cards_upgraded":["Strike_R","Defend_R"]},{"damage_healed":0.0,"max_hp_gain":0.0,"max_hp_loss":0.0,"gold_gain":0.0,"event_name":"Golden Idol","player_choice":"Take Damage","floor":4.0,"gold_loss":0.0,"damage_taken":26.0,"relics_obtained":["Golden Idol"]},{"damage_healed":0.0,"max_hp_gain":0.0,"max_hp_loss":0.0,"gold_gain":0.0,"event_name":"Scrap Ooze","player_choice":"Success","floor":11.0,"gold_loss":0.0,"damage_taken":11.0,"relics_obtained":["Vajra"]},{"damage_healed":0.0,"max_hp_gain":0.0,"max_hp_loss":0.0,"gold_gain":0.0,"event_name":"The Woman in Blue","player_choice":"Bought 2 Potions","floor":12.0,"gold_loss":0.0,"damage_taken":0.0}],"is_beta":true,"boss_relics":[{"not_picked":["Empty Cage","Runic Dome"],"picked":"Black Star"}],"items_purged_floors":[],"is_endless":false,"potions_floor_spawned":[2,5,7,10,18,22],"killed_by":"Gremlin Leader","ascension_level":20}