{"gold_per_floor":[114,114,64,64,80,80,97,113,113,38,65,65,140,156,156,258,258,269,368,381,394,394,423,437,437,437,453,472,489,188,188,188,188],"floor_reached":33,"playtime":2509,"items_purged":["Strike_B","Strike_B"],"score":294,"play_id":"e1a092e8-7717-46ed-a2d8-6e94f32eccd9","local_time":"20190612225612","is_ascension_mode":false,"campfire_choices":[{"floor":6,"key":"REST"},{"floor":12,"key":"REST"},{"floor":15,"key":"REST"},{"floor":25,"key":"REST"},{"floor":32,"key":"REST"}],"neow_cost":"PERCENT_DAMAGE","seed_source_timestamp":5966651708504,"circlet_count":0,"master_deck":["Strike_B","Strike_B","Defend_B","Defend_B+1","Defend_B","Zap","Dualcast+1","Streamline","Conserve Battery","Go for the Eyes","Auto Shields","Redo","Streamline","Electrodynamics","Genetic Algorithm+1","Ball Lightning","Rebound","Ball Lightning+1"],"relics":["Cracked Core","Mercury Hourglass","Shuriken","Centennial Puzzle","Inserter","Unceasing Top","HandDrill","Pear"],"potions_floor_usage":[11,16,23,24,27,29,29,33],"damage_taken":[{"damage":0,"enemies":"2 Louse","floor":1,"turns":2},{"damage":2,"enemies":"Small Slimes","floor":5,"turns":2},{"damage":11,"enemies":"Jaw Worm","floor":7,"turns":2},{"damage":7,"enemies":"Looter","floor":8,"turns":2},{"damage":14,"enemies":"Lagavulin","floor":11,"turns":5},{"damage":0,"enemies":"Blue Slaver","floor":14,"turns":3},{"damage":38,"enemies":"Hexaghost","floor":16,"turns":10},{"damage":10,"enemies":"Spheric Guardian","floor":18,"turns":3},{"damage":2,"enemies":"Shell Parasite","floor":20,"turns":5},{"damage":15,"enemies":"Snake Plant","floor":21,"turns":4},{"damage":32,"enemies":"Slavers","floor":23,"turns":3},{"damage":10,"enemies":"Snecko","floor":24,"turns":6},{"damage":0,"enemies":"Centurion and Healer","floor":27,"turns":7},{"damage":16,"enemies":"Snake Plant","floor":28,"turns":4},{"damage":0,"enemies":"Chosen and Byrds","floor":29,"turns":4},{"damage":66,"enemies":"Automaton","floor":33,"turns":10}],"seed_played":"4694791768426155239","potions_obtained":[{"floor":1,"key":"EssenceOfSteel"},{"floor":8,"key":"Swift Potion"},{"floor":11,"key":"Strength Potion"},{"floor":16,"key":"Dexterity Potion"},{"floor":21,"key":"FearPotion"},{"floor":23,"key":"SpeedPotion"},{"floor":24,"key":"Explosive Potion"},{"floor":28,"key":"Dexterity Potion"}],"is_trial":false,"path_per_floor":["M","?","?","?","M","R","M","M","T","$","E","R","?","M","R","B",null,"M","?","M","M","?","E","M","R","T","M","M","M","$","T","R","B"],"character_chosen":"DEFECT","items_purchased":["HandDrill"],"campfire_rested":5,"item_purchase_floors":[30],"current_hp_per_floor":[68,65,65,47,45,71,60,53,53,53,39,65,54,54,80,42,89,79,79,77,62,45,13,3,31,31,31,15,15,15,25,56,0],"gold":188,"neow_bonus":"TWENTY_PERCENT_HP_BONUS","is_prod":false,"is_daily":false,"chose_seed":false,"campfire_upgraded":0,"win_rate":0,"timestamp":1560394572,"path_taken":["M","?","?","?","M","R","M","?","T","$","E","R","?","M","R","BOSS","M","?","M","M","?","E","M","R","T","M","M","M","$","?","R","BOSS"],"build_version":"2019-01-23","purchased_purges":2,"victory":false,"max_hp_per_floor":[89,89,89,89,89,89,89,89,89,89,89,89,89,89,89,89,89,89,89,89,89,94,94,94,94,94,94,94,94,94,104,104,104],"card_choices":[{"not_picked":["Reinforced Body","Force Field"],"picked":"Streamline","floor":1},{"not_picked":["Reprogram","Stack"],"picked":"Conserve Battery","floor":5},{"not_picked":["Beam Cell","Reprogram"],"picked":"Go for the Eyes","floor":7},{"not_picked":["Compile Driver","Stack"],"picked":"Auto Shields","floor":8},{"not_picked":["Reinforced Body","Beam Cell"],"picked":"Redo","floor":11},{"not_picked":["Force Field","Redo"],"picked":"Streamline","floor":14},{"not_picked":["Biased Cognition","Thunder Strike"],"picked":"Electrodynamics","floor":16},{"not_picked":["Consume","Compile Driver"],"picked":"Genetic Algorithm+1","floor":18},{"not_picked":["Turbo","Beam Cell"],"picked":"Ball Lightning","floor":20},{"not_picked":["Rip and Tear+1","Gash","Electrodynamics"],"picked":"SKIP","floor":21},{"not_picked":["Double Energy","Chill+1","Rip and Tear"],"picked":"SKIP","floor":23},{"not_picked":["Undo+1","Coolheaded","Go for the Eyes+1"],"picked":"SKIP","floor":24},{"not_picked":["Capacitor+1","Barrage","Self Repair"],"picked":"SKIP","floor":27},{"not_picked":["Steam","Rainbow"],"picked":"Rebound","floor":28},{"not_picked":["Coolheaded","Cold Snap"],"picked":"Ball Lightning+1","floor":29}],"player_experience":63098,"relics_obtained":[{"floor":9,"key":"Shuriken"},{"floor":11,"key":"Centennial Puzzle"},{"floor":23,"key":"Unceasing Top"},{"floor":31,"key":"Pear"}],"event_choices":[{"damage_healed":0,"gold_gain":0,"player_choice":"Success","damage_taken":3,"relics_obtained":["Mercury Hourglass"],"max_hp_gain":0,"max_hp_loss":0,"event_name":"Scrap Ooze","floor":2,"gold_loss":0},{"cards_removed":["Defend_B"],"damage_healed":0,"gold_gain":0,"player_choice":"Card Removal","damage_taken":0,"max_hp_gain":0,"max_hp_loss":0,"event_name":"The Cleric","floor":3,"gold_loss":50},{"damage_healed":0,"gold_gain":0,"player_choice":"Entered Light","damage_taken":18,"max_hp_gain":0,"max_hp_loss":0,"event_name":"Shining Light","floor":4,"gold_loss":0,"cards_upgraded":["Dualcast","Defend_B"]},{"damage_healed":0,"gold_gain":75,"player_choice":"Gather Gold","damage_taken":11,"max_hp_gain":0,"max_hp_loss":0,"event_name":"World of Goop","floor":13,"gold_loss":0},{"damage_healed":0,"gold_gain":99,"player_choice":"Stole From Cult","damage_taken":0,"max_hp_gain":0,"max_hp_loss":0,"event_name":"Nest","floor":19,"gold_loss":0},{"damage_healed":0,"gold_gain":0,"player_choice":"Shed Blood","damage_taken":22,"max_hp_gain":5,"max_hp_loss":0,"event_name":"Forgotten Altar","floor":22,"gold_loss":0}],"is_beta":false,"boss_relics":[{"not_picked":["Velvet Choker","Philosopher\u0027s Stone"],"picked":"Inserter"}],"items_purged_floors":[10,30],"is_endless":false,"potions_floor_spawned":[1,8,11,16,21,23,24,28],"killed_by":"Automaton","ascension_level":0}