{"gold_per_floor":[119,119,135,153,173,200,211,236,262,262,262,43,75,75],"floor_reached":14,"playtime":635,"items_purged":[],"score":127,"play_id":"b57fc85f-78da-429d-9fde-612cde393485","local_time":"20190506034738","is_ascension_mode":true,"campfire_choices":[{"floor":10,"key":"REST"}],"neow_cost":"NONE","seed_source_timestamp":2032148396138107,"circlet_count":0,"master_deck":["Strike_B","Strike_B","Strike_B","Strike_B","Defend_B","Defend_B","Defend_B","Defend_B","Zap","Dualcast","Beam Cell","Gash","Storm","Conserve Battery","Scrape","Gash","Beam Cell","Zap","Rainbow","Flash of Steel","Reboot","Stack"],"relics":["Cracked Core","NeowsBlessing","Anchor","Question Card","Omamori","Ancient Tea Set"],"potions_floor_usage":[6,7,8],"damage_taken":[{"damage":0,"enemies":"2 Louse","floor":1,"turns":1},{"damage":0,"enemies":"Cultist","floor":3,"turns":1},{"damage":0,"enemies":"Jaw Worm","floor":4,"turns":1},{"damage":12,"enemies":"Lots of Slimes","floor":5,"turns":4},{"damage":37,"enemies":"Gremlin Nob","floor":6,"turns":5},{"damage":1,"enemies":"3 Louse","floor":7,"turns":3},{"damage":27,"enemies":"Lagavulin","floor":8,"turns":7},{"damage":23,"enemies":"3 Sentries","floor":13,"turns":5},{"damage":13,"enemies":"2 Fungi Beasts","floor":14,"turns":2}],"seed_played":"-1643366665922061382","potions_obtained":[{"floor":1,"key":"Energy Potion"},{"floor":4,"key":"Block Potion"},{"floor":6,"key":"Regen Potion"}],"is_trial":false,"path_per_floor":["M","?","M","M","M","E","M","E","T","R","?","$","E","M"],"character_chosen":"DEFECT","items_purchased":["Flash of Steel","Reboot"],"campfire_rested":1,"item_purchase_floors":[12,12],"current_hp_per_floor":[75,68,68,68,56,19,18,6,6,28,28,28,5,0],"gold":75,"neow_bonus":"THREE_ENEMY_KILL","is_prod":false,"is_daily":false,"chose_seed":false,"campfire_upgraded":0,"win_rate":0,"timestamp":1557136058,"path_taken":["M","?","?","?","?","E","M","E","T","R","?","$","E","M"],"build_version":"2019-01-23","purchased_purges":0,"victory":false,"max_hp_per_floor":[75,75,75,75,75,75,75,75,75,75,75,75,75,75],"card_choices":[{"not_picked":["Aggregate","Fusion"],"picked":"Beam Cell","floor":1},{"not_picked":["Redo","Cold Snap"],"picked":"Gash","floor":3},{"not_picked":["Rip and Tear","Cold Snap"],"picked":"Storm","floor":4},{"not_picked":["Streamline","Hologram"],"picked":"Conserve Battery","floor":5},{"not_picked":["Glacier","Capacitor"],"picked":"Scrape","floor":6},{"not_picked":["Blizzard","Streamline"],"picked":"Gash","floor":7},{"not_picked":["Leap","Force Field"],"picked":"Beam Cell","floor":8},{"not_picked":["Compile Driver","Steam","Melter"],"picked":"Stack","floor":13}],"player_experience":168644,"relics_obtained":[{"floor":6,"key":"Anchor"},{"floor":8,"key":"Question Card"},{"floor":9,"key":"Omamori"},{"floor":13,"key":"Ancient Tea Set"}],"event_choices":[{"damage_healed":0,"gold_gain":0,"player_choice":"Damaged","damage_taken":7,"max_hp_gain":0,"max_hp_loss":0,"event_name":"Wheel of Change","floor":2,"gold_loss":0},{"damage_healed":0,"gold_gain":0,"player_choice":"2 cards matched","damage_taken":0,"max_hp_gain":0,"max_hp_loss":0,"event_name":"Match and Keep!","floor":11,"gold_loss":0,"cards_obtained":["Zap","Rainbow"]}],"is_beta":false,"boss_relics":[],"items_purged_floors":[],"is_endless":false,"potions_floor_spawned":[1,4,6],"killed_by":"2 Fungi Beasts","ascension_level":3}