{"gold_per_floor":[116,291,310,327,341,371,385,385,409,420,420],"floor_reached":11,"playtime":359,"items_purged":[],"score":123,"play_id":"c0753c36-7509-4d0e-8c91-9c6cd93a3908","local_time":"20190620003757","is_ascension_mode":true,"campfire_choices":[{"data":"Neutralize","floor":8,"key":"SMITH"}],"neow_cost":"NONE","seed_source_timestamp":73208139597606,"circlet_count":0,"master_deck":["AscendersBane","Defend_G","Defend_G","Defend_G","Defend_G","Defend_G","Strike_G","Strike_G","Strike_G","Strike_G","Strike_G","Survivor","Neutralize+1","Reflex","Doubt","Dagger Throw","Well Laid Plans","Blade Dance","Storm of Steel","Poisoned Stab","PiercingWail"],"relics":["Ring of the Snake","NeowsBlessing","Question Card","Lantern"],"potions_floor_usage":[5,5,5,6,10],"damage_taken":[{"damage":0,"enemies":"Small Slimes","floor":1,"turns":1},{"damage":0,"enemies":"Cultist","floor":3,"turns":1},{"damage":0,"enemies":"2 Louse","floor":4,"turns":1},{"damage":0,"enemies":"Large Slime","floor":5,"turns":8},{"damage":40,"enemies":"Gremlin Nob","floor":6,"turns":6},{"damage":1,"enemies":"Looter","floor":7,"turns":3},{"damage":7,"enemies":"Exordium Wildlife","floor":10,"turns":4},{"damage":20,"enemies":"3 Sentries","floor":11,"turns":2}],"seed_played":"-6396666535013667690","potions_obtained":[{"floor":1,"key":"EntropicBrew"},{"floor":3,"key":"LiquidBronze"},{"floor":6,"key":"Energy Potion"}],"is_trial":false,"path_per_floor":["M","?","M","M","M","E","M","R","T","M","E"],"character_chosen":"THE_SILENT","items_purchased":[],"campfire_rested":0,"item_purchase_floors":[],"current_hp_per_floor":[63,63,63,63,63,23,22,22,22,15,0],"gold":420,"neow_bonus":"THREE_ENEMY_KILL","is_prod":false,"is_daily":false,"chose_seed":false,"campfire_upgraded":1,"win_rate":0,"timestamp":1561012677,"path_taken":["M","?","M","M","M","E","M","R","T","M","E"],"build_version":"2019-01-23","purchased_purges":0,"victory":false,"max_hp_per_floor":[70,70,70,70,70,70,70,70,70,70,70],"card_choices":[{"not_picked":["Flechettes","Expertise"],"picked":"Reflex","floor":1},{"not_picked":["Prepared","Quick Slash"],"picked":"Dagger Throw","floor":3},{"not_picked":["Deadly Poison","Flying Knee"],"picked":"Well Laid Plans","floor":4},{"not_picked":["Quick Slash","Distraction"],"picked":"Blade Dance","floor":5},{"not_picked":["Riddle With Holes","Dagger Throw"],"picked":"Storm of Steel","floor":6},{"not_picked":["Sucker Punch","Prepared","Slice"],"picked":"Poisoned Stab","floor":7},{"not_picked":["Poisoned Stab","Outmaneuver","Deadly Poison"],"picked":"PiercingWail","floor":10}],"player_experience":372436,"relics_obtained":[{"floor":6,"key":"Question Card"},{"floor":9,"key":"Lantern"}],"event_choices":[{"damage_healed":0,"gold_gain":175,"player_choice":"AGREE","damage_taken":0,"max_hp_gain":0,"max_hp_loss":0,"event_name":"Liars Game","floor":2,"gold_loss":0,"cards_obtained":["Doubt"]}],"is_beta":false,"boss_relics":[],"items_purged_floors":[],"is_endless":false,"potions_floor_spawned":[1,3,6],"killed_by":"3 Sentries","ascension_level":12}