{"gold_per_floor":[117,135,151,169,188,214,15,47,73,84,98,98,113,131,131,230,230,240,240,240,240,13,13],"floor_reached":23,"playtime":1150,"items_purged":["Writhe"],"score":287,"play_id":"9646e052-d8d6-4c8a-8ccd-715a4e7f645e","local_time":"20190620002422","is_ascension_mode":true,"campfire_choices":[{"data":"Apotheosis","floor":15,"key":"SMITH"}],"neow_cost":"NONE","seed_source_timestamp":71600891631578,"circlet_count":0,"master_deck":["Strike_B","Strike_B","Strike_B","Strike_B","Defend_B","Defend_B","Defend_B","Defend_B+1","Zap","Dualcast","Glacier","Loop","Storm","Self Repair","Sweeping Beam","Storm","Apotheosis+1","Hologram+1","Fusion","Creative AI","Ball Lightning","Stack","Aggregate","Echo Form","Heatsinks","Storm","Turbo","Conserve Battery","Fusion","Electrodynamics","RitualDagger"],"relics":["Cracked Core","NeowsBlessing","Orichalcum","War Paint","Bronze Scales","Pen Nib","Orrery","Omamori","Vajra"],"potions_floor_usage":[4,6,6,10,16,23],"damage_taken":[{"damage":0,"enemies":"Cultist","floor":1,"turns":1},{"damage":0,"enemies":"2 Louse","floor":2,"turns":1},{"damage":0,"enemies":"Small Slimes","floor":3,"turns":1},{"damage":0,"enemies":"2 Fungi Beasts","floor":4,"turns":3},{"damage":4,"enemies":"Exordium Wildlife","floor":5,"turns":6},{"damage":10,"enemies":"Gremlin Nob","floor":6,"turns":3},{"damage":26,"enemies":"Lagavulin","floor":8,"turns":7},{"damage":0,"enemies":"3 Louse","floor":10,"turns":1},{"damage":12,"enemies":"Red Slaver","floor":11,"turns":4},{"damage":6,"enemies":"Large Slime","floor":13,"turns":4},{"damage":1,"enemies":"2 Fungi Beasts","floor":14,"turns":3},{"damage":25,"enemies":"The Guardian","floor":16,"turns":7},{"damage":23,"enemies":"2 Thieves","floor":18,"turns":4},{"damage":28,"enemies":"Slavers","floor":23,"turns":1}],"seed_played":"2408683259702926174","potions_obtained":[{"floor":1,"key":"FearPotion"},{"floor":2,"key":"PowerPotion"},{"floor":3,"key":"Block Potion"},{"floor":8,"key":"PowerPotion"},{"floor":10,"key":"FearPotion"},{"floor":14,"key":"Swift Potion"},{"floor":18,"key":"Ancient Potion"}],"is_trial":false,"path_per_floor":["M","M","M","M","M","E","$","E","T","M","M","?","M","M","R","B",null,"M","?","?","?","$","E"],"character_chosen":"DEFECT","items_purchased":["Apotheosis","Hologram","Vajra"],"campfire_rested":0,"item_purchase_floors":[7,7,22],"current_hp_per_floor":[68,68,68,68,71,68,68,52,52,52,40,22,23,29,29,14,60,44,30,30,24,24,0],"gold":13,"neow_bonus":"THREE_ENEMY_KILL","is_prod":false,"is_daily":false,"chose_seed":false,"campfire_upgraded":1,"win_rate":0,"timestamp":1561011862,"path_taken":["M","M","M","M","M","E","?","E","T","?","M","?","M","M","R","BOSS","M","?","?","?","$","E"],"build_version":"2019-01-23","purchased_purges":1,"victory":false,"max_hp_per_floor":[75,75,75,75,75,75,75,75,75,75,75,75,75,75,75,75,75,75,80,80,80,80,80],"card_choices":[{"not_picked":["FTL","Fusion"],"picked":"Glacier","floor":1},{"not_picked":["Double Energy","Coolheaded"],"picked":"Loop","floor":2},{"not_picked":["Fusion","Reprogram"],"picked":"Storm","floor":3},{"not_picked":["Coolheaded","Redo"],"picked":"Self Repair","floor":4},{"not_picked":["Reprogram","Auto Shields"],"picked":"Sweeping Beam","floor":5},{"not_picked":["Streamline","Fusion"],"picked":"Storm","floor":6},{"not_picked":["Gash","Aggregate"],"picked":"Fusion","floor":8},{"not_picked":["Leap","Ball Lightning"],"picked":"Creative AI","floor":10},{"not_picked":["Conserve Battery","Hologram"],"picked":"Ball Lightning","floor":11},{"not_picked":["Rip and Tear","Lockon"],"picked":"Stack","floor":13},{"not_picked":["Cold Snap","Compile Driver"],"picked":"Aggregate","floor":14},{"not_picked":["Buffer","Reboot"],"picked":"Echo Form","floor":16},{"not_picked":["White Noise","Auto Shields"],"picked":"Heatsinks","floor":17},{"not_picked":["Fission","Streamline"],"picked":"Storm","floor":17},{"not_picked":["Scrape","Reprogram"],"picked":"Turbo","floor":17},{"not_picked":["Rebound","Streamline"],"picked":"Conserve Battery","floor":17},{"not_picked":["Gash","Ball Lightning"],"picked":"Fusion","floor":17},{"not_picked":["Sweeping Beam","Coolheaded"],"picked":"Electrodynamics","floor":18}],"player_experience":370858,"relics_obtained":[{"floor":6,"key":"Orichalcum"},{"floor":8,"key":"War Paint"},{"floor":9,"key":"Bronze Scales"}],"event_choices":[{"damage_healed":0,"gold_gain":0,"player_choice":"Success","damage_taken":18,"relics_obtained":["Pen Nib"],"max_hp_gain":0,"max_hp_loss":0,"event_name":"Scrap Ooze","floor":12,"gold_loss":0},{"damage_healed":0,"gold_gain":0,"player_choice":"Shed Blood","damage_taken":19,"max_hp_gain":5,"max_hp_loss":0,"event_name":"Forgotten Altar","floor":19,"gold_loss":0},{"damage_healed":0,"gold_gain":0,"player_choice":"Opened","damage_taken":0,"relics_obtained":["Omamori"],"max_hp_gain":0,"max_hp_loss":0,"event_name":"The Mausoleum","floor":20,"gold_loss":0,"cards_obtained":["Writhe"]},{"damage_healed":0,"gold_gain":0,"player_choice":"Joined the Cult","damage_taken":6,"max_hp_gain":0,"max_hp_loss":0,"event_name":"Nest","floor":21,"gold_loss":0,"cards_obtained":["RitualDagger"]}],"is_beta":false,"boss_relics":[{"not_picked":["Fusion Hammer","Runic Dome"],"picked":"Orrery"}],"items_purged_floors":[22],"is_endless":false,"potions_floor_spawned":[1,2,3,8,10,14,18],"killed_by":"Slavers","ascension_level":8}