{"gold_per_floor":[113,129,129,142,155,155,187,187,187,187,198,198,198,83,83,157,157,167,167,183,203,220,220],"floor_reached":23,"playtime":606,"items_purged":["Strike_B"],"score":367,"play_id":"17a82396-3faa-43d6-a080-e9fd5f844f51","local_time":"20190618010422","is_ascension_mode":true,"campfire_choices":[{"data":"Zap","floor":6,"key":"SMITH"},{"floor":13,"key":"REST"},{"floor":15,"key":"REST"}],"neow_cost":"NONE","seed_source_timestamp":399498714179700,"circlet_count":0,"master_deck":["AscendersBane","Strike_B+1","Strike_B+1","Defend_B+1","Defend_B+1","Defend_B","Zap+1","Dualcast","Ball Lightning","Sweeping Beam","Cold Snap","Sunder","Melter","Seek","FTL+1","Biased Cognition","Self Repair","FTL+1","Doom and Gloom+1"],"relics":["Cracked Core","War Paint","Pantograph","Molten Egg 2","Coffee Dripper"],"potions_floor_usage":[11,18,23],"damage_taken":[{"damage":0,"enemies":"Jaw Worm","floor":1,"turns":4},{"damage":10,"enemies":"2 Louse","floor":2,"turns":3},{"damage":0,"enemies":"Small Slimes","floor":4,"turns":3},{"damage":6,"enemies":"2 Fungi Beasts","floor":5,"turns":3},{"damage":18,"enemies":"Lagavulin","floor":7,"turns":6},{"damage":0,"enemies":"Looter","floor":11,"turns":2},{"damage":45,"enemies":"Slime Boss","floor":16,"turns":10},{"damage":0,"enemies":"Chosen","floor":18,"turns":3},{"damage":23,"enemies":"Shell Parasite","floor":20,"turns":3},{"damage":12,"enemies":"3 Cultists","floor":21,"turns":5},{"damage":4,"enemies":"Chosen and Byrds","floor":22,"turns":3},{"damage":50,"enemies":"Slavers","floor":23,"turns":3}],"seed_played":"5268320423635800849","potions_obtained":[{"floor":1,"key":"GamblersBrew"},{"floor":5,"key":"Block Potion"},{"floor":11,"key":"SteroidPotion"},{"floor":21,"key":"Weak Potion"}],"is_trial":false,"path_per_floor":["M","M","?","M","M","R","E","?","T","?","M","?","R","$","R","B",null,"M","?","M","M","M","E"],"character_chosen":"DEFECT","items_purchased":["FTL+1"],"campfire_rested":2,"item_purchase_floors":[14],"current_hp_per_floor":[64,54,59,59,53,53,35,12,12,12,12,12,34,34,56,31,65,65,65,49,44,47,0],"gold":220,"neow_bonus":"RANDOM_COMMON_RELIC","is_prod":false,"is_daily":false,"chose_seed":false,"campfire_upgraded":1,"win_rate":0,"timestamp":1560812662,"path_taken":["M","M","?","M","M","R","E","?","T","?","M","?","R","?","R","BOSS","M","?","M","M","M","E"],"build_version":"2019-06-13","purchased_purges":1,"victory":false,"max_hp_per_floor":[71,71,76,76,76,76,76,76,76,76,76,76,76,76,76,76,76,76,76,76,76,76,76],"card_choices":[{"not_picked":["Reinforced Body","Capacitor"],"picked":"Ball Lightning","floor":1},{"not_picked":["Hologram","Streamline"],"picked":"Sweeping Beam","floor":2},{"not_picked":["Static Discharge","Streamline"],"picked":"Cold Snap","floor":4},{"not_picked":["Darkness","Go for the Eyes"],"picked":"Sunder","floor":5},{"not_picked":["Hello World","Beam Cell"],"picked":"Melter","floor":7},{"not_picked":["Steam Power","Streamline+1"],"picked":"Seek","floor":11},{"not_picked":["Electrodynamics","Machine Learning"],"picked":"Biased Cognition","floor":16},{"not_picked":["Tempest","Skim"],"picked":"Self Repair","floor":18},{"not_picked":["Skim","Hologram"],"picked":"FTL+1","floor":20},{"not_picked":["Chill","Leap"],"picked":"Doom and Gloom+1","floor":21},{"not_picked":["Hologram","Redo","Gash+1"],"picked":"SKIP","floor":22}],"player_experience":859450,"relics_obtained":[{"floor":7,"key":"Pantograph"},{"floor":9,"key":"Molten Egg 2"}],"event_choices":[{"damage_healed":0,"gold_gain":0,"player_choice":"Donut","damage_taken":0,"max_hp_gain":5,"max_hp_loss":0,"event_name":"Big Fish","floor":3,"gold_loss":0},{"damage_healed":0,"gold_gain":0,"player_choice":"Entered Light","damage_taken":23,"max_hp_gain":0,"max_hp_loss":0,"event_name":"Shining Light","floor":8,"gold_loss":0,"cards_upgraded":["Strike_B","Strike_B"]},{"damage_healed":0,"gold_gain":0,"player_choice":"Ignored","damage_taken":0,"max_hp_gain":0,"max_hp_loss":0,"event_name":"Liars Game","floor":10,"gold_loss":0},{"cards_removed":["Strike_B"],"damage_healed":0,"gold_gain":0,"player_choice":"Forget","damage_taken":0,"max_hp_gain":0,"max_hp_loss":0,"event_name":"Living Wall","floor":12,"gold_loss":0},{"cards_removed":["Defend_B"],"damage_healed":0,"gold_gain":0,"player_choice":"Elegance","damage_taken":0,"max_hp_gain":0,"max_hp_loss":0,"event_name":"Back to Basics","floor":19,"gold_loss":0}],"is_beta":true,"boss_relics":[{"not_picked":["Black Star","Eternal Feather"],"picked":"Coffee Dripper"}],"items_purged_floors":[14],"is_endless":false,"potions_floor_spawned":[1,5,11,16,21],"killed_by":"Slavers","ascension_level":18}