{"gold_per_floor":[118,43,54,73,84,84,64,74,74,88,122,37,54,54,54,127,127,137,137,153,153],"floor_reached":21,"playtime":1822,"items_purged":[],"score":357,"play_id":"b2da9f37-cb6b-425a-9306-04bddf9401e5","local_time":"20190612203549","is_ascension_mode":true,"campfire_choices":[{"data":"After Image","floor":6,"key":"SMITH"},{"floor":15,"key":"REST"}],"neow_cost":"PERCENT_DAMAGE","seed_source_timestamp":163268277293600,"circlet_count":0,"master_deck":["AscendersBane","Strike_G","Strike_G","Defend_G","Defend_G","Defend_G","Defend_G","Defend_G","Survivor","Neutralize","After Image+1","Backstab","Poisoned Stab","Caltrops","Infinite Blades","Deflect","Blade Dance","Well Laid Plans+1","Escape Plan","Glass Knife","Cloak And Dagger"],"relics":["Ring of the Snake","Frozen Egg 2","StoneCalendar","Sozu"],"potions_floor_usage":[16,18],"damage_taken":[{"damage":10,"enemies":"Small Slimes","floor":1,"turns":5},{"damage":0,"enemies":"2 Louse","floor":3,"turns":4},{"damage":0,"enemies":"Cultist","floor":4,"turns":4},{"damage":1,"enemies":"Red Slaver","floor":5,"turns":5},{"damage":8,"enemies":"Large Slime","floor":8,"turns":10},{"damage":2,"enemies":"Looter","floor":10,"turns":4},{"damage":14,"enemies":"3 Sentries","floor":11,"turns":10},{"damage":0,"enemies":"3 Louse","floor":13,"turns":3},{"damage":15,"enemies":"Slime Boss","floor":16,"turns":8},{"damage":23,"enemies":"Chosen","floor":18,"turns":6},{"damage":14,"enemies":"Spheric Guardian","floor":20,"turns":5},{"damage":16,"enemies":"Snake Plant","floor":21,"turns":2}],"seed_played":"-3518302508400490746","potions_obtained":[{"floor":4,"key":"Swift Potion"},{"floor":7,"key":"GhostInAJar"},{"floor":13,"key":"Strength Potion"}],"is_trial":false,"path_per_floor":["M","?","M","M","M","R","?","M","T","M","E","$","M","?","R","B",null,"M","?","M","M"],"character_chosen":"THE_SILENT","items_purchased":["Well Laid Plans+1"],"campfire_rested":1,"item_purchase_floors":[12],"current_hp_per_floor":[34,34,34,34,33,33,33,25,25,23,9,9,9,9,28,13,53,30,30,16,0],"gold":153,"neow_bonus":"THREE_RARE_CARDS","is_prod":false,"is_daily":false,"chose_seed":false,"campfire_upgraded":1,"win_rate":0,"timestamp":1560364549,"path_taken":["M","?","M","M","M","R","?","?","T","M","E","?","M","?","R","BOSS","M","?","M","M"],"build_version":"2019-06-11","purchased_purges":0,"victory":false,"max_hp_per_floor":[66,66,66,66,66,66,66,66,66,66,66,66,66,66,66,66,66,66,66,66,66],"card_choices":[{"not_picked":["Burst","Tools of the Trade"],"picked":"After Image","floor":0},{"not_picked":["Bane","Dagger Spray"],"picked":"Backstab","floor":1},{"not_picked":["Catalyst","Flechettes"],"picked":"Poisoned Stab","floor":3},{"not_picked":["Deadly Poison","Sucker Punch"],"picked":"Caltrops","floor":4},{"not_picked":["Eviscerate","Distraction","Acrobatics"],"picked":"SKIP","floor":5},{"not_picked":["Calculated Gamble","Dagger Throw"],"picked":"Infinite Blades","floor":8},{"not_picked":["Dagger Spray","Acrobatics"],"picked":"Deflect","floor":10},{"not_picked":["Sucker Punch","Eviscerate"],"picked":"Blade Dance","floor":11},{"not_picked":["Bane","Skewer","Deadly Poison"],"picked":"SKIP","floor":13},{"not_picked":["Grand Finale","Venomology"],"picked":"Glass Knife","floor":16},{"not_picked":["Dagger Spray+1","Poisoned Stab","Deadly Poison"],"picked":"SKIP","floor":18},{"not_picked":["Dash","Blade Dance"],"picked":"Cloak And Dagger","floor":20}],"player_experience":813449,"relics_obtained":[{"floor":9,"key":"Frozen Egg 2"},{"floor":11,"key":"StoneCalendar"}],"event_choices":[{"cards_removed":["Strike_G"],"damage_healed":0,"gold_gain":0,"player_choice":"Card Removal","damage_taken":0,"max_hp_gain":0,"max_hp_loss":0,"event_name":"The Cleric","floor":2,"gold_loss":75},{"damage_healed":0,"gold_gain":0,"player_choice":"Bought 1 Potion","damage_taken":0,"max_hp_gain":0,"max_hp_loss":0,"event_name":"The Woman in Blue","floor":7,"gold_loss":0},{"damage_healed":0,"gold_gain":0,"cards_transformed":["Strike_G"],"player_choice":"Change","damage_taken":0,"max_hp_gain":0,"max_hp_loss":0,"event_name":"Living Wall","floor":14,"gold_loss":0,"cards_obtained":["Escape Plan"]},{"cards_removed":["Strike_G"],"damage_healed":0,"gold_gain":0,"player_choice":"Elegance","damage_taken":0,"max_hp_gain":0,"max_hp_loss":0,"event_name":"Back to Basics","floor":19,"gold_loss":0}],"is_beta":true,"boss_relics":[{"not_picked":["Ectoplasm","Astrolabe"],"picked":"Sozu"}],"items_purged_floors":[],"is_endless":false,"potions_floor_spawned":[4,10,11,13,18,20],"killed_by":"Snake Plant","ascension_level":19}