{"gold_per_floor":[119,6,25,41,41,41,54,88,126,138,166,197,119,137,137,212,212,228,40,50,66,66,66,96,96],"floor_reached":25,"playtime":870,"items_purged":["Strike_B"],"score":419,"play_id":"70f4d6fd-2ee3-42e5-bf4e-574240e3e34e","local_time":"20190615170217","is_ascension_mode":true,"campfire_choices":[{"data":"Zap","floor":6.0,"key":"SMITH"},{"data":"Biased Cognition","floor":10.0,"key":"SMITH"},{"floor":15.0,"key":"REST"},{"data":"Hologram","floor":23.0,"key":"SMITH"}],"neow_cost":"NONE","seed_source_timestamp":197249619259900,"circlet_count":0,"master_deck":["AscendersBane","Defend_B","Defend_B","Defend_B","Defend_B","Zap+1","Dualcast","Sweeping Beam","Ball Lightning","Defragment","Barrage","Compile Driver","Auto Shields","Biased Cognition+1","Go for the Eyes","Glacier","Genetic Algorithm","Darkness","Electrodynamics","Reprogram","Rainbow","Compile Driver","Tempest+1","Hologram+1","Bite","Bite","Bite","Bite","Bite","Hologram"],"special_seed":0,"relics":["Cracked Core","MawBank","Smiling Mask","Inserter","Centennial Puzzle"],"potions_floor_usage":[24,24],"damage_taken":[{"damage":6.0,"enemies":"Cultist","floor":1.0,"turns":3.0},{"damage":0.0,"enemies":"Small Slimes","floor":3.0,"turns":2.0},{"damage":0.0,"enemies":"2 Louse","floor":4.0,"turns":2.0},{"damage":8.0,"enemies":"Large Slime","floor":7.0,"turns":3.0},{"damage":10.0,"enemies":"Lagavulin","floor":8.0,"turns":5.0},{"damage":12.0,"enemies":"Lots of Slimes","floor":11.0,"turns":2.0},{"damage":6.0,"enemies":"Looter","floor":12.0,"turns":3.0},{"damage":12.0,"enemies":"2 Fungi Beasts","floor":14.0,"turns":2.0},{"damage":7.0,"enemies":"Slime Boss","floor":16.0,"turns":7.0},{"damage":1.0,"enemies":"Chosen","floor":18.0,"turns":5.0},{"damage":33.0,"enemies":"2 Thieves","floor":20.0,"turns":4.0},{"damage":3.0,"enemies":"Chosen and Byrds","floor":21.0,"turns":5.0},{"damage":29,"enemies":"Book of Stabbing","floor":24,"turns":5},{"damage":16,"enemies":"Cultist and Chosen","floor":25,"turns":6}],"seed_played":"-5102104160534046261","potions_obtained":[{"floor":1.0,"key":"PowerPotion"},{"floor":5.0,"key":"EssenceOfSteel"},{"floor":12.0,"key":"Fire Potion"},{"floor":16.0,"key":"EssenceOfSteel"},{"floor":18.0,"key":"AttackPotion"},{"floor":20.0,"key":"Strength Potion"}],"is_trial":false,"path_per_floor":["M","$","M","M","?","R","M","E","T","R","M","M","$","M","R","B",null,"M","$","M","M","?","R","E","M"],"character_chosen":"DEFECT","items_purchased":["Ball Lightning","Defragment","Genetic Algorithm","Rainbow","Compile Driver"],"campfire_rested":1,"item_purchase_floors":[2,2,13,19,19],"current_hp_per_floor":[65,65,65,65,65,65,57,47,47,47,35,29,29,17,40,33,67,66,66,33,30,30,30,7,0],"gold":96,"neow_bonus":"TEN_PERCENT_HP_BONUS","is_prod":false,"is_daily":false,"chose_seed":false,"campfire_upgraded":3,"win_rate":0,"timestamp":1560610937,"path_taken":["M","?","?","M","?","R","M","E","T","R","M","M","?","?","R","BOSS","M","?","M","M","?","R","E","M"],"build_version":"2019-06-13","purchased_purges":1,"victory":false,"max_hp_per_floor":[78,78,78,78,78,78,78,78,78,78,78,78,78,78,78,78,78,78,78,78,78,54,54,54,54],"card_choices":[{"not_picked":["Chaos","Redo"],"picked":"Sweeping Beam","floor":1.0},{"not_picked":["Aggregate","Consume"],"picked":"Barrage","floor":3.0},{"not_picked":["Steam","Reinforced Body"],"picked":"Compile Driver","floor":4.0},{"not_picked":["Gash","Hologram"],"picked":"Auto Shields","floor":7.0},{"not_picked":["Stack","Gash"],"picked":"Biased Cognition","floor":8.0},{"not_picked":["Glacier","Sweeping Beam"],"picked":"Go for the Eyes","floor":11.0},{"not_picked":["Streamline","Rebound"],"picked":"Glacier","floor":12.0},{"not_picked":["White Noise","Steam Power"],"picked":"Darkness","floor":14.0},{"not_picked":["Multi-Cast","Thunder Strike"],"picked":"Electrodynamics","floor":16.0},{"not_picked":["Turbo","Gash"],"picked":"Reprogram","floor":18.0},{"not_picked":["Sunder","Double Energy+1"],"picked":"Tempest+1","floor":20.0},{"not_picked":["Skim","Go for the Eyes"],"picked":"Hologram","floor":21.0},{"not_picked":["Beam Cell","Thunder Strike"],"picked":"Hologram","floor":24}],"player_experience":843025,"relics_obtained":[{"floor":8.0,"key":"MawBank"},{"floor":9.0,"key":"Smiling Mask"},{"floor":24,"key":"Centennial Puzzle"}],"event_choices":[{"damage_healed":0.0,"max_hp_gain":0.0,"max_hp_loss":0.0,"gold_gain":0.0,"event_name":"Lab","player_choice":"Got Potions","floor":5.0,"gold_loss":0.0,"damage_taken":0.0},{"damage_healed":0.0,"max_hp_gain":0.0,"max_hp_loss":24.0,"gold_gain":0.0,"event_name":"Vampires","player_choice":"Became a vampire","floor":22.0,"gold_loss":0.0,"damage_taken":0.0,"cards_obtained":["Bite","Bite","Bite","Bite","Bite"]}],"is_beta":true,"boss_relics":[{"not_picked":["FrozenCore","Lizard Tail"],"picked":"Inserter"}],"items_purged_floors":[13],"is_endless":false,"potions_floor_spawned":[1,12,14,16,18,20],"killed_by":"Cultist and Chosen","ascension_level":15}