{"gold_per_floor":[117,133,308,308,328,354,354,354],"floor_reached":8,"playtime":391,"items_purged":[],"score":64,"play_id":"ac9e50f7-8240-41e6-84a2-4c1c7ab71b34","local_time":"20190510005609","is_ascension_mode":true,"campfire_choices":[],"neow_cost":"NONE","seed_source_timestamp":2367727240583491,"circlet_count":0,"master_deck":["Strike_R","Strike_R","Strike_R","Strike_R","Strike_R","Defend_R","Defend_R","Defend_R+1","Defend_R+1","Bash+1","Impatience+1","Cleave","Inflame","Doubt","Regret","Sword Boomerang","Spot Weakness"],"special_seed":0,"relics":["Burning Blood","Potion Belt","War Paint"],"potions_floor_usage":[6,8],"damage_taken":[{"damage":8.0,"enemies":"2 Louse","floor":1.0,"turns":4.0},{"damage":0,"enemies":"Small Slimes","floor":2,"turns":2},{"damage":20,"enemies":"Jaw Worm","floor":5,"turns":4},{"damage":29,"enemies":"Gremlin Nob","floor":6,"turns":4},{"damage":34,"enemies":"3 Sentries","floor":8,"turns":4}],"seed_played":"-8185243866468139475","potions_obtained":[{"floor":1.0,"key":"Weak Potion"},{"floor":6,"key":"Weak Potion"}],"is_trial":false,"path_per_floor":["M","M","?","?","M","E","?","E"],"character_chosen":"IRONCLAD","items_purchased":[],"campfire_rested":0,"item_purchase_floors":[],"current_hp_per_floor":[78,80,80,80,66,43,27,0],"gold":354,"neow_bonus":"RANDOM_COLORLESS","is_prod":false,"is_daily":false,"chose_seed":false,"campfire_upgraded":0,"win_rate":0,"timestamp":1557471369,"path_taken":["M","M","?","?","M","E","?","E"],"build_version":"2019-01-23","purchased_purges":0,"victory":false,"max_hp_per_floor":[80,80,80,80,80,80,80,80],"card_choices":[{"not_picked":["Pommel Strike","Pummel"],"picked":"Cleave","floor":1.0},{"not_picked":["Sword Boomerang","Wild Strike"],"picked":"Inflame","floor":2},{"not_picked":["Shockwave","Clothesline"],"picked":"Sword Boomerang","floor":5},{"not_picked":["Wild Strike","Dual Wield"],"picked":"Spot Weakness","floor":6}],"player_experience":171363,"relics_obtained":[{"floor":6,"key":"War Paint"}],"event_choices":[{"damage_healed":0,"gold_gain":175,"player_choice":"AGREE","damage_taken":0,"max_hp_gain":0,"max_hp_loss":0,"event_name":"Liars Game","floor":3,"gold_loss":0,"cards_obtained":["Doubt"]},{"damage_healed":0,"gold_gain":0,"player_choice":"Box","damage_taken":0,"relics_obtained":["Potion Belt"],"max_hp_gain":0,"max_hp_loss":0,"event_name":"Big Fish","floor":4,"gold_loss":0,"cards_obtained":["Regret"]},{"damage_healed":0,"gold_gain":0,"player_choice":"Entered Light","damage_taken":16,"max_hp_gain":0,"max_hp_loss":0,"event_name":"Shining Light","floor":7,"gold_loss":0,"cards_upgraded":["Defend_R","Bash"]}],"is_beta":false,"boss_relics":[],"items_purged_floors":[],"is_endless":false,"potions_floor_spawned":[1,6],"killed_by":"3 Sentries","ascension_level":3}