{"gold_per_floor":[109,120,137,154,154,154,154,154,179,213,224,224,239,274,274,346,346,358,38,38,138,78],"floor_reached":22,"playtime":736,"items_purged":["Strike_B"],"score":340,"play_id":"b0bf9add-2a5e-44a8-9925-092fac9f7ae7","local_time":"20190614151722","is_ascension_mode":true,"campfire_choices":[{"data":"Defragment","floor":6.0,"key":"SMITH"},{"data":"Zap","floor":8.0,"key":"SMITH"},{"data":"Coolheaded","floor":15.0,"key":"SMITH"}],"neow_cost":"NONE","seed_source_timestamp":104828850294800,"circlet_count":0,"master_deck":["AscendersBane","Defend_B+1","Defend_B","Defend_B+1","Zap+1","Dualcast","Melter","Chill","Barrage","Defragment+1","Auto Shields","Double Energy+1","Core Surge","Sweeping Beam","Coolheaded+1","Echo Form","Thunder Strike","Reinforced Body","Defragment"],"special_seed":0,"relics":["Cracked Core","War Paint","Ancient Tea Set","Ice Cream","Inserter","Pear","Nunchaku","Ornamental Fan"],"potions_floor_usage":[],"damage_taken":[{"damage":0.0,"enemies":"Small Slimes","floor":1.0,"turns":2.0},{"damage":1.0,"enemies":"Cultist","floor":2.0,"turns":3.0},{"damage":0.0,"enemies":"2 Louse","floor":3.0,"turns":2.0},{"damage":6.0,"enemies":"Blue Slaver","floor":4.0,"turns":3.0},{"damage":7.0,"enemies":"Lagavulin","floor":10.0,"turns":6.0},{"damage":1.0,"enemies":"3 Louse","floor":11.0,"turns":4.0},{"damage":7.0,"enemies":"Exordium Wildlife","floor":13.0,"turns":3.0},{"damage":8.0,"enemies":"Gremlin Nob","floor":14.0,"turns":4.0},{"damage":6.0,"enemies":"The Guardian","floor":16.0,"turns":10.0},{"damage":10.0,"enemies":"Chosen","floor":18.0,"turns":4.0},{"damage":15.0,"enemies":"Colosseum Slavers","floor":21.0,"turns":5.0},{"damage":37.0,"enemies":"Colosseum Nobs","floor":21.0,"turns":5.0},{"damage":17,"enemies":"2 Thieves","floor":22,"turns":2}],"seed_played":"402254982564641630","potions_obtained":[{"floor":1.0,"key":"SkillPotion"},{"floor":2.0,"key":"PowerPotion"},{"floor":4.0,"key":"Energy Potion"},{"floor":10.0,"key":"LiquidBronze"},{"floor":13.0,"key":"Regen Potion"},{"floor":18.0,"key":"Ancient Potion"},{"floor":21.0,"key":"FocusPotion"}],"is_trial":false,"path_per_floor":["M","M","M","M","?","R","?","R","T","E","M","?","M","E","R","B",null,"M","$","?","?","M"],"character_chosen":"DEFECT","items_purchased":["Pear"],"campfire_rested":0,"item_purchase_floors":[19],"current_hp_per_floor":[64,63,63,57,50,50,50,50,50,43,42,42,35,39,39,33,62,52,62,62,10,0],"gold":78,"neow_bonus":"TRANSFORM_CARD","is_prod":false,"is_daily":false,"chose_seed":false,"campfire_upgraded":3,"win_rate":0,"timestamp":1560518242,"path_taken":["M","M","M","M","?","R","?","R","T","E","?","?","?","E","R","BOSS","M","$","?","?","M"],"build_version":"2019-06-13","purchased_purges":1,"victory":false,"max_hp_per_floor":[71,71,71,71,71,71,71,71,71,71,71,71,71,71,71,71,71,71,81,81,81,81],"card_choices":[{"not_picked":["Reprogram","Double Energy"],"picked":"Chill","floor":1.0},{"not_picked":["Heatsinks","Beam Cell"],"picked":"Barrage","floor":2.0},{"not_picked":["Reprogram","Gash"],"picked":"Defragment","floor":3.0},{"not_picked":["Go for the Eyes","Loop"],"picked":"Auto Shields","floor":4.0},{"not_picked":["BootSequence","Steam"],"picked":"Core Surge","floor":10.0},{"not_picked":["Gash","Streamline"],"picked":"Sweeping Beam","floor":11.0},{"not_picked":["Aggregate","Reprogram"],"picked":"Coolheaded","floor":13.0},{"not_picked":["Reinforced Body","Chill"],"picked":"Echo Form","floor":14.0},{"not_picked":["Amplify","Echo Form"],"picked":"Thunder Strike","floor":16.0},{"not_picked":["Gash","Stack"],"picked":"Reinforced Body","floor":18.0},{"not_picked":["Blizzard","Sweeping Beam"],"picked":"Defragment","floor":21.0}],"player_experience":834250,"relics_obtained":[{"floor":9.0,"key":"War Paint"},{"floor":10.0,"key":"Ancient Tea Set"},{"floor":14.0,"key":"Ice Cream"},{"floor":21.0,"key":"Nunchaku"},{"floor":21.0,"key":"Ornamental Fan"}],"event_choices":[{"cards_removed":["Strike_B"],"damage_healed":0.0,"max_hp_gain":0.0,"max_hp_loss":0.0,"gold_gain":0.0,"event_name":"Golden Wing","player_choice":"Card Removal","floor":5.0,"gold_loss":0.0,"damage_taken":7.0},{"damage_healed":0.0,"max_hp_gain":0.0,"max_hp_loss":0.0,"gold_gain":0.0,"cards_transformed":["Strike_B"],"event_name":"Transmorgrifier","player_choice":"Transformed","floor":7.0,"gold_loss":0.0,"damage_taken":0.0,"cards_obtained":["Double Energy"]},{"damage_healed":0.0,"max_hp_gain":0.0,"max_hp_loss":0.0,"gold_gain":0.0,"event_name":"Upgrade Shrine","player_choice":"Upgraded","floor":12.0,"gold_loss":0.0,"damage_taken":0.0,"cards_upgraded":["Double Energy"]},{"cards_removed":["Defend_B"],"damage_healed":0.0,"max_hp_gain":0.0,"max_hp_loss":0.0,"gold_gain":0.0,"event_name":"Back to Basics","player_choice":"Elegance","floor":20.0,"gold_loss":0.0,"damage_taken":0.0},{"damage_healed":0.0,"max_hp_gain":0.0,"max_hp_loss":0.0,"gold_gain":0.0,"event_name":"Colosseum","player_choice":"Fight","floor":21.0,"gold_loss":0.0,"damage_taken":0.0},{"damage_healed":0.0,"max_hp_gain":0.0,"max_hp_loss":0.0,"gold_gain":0.0,"event_name":"Colosseum","player_choice":"Fought Nobs","floor":21.0,"gold_loss":0.0,"damage_taken":0.0}],"is_beta":true,"boss_relics":[{"not_picked":["Fusion Hammer","White Beast Statue"],"picked":"Inserter"}],"items_purged_floors":[19],"is_endless":false,"potions_floor_spawned":[1,2,4,10,13,18,21],"killed_by":"2 Thieves","ascension_level":15}