{"gold_per_floor":[12,31,46,0,0,0,0,0,0,0,21,55,78,78],"floor_reached":14,"playtime":305,"items_purged":[],"score":184,"play_id":"9196aa02-7d1d-429b-9b9a-b7e9e81ab3ec","local_time":"20190515102206","is_ascension_mode":true,"campfire_choices":[{"floor":8,"key":"REST"}],"neow_cost":"NO_GOLD","seed_source_timestamp":2403596710100,"circlet_count":0,"master_deck":["AscendersBane","Strike_R","Strike_R","Strike_R","Defend_R","Defend_R","Defend_R","Defend_R","Bash","Demon Form","Anger","Armaments","Juggernaut","Sword Boomerang","Rampage","Shrug It Off","Seeing Red"],"relics":["Burning Blood","Golden Idol","Blue Candle","Matryoshka","StoneCalendar"],"potions_floor_usage":[6,12],"damage_taken":[{"damage":1,"enemies":"Cultist","floor":1,"turns":3},{"damage":6,"enemies":"Jaw Worm","floor":2,"turns":4},{"damage":11,"enemies":"2 Louse","floor":3,"turns":3},{"damage":6,"enemies":"2 Fungi Beasts","floor":6,"turns":2},{"damage":23,"enemies":"3 Louse","floor":11,"turns":4},{"damage":17,"enemies":"3 Sentries","floor":12,"turns":4},{"damage":7,"enemies":"Large Slime","floor":13,"turns":5},{"damage":26,"enemies":"Gremlin Gang","floor":14,"turns":2}],"seed_played":"-4183183432376933097","potions_obtained":[{"floor":2,"key":"LiquidBronze"},{"floor":3,"key":"SmokeBomb"},{"floor":11,"key":"PowerPotion"}],"is_trial":false,"path_per_floor":["M","M","M","?","?","M","?","R","T","?","M","E","M","M"],"character_chosen":"IRONCLAD","items_purchased":[],"campfire_rested":1,"item_purchase_floors":[],"current_hp_per_floor":[73,73,68,68,42,42,31,53,53,53,36,25,24,0],"gold":78,"neow_bonus":"TRANSFORM_TWO_CARDS","is_prod":false,"is_daily":false,"chose_seed":false,"campfire_upgraded":0,"win_rate":0,"timestamp":1557908526,"path_taken":["M","M","M","?","?","M","?","R","T","?","M","E","M","M"],"build_version":"2019-05-07","purchased_purges":0,"victory":false,"max_hp_per_floor":[75,75,75,75,75,75,75,75,75,75,75,75,75,75],"card_choices":[{"not_picked":["Perfected Strike","Wild Strike"],"picked":"Armaments","floor":1},{"not_picked":["Shrug It Off","Havoc"],"picked":"Juggernaut","floor":2},{"not_picked":["Wild Strike","True Grit"],"picked":"Sword Boomerang","floor":3},{"not_picked":["Iron Wave","Clash"],"picked":"Rampage","floor":11},{"not_picked":["Armaments","Exhume"],"picked":"Shrug It Off","floor":12},{"not_picked":["Cleave","Wild Strike"],"picked":"Seeing Red","floor":13}],"player_experience":712563,"relics_obtained":[{"floor":9,"key":"Matryoshka"},{"floor":12,"key":"StoneCalendar"}],"event_choices":[{"damage_healed":0,"gold_gain":0,"player_choice":"Left Gold","damage_taken":0,"max_hp_gain":0,"max_hp_loss":0,"event_name":"World of Goop","floor":4,"gold_loss":46},{"damage_healed":0,"gold_gain":0,"player_choice":"Take Damage","damage_taken":26,"relics_obtained":["Golden Idol"],"max_hp_gain":0,"max_hp_loss":0,"event_name":"Golden Idol","floor":5,"gold_loss":0},{"damage_healed":0,"gold_gain":0,"player_choice":"Success","damage_taken":11,"relics_obtained":["Blue Candle"],"max_hp_gain":0,"max_hp_loss":0,"event_name":"Scrap Ooze","floor":7,"gold_loss":0},{"damage_healed":0,"gold_gain":0,"player_choice":"Leave","damage_taken":0,"max_hp_gain":0,"max_hp_loss":0,"event_name":"The Cleric","floor":10,"gold_loss":0}],"is_beta":true,"boss_relics":[],"items_purged_floors":[],"is_endless":false,"potions_floor_spawned":[2,3,11],"killed_by":"Gremlin Gang","ascension_level":20}