{"gold_per_floor":[20,20,31,51,64,99,99,124,148,172,184,196,224,251,263,379,391,415,446,458,480,492,539,570,609,702,714,739,763,795,823,835,948,960,990,69,69,69,79,105,122,136,136,166,266,282,309,325,325,325],"floor_reached":50,"playtime":4628,"items_purged":[],"score":965,"play_id":"92b77ac1-be52-414f-bd93-e11388ac4d56","local_time":"20190516010842","is_ascension_mode":true,"campfire_choices":[{"data":"Envenom","floor":12,"key":"SMITH"},{"data":"Dagger Spray","floor":15,"key":"SMITH"},{"data":"Storm of Steel","floor":27,"key":"SMITH"},{"data":"Cloak And Dagger","floor":32,"key":"SMITH"},{"data":"Envenom","floor":49,"key":"SMITH"}],"neow_cost":"NO_GOLD","seed_source_timestamp":2882766754674970,"circlet_count":0,"master_deck":["Survivor","Neutralize","Heel Hook","Prepared","Envenom+1","Dagger Spray+1","Footwork","Masterful Stab","Poisoned Stab","Cloak And Dagger+1","Storm of Steel+1","Blur+1","Masterful Stab","Sucker Punch","Bite","Bite","Bite","Bite","Bite","Poisoned Stab","Dagger Spray+1","Leg Sweep+1","Dagger Spray+1","Distraction","Escape Plan","Well Laid Plans+1","Envenom+1","PiercingWail+1","Calculated Gamble","Tools of the Trade","Blur+1","Underhanded Strike","Underhanded Strike+1","Tactician","Quick Slash","Dagger Throw","Thinking Ahead","Good Instincts","Dodge and Roll+1","Finisher+1","Underhanded Strike","Flying Knee","Cloak And Dagger+1","Terror+1","Well Laid Plans","Well Laid Plans+1","Blade Dance+1"],"relics":["Ring of the Snake","Thread and Needle","Vajra","Bronze Scales","Regal Pillow","MawBank","Philosopher\u0027s Stone","Enchiridion","PreservedInsect","Bag of Preparation","Ornamental Fan","Pandora\u0027s Box","Pen Nib","Anchor","MealTicket","War Paint","Omamori","Mercury Hourglass","Nunchaku","Strawberry"],"potions_floor_usage":[6,6,14,16,18,21,25,31,33,39,41,47,50,50],"damage_taken":[{"damage":0,"enemies":"2 Louse","floor":1,"turns":4},{"damage":0,"enemies":"Cultist","floor":3,"turns":4},{"damage":0,"enemies":"Jaw Worm","floor":4,"turns":3},{"damage":0,"enemies":"Exordium Wildlife","floor":5,"turns":4},{"damage":3,"enemies":"3 Sentries","floor":6,"turns":11},{"damage":18,"enemies":"Lagavulin","floor":8,"turns":7},{"damage":0,"enemies":"Looter","floor":10,"turns":3},{"damage":0,"enemies":"Large Slime","floor":13,"turns":4},{"damage":0,"enemies":"Red Slaver","floor":14,"turns":2},{"damage":0,"enemies":"Hexaghost","floor":16,"turns":8},{"damage":0,"enemies":"Chosen","floor":18,"turns":4},{"damage":0,"enemies":"3 Byrds","floor":19,"turns":3},{"damage":6,"enemies":"Shelled Parasite and Fungi","floor":21,"turns":6},{"damage":0,"enemies":"Slavers","floor":23,"turns":5},{"damage":0,"enemies":"Chosen and Byrds","floor":24,"turns":4},{"damage":8,"enemies":"Book of Stabbing","floor":25,"turns":3},{"damage":0,"enemies":"Snake Plant","floor":28,"turns":3},{"damage":0,"enemies":"3 Cultists","floor":29,"turns":3},{"damage":0,"enemies":"Snecko","floor":30,"turns":3},{"damage":0,"enemies":"Snake Plant","floor":31,"turns":3},{"damage":54,"enemies":"Collector","floor":33,"turns":8},{"damage":0,"enemies":"Orb Walker","floor":35,"turns":2},{"damage":0,"enemies":"3 Darklings","floor":39,"turns":3},{"damage":0,"enemies":"Nemesis","floor":40,"turns":5},{"damage":14,"enemies":"Maw","floor":41,"turns":7},{"damage":0,"enemies":"Transient","floor":42,"turns":5},{"damage":0,"enemies":"Giant Head","floor":44,"turns":5},{"damage":0,"enemies":"Mind Bloom Boss Battle","floor":45,"turns":6},{"damage":0,"enemies":"Jaw Worm Horde","floor":46,"turns":2},{"damage":0,"enemies":"Reptomancer","floor":47,"turns":2},{"damage":0,"enemies":"Spire Growth","floor":48,"turns":3},{"damage":56,"enemies":"Awakened One","floor":50,"turns":6}],"seed_played":"-5210731854844724455","potions_obtained":[{"floor":3,"key":"Energy Potion"},{"floor":4,"key":"PowerPotion"},{"floor":8,"key":"Weak Potion"},{"floor":10,"key":"FearPotion"},{"floor":16,"key":"Dexterity Potion"},{"floor":18,"key":"FearPotion"},{"floor":19,"key":"Regen Potion"},{"floor":24,"key":"Block Potion"},{"floor":28,"key":"SkillPotion"},{"floor":31,"key":"PowerPotion"},{"floor":38,"key":"EssenceOfSteel"},{"floor":38,"key":"Ancient Potion"},{"floor":40,"key":"Dexterity Potion"},{"floor":42,"key":"Swift Potion"},{"floor":48,"key":"Block Potion"}],"is_trial":false,"path_per_floor":["M","?","M","M","M","E","?","E","T","M","$","R","M","M","R","B",null,"M","M","?","M","?","E","M","E","T","R","M","M","M","M","R","B",null,"M","$","?","?","M","E","M","M","T","E","?","M","E","M","R","B"],"character_chosen":"THE_SILENT","items_purchased":["Pen Nib","Anchor","MealTicket","Tactician","Quick Slash","Dagger Throw","Thinking Ahead","Good Instincts"],"campfire_rested":0,"item_purchase_floors":[36,36,36,36,36,36,36,36],"current_hp_per_floor":[70,70,70,70,70,67,53,35,35,35,35,35,35,35,35,35,70,70,70,54,63,49,49,49,43,43,43,49,49,49,49,49,5,49,49,49,47,47,47,47,37,41,41,47,47,47,54,54,54,0],"gold":325,"neow_bonus":"ONE_RARE_RELIC","is_prod":false,"is_daily":false,"chose_seed":false,"campfire_upgraded":5,"win_rate":0,"timestamp":1557990522,"path_taken":["M","?","?","M","M","E","?","E","T","M","$","R","M","M","R","BOSS","M","M","?","M","?","E","M","E","T","R","M","M","M","M","R","BOSS","M","$","?","?","?","E","M","M","T","E","?","M","E","M","R","BOSS"],"build_version":"2019-01-23","purchased_purges":0,"victory":false,"max_hp_per_floor":[70,70,70,70,70,70,70,70,70,70,70,70,70,70,70,70,70,70,70,70,70,49,49,49,49,49,49,49,49,49,49,49,49,49,49,49,47,47,47,47,47,47,47,47,47,47,54,54,54,54],"card_choices":[{"not_picked":["Flying Knee","Crippling Poison"],"picked":"Underhanded Strike","floor":1},{"not_picked":["Poisoned Stab","Dash"],"picked":"Heel Hook","floor":3},{"not_picked":["Slice","Poisoned Stab"],"picked":"Prepared","floor":4},{"not_picked":["Footwork","Outmaneuver"],"picked":"Envenom","floor":5},{"not_picked":["Masterful Stab","Backflip"],"picked":"Dagger Spray","floor":6},{"not_picked":["Skewer","Acrobatics"],"picked":"Footwork","floor":8},{"not_picked":["Acrobatics","Deflect"],"picked":"Masterful Stab","floor":10},{"not_picked":["Flechettes","Backflip"],"picked":"Poisoned Stab","floor":13},{"not_picked":["Blade Dance","Leg Sweep"],"picked":"Cloak And Dagger","floor":14},{"not_picked":["Malaise","Glass Knife"],"picked":"Storm of Steel","floor":16},{"not_picked":["Setup","Outmaneuver"],"picked":"Blur+1","floor":18},{"not_picked":["PiercingWail","Bane"],"picked":"Masterful Stab","floor":19},{"not_picked":["Backflip+1","Crippling Poison"],"picked":"Sucker Punch","floor":21},{"not_picked":["Cloak And Dagger","Dagger Throw"],"picked":"Poisoned Stab","floor":23},{"not_picked":["Deflect","Flying Knee"],"picked":"Dagger Spray+1","floor":24},{"not_picked":["Deadly Poison","Noxious Fumes"],"picked":"Leg Sweep+1","floor":25},{"not_picked":["PiercingWail","Deadly Poison"],"picked":"Dagger Spray+1","floor":28},{"not_picked":["Storm of Steel","Outmaneuver"],"picked":"Distraction","floor":29},{"not_picked":["Slice","Crippling Poison"],"picked":"Escape Plan","floor":30},{"not_picked":["Deflect","Catalyst"],"picked":"Well Laid Plans+1","floor":31},{"not_picked":["Die Die Die","Unload"],"picked":"Envenom","floor":33},{"not_picked":["Sucker Punch","Footwork"],"picked":"Underhanded Strike+1","floor":35},{"not_picked":["Footwork","Flying Knee"],"picked":"Dodge and Roll+1","floor":39},{"not_picked":["Quick Slash","Bane"],"picked":"Finisher+1","floor":40},{"not_picked":["Caltrops+1","Sucker Punch"],"picked":"Underhanded Strike","floor":41},{"not_picked":["Endless Agony","Sucker Punch"],"picked":"Flying Knee","floor":42},{"not_picked":["Malaise","Backflip"],"picked":"Cloak And Dagger+1","floor":44},{"not_picked":["Dodge and Roll+1","Well Laid Plans"],"picked":"Terror+1","floor":45},{"not_picked":["All Out Attack","Dash+1"],"picked":"Well Laid Plans","floor":46},{"not_picked":["Crippling Poison+1","Expertise"],"picked":"Well Laid Plans+1","floor":47},{"not_picked":["All Out Attack+1","Distraction+1"],"picked":"Blade Dance+1","floor":48}],"player_experience":192923,"relics_obtained":[{"floor":6,"key":"Bronze Scales"},{"floor":8,"key":"Regal Pillow"},{"floor":9,"key":"MawBank"},{"floor":20,"key":"Enchiridion"},{"floor":23,"key":"PreservedInsect"},{"floor":25,"key":"Bag of Preparation"},{"floor":26,"key":"Ornamental Fan"},{"floor":40,"key":"War Paint"},{"floor":43,"key":"Omamori"},{"floor":44,"key":"Mercury Hourglass"},{"floor":45,"key":"Nunchaku"},{"floor":47,"key":"Strawberry"}],"event_choices":[{"cards_removed":["Underhanded Strike"],"damage_healed":0,"gold_gain":0,"player_choice":"Gave Card","damage_taken":0,"relics_obtained":["Vajra"],"max_hp_gain":0,"max_hp_loss":0,"event_name":"WeMeetAgain","floor":2,"gold_loss":0},{"damage_healed":0,"gold_gain":0,"player_choice":"Entered Light","damage_taken":14,"max_hp_gain":0,"max_hp_loss":0,"event_name":"Shining Light","floor":7,"gold_loss":0,"cards_upgraded":["Strike_G","Defend_G"]},{"damage_healed":0,"gold_gain":0,"player_choice":"Obtained Book","damage_taken":16,"max_hp_gain":0,"max_hp_loss":0,"event_name":"Cursed Tome","floor":20,"gold_loss":0},{"damage_healed":0,"gold_gain":0,"player_choice":"Became a vampire","damage_taken":0,"max_hp_gain":0,"max_hp_loss":21,"event_name":"Vampires","floor":22,"gold_loss":0,"cards_obtained":["Bite","Bite","Bite","Bite","Bite"]},{"damage_healed":0,"gold_gain":0,"player_choice":"Max HP","damage_taken":0,"max_hp_gain":0,"max_hp_loss":2,"event_name":"Winding Halls","floor":37,"gold_loss":0},{"damage_healed":0,"gold_gain":0,"player_choice":"Got Potions","damage_taken":0,"max_hp_gain":0,"max_hp_loss":0,"event_name":"Lab","floor":38,"gold_loss":0},{"damage_healed":0,"gold_gain":0,"player_choice":"Fight","damage_taken":0,"max_hp_gain":0,"max_hp_loss":0,"event_name":"MindBloom","floor":45,"gold_loss":0}],"is_beta":false,"boss_relics":[{"not_picked":["Astrolabe","Sozu"],"picked":"Philosopher\u0027s Stone"},{"not_picked":["Tiny House","Empty Cage"],"picked":"Pandora\u0027s Box"}],"items_purged_floors":[],"is_endless":false,"potions_floor_spawned":[3,4,8,10,16,18,19,24,28,31,40,42,46,48],"killed_by":"Awakened One","ascension_level":4}