{"gold_per_floor":[111,127,146,156,81,81,108,108,108,108,119,133,151,161,161,161],"floor_reached":16,"playtime":453,"items_purged":[],"score":212,"play_id":"ca1a1ae5-842a-4e0c-841b-4f0b17b485cb","local_time":"20190514225047","is_ascension_mode":true,"campfire_choices":[{"data":"Uppercut","floor":6,"key":"SMITH"},{"data":"Bash","floor":8,"key":"SMITH"},{"floor":15,"key":"REST"}],"neow_cost":"NONE","seed_source_timestamp":106225491099000,"circlet_count":0,"master_deck":["AscendersBane","Strike_R","Strike_R","Strike_R","Defend_R","Defend_R","Defend_R","Defend_R","Bash+1","Blind","Twin Strike","Carnage","Armaments","Uppercut+1","True Grit","Sword Boomerang","Feed","Cleave","True Grit"],"relics":["Burning Blood","Peace Pipe","Unceasing Top"],"potions_floor_usage":[16],"damage_taken":[{"damage":6,"enemies":"Cultist","floor":1,"turns":4},{"damage":2,"enemies":"Small Slimes","floor":2,"turns":3},{"damage":4,"enemies":"Jaw Worm","floor":3,"turns":3},{"damage":9,"enemies":"Looter","floor":4,"turns":3},{"damage":32,"enemies":"3 Sentries","floor":7,"turns":8},{"damage":19,"enemies":"Exordium Wildlife","floor":11,"turns":4},{"damage":18,"enemies":"Lots of Slimes","floor":12,"turns":5},{"damage":10,"enemies":"Red Slaver","floor":13,"turns":3},{"damage":10,"enemies":"2 Fungi Beasts","floor":14,"turns":4},{"damage":55,"enemies":"The Guardian","floor":16,"turns":8}],"seed_played":"8163123075579302064","potions_obtained":[{"floor":2,"key":"SteroidPotion"},{"floor":3,"key":"SmokeBomb"},{"floor":7,"key":"Weak Potion"}],"is_trial":false,"path_per_floor":["M","M","M","M","?","R","E","R","T","?","M","M","M","M","R","B"],"character_chosen":"IRONCLAD","items_purchased":[],"campfire_rested":1,"item_purchase_floors":[],"current_hp_per_floor":[68,72,74,71,71,71,45,45,45,45,32,23,22,18,42,0],"gold":161,"neow_bonus":"RANDOM_COLORLESS","is_prod":false,"is_daily":false,"chose_seed":false,"campfire_upgraded":2,"win_rate":0,"timestamp":1557867047,"path_taken":["M","M","M","M","?","R","E","R","T","?","M","M","M","M","R","BOSS"],"build_version":"2019-05-07","purchased_purges":0,"victory":false,"max_hp_per_floor":[75,75,75,75,75,75,75,75,75,75,75,78,81,81,81,81],"card_choices":[{"not_picked":["Clash","Perfected Strike"],"picked":"Twin Strike","floor":1},{"not_picked":["Flex","Combust"],"picked":"Carnage","floor":2},{"not_picked":["Twin Strike","Clash"],"picked":"Armaments","floor":3},{"not_picked":["Thunderclap","Reckless Charge"],"picked":"Uppercut","floor":4},{"not_picked":["Perfected Strike","Body Slam"],"picked":"True Grit","floor":7},{"not_picked":["Thunderclap","Entrench"],"picked":"Feed","floor":11},{"not_picked":["Clothesline","Bloodletting"],"picked":"Cleave","floor":12},{"not_picked":["Sword Boomerang","Rupture","Searing Blow"],"picked":"SKIP","floor":13},{"not_picked":["Infernal Blade","Warcry"],"picked":"True Grit","floor":14}],"player_experience":708899,"relics_obtained":[{"floor":7,"key":"Peace Pipe"},{"floor":9,"key":"Unceasing Top"}],"event_choices":[{"cards_removed":["Strike_R"],"damage_healed":0,"gold_gain":0,"player_choice":"Card Removal","damage_taken":0,"max_hp_gain":0,"max_hp_loss":0,"event_name":"The Cleric","floor":5,"gold_loss":75},{"damage_healed":0,"gold_gain":0,"cards_transformed":["Strike_R"],"player_choice":"Change","damage_taken":0,"max_hp_gain":0,"max_hp_loss":0,"event_name":"Living Wall","floor":10,"gold_loss":0,"cards_obtained":["Sword Boomerang"]}],"is_beta":true,"boss_relics":[],"items_purged_floors":[],"is_endless":false,"potions_floor_spawned":[2,3,7,13],"killed_by":"The Guardian","ascension_level":20}