{"gold_per_floor":[20,36,50,325,166,166,200,200,200,232,251,261,272,272,272,346,346,358,358,358,372,391,391,291,81,153,187,207,207,226,239,239,239],"floor_reached":33,"playtime":946,"items_purged":["Regret","Strike_R"],"score":558,"play_id":"580f90cb-89fd-4797-b300-d6b544141dbe","local_time":"20190513163232","is_ascension_mode":true,"campfire_choices":[{"data":"Uppercut","floor":6,"key":"SMITH"},{"data":"Bash","floor":8,"key":"SMITH"},{"data":"Inflame","floor":15,"key":"SMITH"},{"data":"Feel No Pain","floor":23,"key":"SMITH"},{"data":"Shrug It Off","floor":29,"key":"SMITH"},{"data":"Ghostly Armor","floor":32,"key":"SMITH"}],"neow_cost":"NO_GOLD","seed_source_timestamp":3318057279300,"circlet_count":0,"master_deck":["AscendersBane","Strike_R","Defend_R","Defend_R","Defend_R","Defend_R","Bash+1","Uppercut+1","Thunderclap","Carnage","Inflame+1","Ghostly Armor+1","Body Slam+1","Pommel Strike+1","Shrug It Off+1","Offering","Feel No Pain+1","Pommel Strike+1","Flame Barrier+1","Combust","Battle Trance","Feel No Pain+1"],"relics":["Burning Blood","Self Forming Clay","Molten Egg 2","Bag of Preparation","Coffee Dripper","Nilry\u0027s Codex","Strawberry","Matryoshka","Bag of Marbles"],"potions_floor_usage":[7,16,27,33],"damage_taken":[{"damage":14,"enemies":"Jaw Worm","floor":1,"turns":3},{"damage":0,"enemies":"Cultist","floor":2,"turns":3},{"damage":4,"enemies":"2 Louse","floor":3,"turns":3},{"damage":25,"enemies":"Lagavulin","floor":7,"turns":5},{"damage":6,"enemies":"Gremlin Nob","floor":10,"turns":3},{"damage":4,"enemies":"Looter","floor":11,"turns":3},{"damage":8,"enemies":"Blue Slaver","floor":12,"turns":3},{"damage":10,"enemies":"Red Slaver","floor":13,"turns":2},{"damage":12,"enemies":"Slime Boss","floor":16,"turns":6},{"damage":6,"enemies":"Spheric Guardian","floor":18,"turns":3},{"damage":6,"enemies":"Chosen","floor":21,"turns":3},{"damage":18,"enemies":"Snake Plant","floor":22,"turns":3},{"damage":9,"enemies":"Book of Stabbing","floor":27,"turns":3},{"damage":15,"enemies":"Centurion and Healer","floor":28,"turns":4},{"damage":6,"enemies":"Cultist and Chosen","floor":30,"turns":5},{"damage":24,"enemies":"Shelled Parasite and Fungi","floor":31,"turns":6},{"damage":19,"enemies":"Automaton","floor":33,"turns":10}],"seed_played":"-6537951960078115869","potions_obtained":[{"floor":1,"key":"Explosive Potion"},{"floor":2,"key":"Strength Potion"},{"floor":7,"key":"Energy Potion"},{"floor":12,"key":"Weak Potion"},{"floor":22,"key":"Energy Potion"},{"floor":27,"key":"SteroidPotion"}],"is_trial":false,"path_per_floor":["M","M","M","?","$","R","E","R","T","E","M","M","M","?","R","B",null,"M","?","?","M","M","R","$","$","T","E","M","R","M","M","R","B"],"character_chosen":"IRONCLAD","items_purchased":["Inflame","Strawberry","Combust"],"campfire_rested":0,"item_purchase_floors":[5,25,25],"current_hp_per_floor":[60,66,68,68,68,68,49,49,49,49,51,49,45,45,45,39,66,66,45,45,45,33,33,33,40,40,37,28,28,28,10,10,0],"gold":239,"neow_bonus":"REMOVE_TWO","is_prod":false,"is_daily":false,"chose_seed":false,"campfire_upgraded":6,"win_rate":0,"timestamp":1557757952,"path_taken":["M","M","M","?","?","R","E","R","T","E","M","M","?","?","R","BOSS","M","?","?","M","?","R","?","$","T","E","M","R","M","M","R","BOSS"],"build_version":"2019-05-07","purchased_purges":2,"victory":false,"max_hp_per_floor":[75,75,75,75,75,75,75,75,75,75,75,75,75,75,75,75,75,75,75,75,75,75,75,75,82,82,82,82,82,82,82,82,82],"card_choices":[{"not_picked":["Sentinel","Flex"],"picked":"Uppercut","floor":1},{"not_picked":["Flex","Entrench"],"picked":"Thunderclap","floor":2},{"not_picked":["Pummel","Rage"],"picked":"Carnage","floor":3},{"not_picked":["Dropkick","Inflame"],"picked":"Ghostly Armor","floor":7},{"not_picked":["Reckless Charge+1","Dual Wield"],"picked":"Body Slam+1","floor":10},{"not_picked":["Armaments","Hemokinesis+1"],"picked":"Pommel Strike+1","floor":11},{"not_picked":["Sever Soul+1","Flex","Hemokinesis+1"],"picked":"SKIP","floor":12},{"not_picked":["Clash+1","Sword Boomerang+1"],"picked":"Shrug It Off","floor":13},{"not_picked":["Fiend Fire+1","Juggernaut"],"picked":"Offering","floor":16},{"not_picked":["Clash+1","Uppercut+1"],"picked":"Feel No Pain","floor":18},{"not_picked":["Sword Boomerang+1","Body Slam+1"],"picked":"Pommel Strike+1","floor":21},{"not_picked":["Sever Soul+1","Warcry+1"],"picked":"Flame Barrier+1","floor":22},{"not_picked":["Double Tap","Cleave+1"],"picked":"Battle Trance","floor":27},{"not_picked":["Wild Strike+1","Twin Strike+1","Searing Blow+1"],"picked":"SKIP","floor":28},{"not_picked":["Uppercut+1","True Grit"],"picked":"Feel No Pain+1","floor":30},{"not_picked":["Inflame","Rage","Spot Weakness"],"picked":"SKIP","floor":31}],"player_experience":697413,"relics_obtained":[{"floor":7,"key":"Self Forming Clay"},{"floor":9,"key":"Molten Egg 2"},{"floor":10,"key":"Bag of Preparation"},{"floor":19,"key":"Nilry\u0027s Codex"},{"floor":26,"key":"Matryoshka"},{"floor":27,"key":"Bag of Marbles"}],"event_choices":[{"damage_healed":0,"gold_gain":275,"player_choice":"Desecrate","damage_taken":0,"max_hp_gain":0,"max_hp_loss":0,"event_name":"Golden Shrine","floor":4,"gold_loss":0,"cards_obtained":["Regret"]},{"damage_healed":0,"gold_gain":0,"player_choice":"Ignored","damage_taken":0,"max_hp_gain":0,"max_hp_loss":0,"event_name":"Liars Game","floor":14,"gold_loss":0},{"damage_healed":0,"gold_gain":0,"player_choice":"Obtained Book","damage_taken":21,"max_hp_gain":0,"max_hp_loss":0,"event_name":"Cursed Tome","floor":19,"gold_loss":0},{"cards_removed":["Strike_R"],"damage_healed":0,"gold_gain":0,"player_choice":"Offered Basic","damage_taken":0,"max_hp_gain":0,"max_hp_loss":0,"event_name":"Bonfire Elementals","floor":20,"gold_loss":0}],"is_beta":true,"boss_relics":[{"not_picked":["Empty Cage","Ectoplasm"],"picked":"Coffee Dripper"}],"items_purged_floors":[5,24],"is_endless":false,"potions_floor_spawned":[1,2,7,12,22,27],"killed_by":"Automaton","ascension_level":20}