{"gold_per_floor":[319,338,356,247,265,282,310,20,76,96,116,116,149,167,167,263,263,277,277,294,306,306,334,9,9,81,81],"floor_reached":27,"playtime":2112,"items_purged":[],"score":390,"play_id":"9e44c0a5-9083-4061-b22d-87e52dcc79ce","local_time":"20190531220847","is_ascension_mode":true,"campfire_choices":[{"data":"Noxious Fumes","floor":12.0,"key":"SMITH"},{"data":"Well Laid Plans","floor":15.0,"key":"SMITH"},{"floor":25,"key":"REST"}],"neow_cost":"NO_GOLD","seed_source_timestamp":0,"circlet_count":0,"master_deck":["Defend_G","Defend_G","Defend_G","Defend_G","Defend_G","Strike_G","Strike_G","Strike_G","Strike_G","Strike_G","Survivor","Neutralize","Cloak And Dagger","Infinite Blades","Noxious Fumes+1","Footwork","Setup","Bane","Poisoned Stab","Cloak And Dagger","Well Laid Plans+1","Blur","Glass Knife","Calculated Gamble","Backflip","Predator","Dash","Night Terror","PiercingWail","RitualDagger","Deadly Poison","Poisoned Stab","Poisoned Stab","Footwork","Bouncing Flask+1","Clumsy"],"special_seed":0,"relics":["Ring of the Snake","Old Coin","Tingsha","Tiny Chest","Odd Mushroom","Snake Skull","Cursed Key","Dream Catcher","Meat on the Bone","Letter Opener"],"potions_floor_usage":[21],"damage_taken":[{"damage":2.0,"enemies":"2 Louse","floor":1.0,"turns":4.0},{"damage":0.0,"enemies":"Jaw Worm","floor":2.0,"turns":4.0},{"damage":2.0,"enemies":"Small Slimes","floor":3.0,"turns":4.0},{"damage":6.0,"enemies":"Exordium Thugs","floor":5.0,"turns":7.0},{"damage":6.0,"enemies":"Red Slaver","floor":6.0,"turns":5.0},{"damage":0.0,"enemies":"Lagavulin","floor":7.0,"turns":5.0},{"damage":3.0,"enemies":"The Mushroom Lair","floor":10.0,"turns":5.0},{"damage":0.0,"enemies":"2 Fungi Beasts","floor":11.0,"turns":3.0},{"damage":14.0,"enemies":"Gremlin Nob","floor":13.0,"turns":4.0},{"damage":0.0,"enemies":"Large Slime","floor":14.0,"turns":5.0},{"damage":20.0,"enemies":"The Guardian","floor":16.0,"turns":10.0},{"damage":6,"enemies":"Chosen","floor":18,"turns":5},{"damage":0,"enemies":"3 Byrds","floor":20,"turns":4},{"damage":0,"enemies":"Snake Plant","floor":21,"turns":4},{"damage":37,"enemies":"Slavers","floor":23,"turns":7},{"damage":30,"enemies":"Book of Stabbing","floor":27,"turns":4}],"seed_played":"5593717401426106029","potions_obtained":[{"floor":1.0,"key":"GhostInAJar"},{"floor":2.0,"key":"Strength Potion"},{"floor":6.0,"key":"GamblersBrew"},{"floor":10.0,"key":"Weak Potion"},{"floor":18,"key":"Block Potion"}],"is_trial":false,"path_per_floor":["M","M","M","$","M","M","E","$","T","?","M","R","E","M","R","B",null,"M","?","M","M","?","E","$","R","T","E"],"character_chosen":"THE_SILENT","items_purchased":["Footwork","Setup","Well Laid Plans","Blur","Glass Knife","Meat on the Bone","Footwork"],"campfire_rested":1,"item_purchase_floors":[4,4,8,8,8,24,24],"current_hp_per_floor":[61,61,59,59,53,47,47,47,47,44,44,44,30,30,30,10,55,49,43,43,43,43,6,6,27,27,0],"gold":81,"neow_bonus":"ONE_RARE_RELIC","is_prod":false,"is_daily":false,"chose_seed":false,"campfire_upgraded":2,"win_rate":0,"timestamp":1559362127,"path_taken":["M","M","M","$","M","M","E","$","T","?","M","R","E","M","R","BOSS","M","?","M","M","?","E","$","R","T","E"],"build_version":"2019-01-23","purchased_purges":0,"victory":false,"max_hp_per_floor":[70,70,70,70,70,70,70,70,70,70,70,70,70,70,70,70,70,70,70,70,70,70,70,70,70,70,70],"card_choices":[{"not_picked":["Endless Agony","Deflect"],"picked":"Cloak And Dagger","floor":1.0},{"not_picked":["Dagger Throw","Deflect"],"picked":"Infinite Blades","floor":2.0},{"not_picked":["Outmaneuver","Underhanded Strike"],"picked":"Noxious Fumes","floor":3.0},{"not_picked":["Prepared","Cloak And Dagger"],"picked":"Bane","floor":5.0},{"not_picked":["Deflect","Quick Slash"],"picked":"Poisoned Stab","floor":6.0},{"not_picked":["Dagger Spray","Blade Dance"],"picked":"Cloak And Dagger","floor":7.0},{"not_picked":["Doppelganger","Outmaneuver"],"picked":"Calculated Gamble","floor":10.0},{"not_picked":["PiercingWail","Finisher"],"picked":"Backflip","floor":11.0},{"not_picked":["Masterful Stab","Heel Hook"],"picked":"Predator","floor":13.0},{"not_picked":["Riddle With Holes","Dagger Spray"],"picked":"Dash","floor":14.0},{"not_picked":["Phantasmal Killer","Wraith Form v2"],"picked":"Night Terror","floor":16.0},{"not_picked":["Setup","Flying Knee"],"picked":"PiercingWail","floor":18},{"not_picked":["Flying Knee+1","Dagger Spray"],"picked":"Deadly Poison","floor":20},{"not_picked":["All Out Attack","Quick Slash"],"picked":"Poisoned Stab","floor":21},{"not_picked":["Choke","Heel Hook"],"picked":"Poisoned Stab","floor":23},{"not_picked":["Flying Knee","Dagger Throw+1"],"picked":"Bouncing Flask+1","floor":25}],"player_experience":260091,"relics_obtained":[{"floor":7.0,"key":"Tingsha"},{"floor":9.0,"key":"Tiny Chest"},{"floor":10.0,"key":"Odd Mushroom"},{"floor":13.0,"key":"Snake Skull"},{"floor":23,"key":"Dream Catcher"},{"floor":26,"key":"Letter Opener"}],"event_choices":[{"damage_healed":0.0,"max_hp_gain":0.0,"max_hp_loss":0.0,"gold_gain":0.0,"event_name":"Mushrooms","player_choice":"Fought Mushrooms","floor":10.0,"gold_loss":0.0,"damage_taken":0.0},{"damage_healed":0,"gold_gain":0,"player_choice":"Joined the Cult","damage_taken":6,"max_hp_gain":0,"max_hp_loss":0,"event_name":"Nest","floor":19,"gold_loss":0,"cards_obtained":["RitualDagger"]},{"damage_healed":0,"gold_gain":0,"player_choice":"Ignored","damage_taken":0,"max_hp_gain":0,"max_hp_loss":0,"event_name":"Ghosts","floor":22,"gold_loss":0}],"is_beta":false,"boss_relics":[{"not_picked":["Runic Pyramid","Astrolabe"],"picked":"Cursed Key"}],"items_purged_floors":[],"is_endless":false,"potions_floor_spawned":[1,2,6,10,18],"killed_by":"Book of Stabbing","ascension_level":7}