{"gold_per_floor":[117,133,149,149,159,187,187,462,462,492,511,546,579,14,14,118,118,130,142,152,166,166,166],"floor_reached":23,"playtime":2155,"items_purged":["Regret"],"score":385,"play_id":"58432148-f804-459e-a83b-d5355ece313c","local_time":"20190531224453","is_ascension_mode":true,"campfire_choices":[{"data":"Footwork","floor":7,"key":"SMITH"},{"data":"Thinking Ahead","floor":15,"key":"SMITH"}],"neow_cost":"NONE","seed_source_timestamp":941016543814785,"circlet_count":0,"master_deck":["Defend_G","Defend_G","Defend_G","Defend_G","Defend_G","Strike_G","Strike_G","Strike_G","Strike_G","Strike_G","Survivor","Neutralize","Corpse Explosion","Dash","Cloak And Dagger","Footwork+1","Infinite Blades","Catalyst","Terror","Cloak And Dagger","Cloak And Dagger","Calculated Gamble","Well Laid Plans","Dodge and Roll","Acrobatics","Thinking Ahead+1","Malaise","Setup+1","Escape Plan+1","Underhanded Strike","Backstab+1","Ghostly","Ghostly","Ghostly","Ghostly","Ghostly"],"relics":["Ring of the Snake","Darkstone Periapt","WingedGreaves","Tingsha","Bag of Marbles","Blue Candle","Lantern","Black Star"],"potions_floor_usage":[12,13,16,16,16,16,19,19,20],"damage_taken":[{"damage":14,"enemies":"Jaw Worm","floor":1,"turns":6},{"damage":0,"enemies":"2 Louse","floor":2,"turns":2},{"damage":2,"enemies":"Cultist","floor":3,"turns":5},{"damage":0,"enemies":"Blue Slaver","floor":5,"turns":5},{"damage":2,"enemies":"3 Sentries","floor":6,"turns":4},{"damage":10,"enemies":"Lagavulin","floor":10,"turns":7},{"damage":5,"enemies":"2 Fungi Beasts","floor":11,"turns":3},{"damage":6,"enemies":"3 Sentries","floor":12,"turns":4},{"damage":9,"enemies":"Lagavulin","floor":13,"turns":7},{"damage":10,"enemies":"The Guardian","floor":16,"turns":9},{"damage":21,"enemies":"2 Thieves","floor":18,"turns":4},{"damage":9,"enemies":"Chosen","floor":19,"turns":6},{"damage":6,"enemies":"Centurion and Healer","floor":20,"turns":7},{"damage":12,"enemies":"Snecko","floor":21,"turns":7},{"damage":18,"enemies":"Gremlin Leader","floor":23,"turns":6}],"seed_played":"2420097063969918157","potions_obtained":[{"floor":2,"key":"Block Potion"},{"floor":10,"key":"FearPotion"},{"floor":12,"key":"GamblersBrew"},{"floor":13,"key":"EntropicBrew"},{"floor":16,"key":"Strength Potion"},{"floor":19,"key":"Weak Potion"}],"is_trial":false,"path_per_floor":["M","M","M","?","M","E","R","?","T","E","M","E","E","$","R","B",null,"M","M","M","M","?","E"],"character_chosen":"THE_SILENT","items_purchased":["Well Laid Plans","Dodge and Roll","Acrobatics","Lantern","Thinking Ahead"],"campfire_rested":0,"item_purchase_floors":[14,14,14,14,14],"current_hp_per_floor":[49,49,47,47,47,45,45,51,51,41,36,30,21,21,21,11,60,39,30,24,12,12,0],"gold":166,"neow_bonus":"ONE_RANDOM_RARE_CARD","is_prod":false,"is_daily":false,"chose_seed":false,"campfire_upgraded":2,"win_rate":0,"timestamp":1559364293,"path_taken":["M","M","M","?","M","E","R","?","T","E","M","E","E","$","R","BOSS","M","?","M","M","?","E"],"build_version":"2019-01-23","purchased_purges":1,"victory":false,"max_hp_per_floor":[70,70,70,70,70,70,70,76,76,76,76,76,76,76,76,76,76,76,76,76,76,38,38],"card_choices":[{"not_picked":["Blade Dance","Dodge and Roll"],"picked":"Dash","floor":1},{"not_picked":["Setup","Prepared"],"picked":"Cloak And Dagger","floor":2},{"not_picked":["Accuracy","Cloak And Dagger"],"picked":"Footwork","floor":3},{"not_picked":["Skewer","Blade Dance"],"picked":"Infinite Blades","floor":5},{"not_picked":["Masterful Stab","Blade Dance"],"picked":"Catalyst","floor":6},{"not_picked":["Dash","Masterful Stab"],"picked":"Terror","floor":10},{"not_picked":["Sucker Punch","Underhanded Strike"],"picked":"Cloak And Dagger","floor":11},{"not_picked":["Outmaneuver","Quick Slash"],"picked":"Cloak And Dagger","floor":12},{"not_picked":["Outmaneuver","Blur"],"picked":"Calculated Gamble","floor":13},{"not_picked":["Phantasmal Killer","Corpse Explosion"],"picked":"Malaise","floor":16},{"not_picked":["Dagger Spray","Outmaneuver"],"picked":"Setup+1","floor":18},{"not_picked":["Reflex","Dash"],"picked":"Escape Plan+1","floor":19},{"not_picked":["Quick Slash","Deflect"],"picked":"Underhanded Strike","floor":20},{"not_picked":["Sucker Punch","Dagger Spray"],"picked":"Backstab+1","floor":21}],"player_experience":262203,"relics_obtained":[{"floor":6,"key":"Darkstone Periapt"},{"floor":9,"key":"WingedGreaves"},{"floor":10,"key":"Tingsha"},{"floor":12,"key":"Bag of Marbles"},{"floor":13,"key":"Blue Candle"}],"event_choices":[{"damage_healed":0,"gold_gain":0,"player_choice":"Ignored","damage_taken":0,"max_hp_gain":0,"max_hp_loss":0,"event_name":"Liars Game","floor":4,"gold_loss":0},{"damage_healed":0,"gold_gain":275,"player_choice":"Desecrate","damage_taken":0,"max_hp_gain":0,"max_hp_loss":0,"event_name":"Golden Shrine","floor":8,"gold_loss":0,"cards_obtained":["Regret"]},{"damage_healed":0,"gold_gain":0,"player_choice":"Became a Ghost","damage_taken":0,"max_hp_gain":0,"max_hp_loss":38,"event_name":"Ghosts","floor":22,"gold_loss":0,"cards_obtained":["Ghostly","Ghostly","Ghostly","Ghostly","Ghostly"]}],"is_beta":false,"boss_relics":[{"not_picked":["Coffee Dripper","Ectoplasm"],"picked":"Black Star"}],"items_purged_floors":[14],"is_endless":false,"potions_floor_spawned":[2,10,12,13,16,19],"killed_by":"Gremlin Leader","ascension_level":7}