{"gold_per_floor":[116,132,151,167,179,213,213,246,319,319,1,26,42,72,72,173,173,183,203,218,235,235,269,269],"floor_reached":24,"playtime":1790,"items_purged":[],"score":400,"play_id":"1cedb43e-d50b-4783-8c9c-311f0c86fed5","local_time":"20190612220648","is_ascension_mode":true,"campfire_choices":[{"floor":7,"key":"REST"},{"data":"Neutralize","floor":10,"key":"SMITH"},{"data":"Caltrops","floor":15,"key":"SMITH"}],"neow_cost":"NONE","seed_source_timestamp":62417459363011,"circlet_count":0,"master_deck":["AscendersBane","Survivor+1","Neutralize+1","Caltrops","Skewer","Bouncing Flask","Cloak And Dagger","Dodge and Roll","Leg Sweep","Caltrops+1","Deadly Poison","Backflip","Cloak And Dagger","Blur","Adrenaline","Bane","Quick Slash","Concentrate","Corpse Explosion","Bane","Expertise","Predator","Cloak And Dagger","Expertise","Predator","Backflip","Caltrops","Noxious Fumes","Adrenaline"],"special_seed":0,"relics":["Ring of the Snake","Oddly Smooth Stone","PreservedInsect","Bag of Marbles","Pear","Tiny Chest","Regal Pillow","Gambling Chip","War Paint","Pandora\u0027s Box","Ancient Tea Set"],"potions_floor_usage":[6,14,19,24,24],"damage_taken":[{"damage":6.0,"enemies":"Cultist","floor":1.0,"turns":4.0},{"damage":0.0,"enemies":"Small Slimes","floor":2.0,"turns":4.0},{"damage":0.0,"enemies":"2 Louse","floor":3.0,"turns":3.0},{"damage":14.0,"enemies":"Large Slime","floor":4.0,"turns":7.0},{"damage":7.0,"enemies":"Lots of Slimes","floor":5.0,"turns":5.0},{"damage":33,"enemies":"Gremlin Nob","floor":6,"turns":5},{"damage":1,"enemies":"3 Sentries","floor":8,"turns":9},{"damage":13,"enemies":"Gremlin Nob","floor":12,"turns":4},{"damage":0,"enemies":"2 Fungi Beasts","floor":13,"turns":4},{"damage":1,"enemies":"Lagavulin","floor":14,"turns":8},{"damage":11,"enemies":"The Guardian","floor":16,"turns":9},{"damage":5,"enemies":"Shell Parasite","floor":18,"turns":6},{"damage":15,"enemies":"Spheric Guardian","floor":19,"turns":4},{"damage":0,"enemies":"3 Cultists","floor":20,"turns":2},{"damage":7,"enemies":"Cultist and Chosen","floor":21,"turns":4},{"damage":23,"enemies":"Slavers","floor":23,"turns":2},{"damage":12,"enemies":"Masked Bandits","floor":24,"turns":5}],"seed_played":"1989115362888489328","potions_obtained":[{"floor":3.0,"key":"SpeedPotion"},{"floor":4.0,"key":"SkillPotion"},{"floor":5.0,"key":"SkillPotion"},{"floor":8,"key":"Dexterity Potion"},{"floor":16,"key":"GamblersBrew"},{"floor":19,"key":"SkillPotion"},{"floor":21,"key":"Weak Potion"}],"is_trial":false,"path_per_floor":["M","M","M","M","M","E","R","E","T","R","$","E","M","E","R","B",null,"M","M","M","M","?","E","?"],"character_chosen":"THE_SILENT","items_purchased":["Tiny Chest","Regal Pillow","Deadly Poison"],"campfire_rested":1,"item_purchase_floors":[11,11,11],"current_hp_per_floor":[57,57,57,43,36,3,24,23,33,33,33,20,20,19,19,8,62,57,42,42,35,35,12,0],"gold":269,"neow_bonus":"RANDOM_COMMON_RELIC","is_prod":false,"is_daily":false,"chose_seed":false,"campfire_upgraded":2,"win_rate":0,"timestamp":1560398808,"path_taken":["M","M","M","?","M","E","R","E","T","R","$","E","M","E","R","BOSS","M","M","M","M","?","E","?"],"build_version":"2019-01-23","purchased_purges":0,"victory":false,"max_hp_per_floor":[70,70,70,70,70,70,70,70,80,80,80,80,80,80,80,80,80,80,80,80,80,80,80,80],"card_choices":[{"not_picked":["Prepared","Deflect"],"picked":"Caltrops","floor":1.0},{"not_picked":["Bane","Slice"],"picked":"Skewer","floor":2.0},{"not_picked":["Calculated Gamble","Acrobatics"],"picked":"Bouncing Flask","floor":3.0},{"not_picked":["Heel Hook","Tools of the Trade"],"picked":"Cloak And Dagger","floor":4.0},{"not_picked":["Underhanded Strike","Expertise"],"picked":"Dodge and Roll","floor":5.0},{"not_picked":["Dodge and Roll","Poisoned Stab"],"picked":"Leg Sweep","floor":6},{"not_picked":["Concentrate","Sucker Punch"],"picked":"Caltrops","floor":8},{"not_picked":["Night Terror","Underhanded Strike"],"picked":"Backflip","floor":12},{"not_picked":["Slice","Deflect"],"picked":"Cloak And Dagger","floor":13},{"not_picked":["Blade Dance","Escape Plan"],"picked":"Blur","floor":14},{"not_picked":["Storm of Steel","Phantasmal Killer"],"picked":"Adrenaline","floor":16},{"not_picked":["Cloak And Dagger","Acrobatics+1"],"picked":"Predator","floor":18},{"not_picked":["Deflect","PiercingWail+1"],"picked":"Backflip","floor":19},{"not_picked":["Flying Knee","Slice"],"picked":"Caltrops","floor":20},{"not_picked":["Bane","Poisoned Stab"],"picked":"Noxious Fumes","floor":21},{"not_picked":["Choke+1","Dagger Spray"],"picked":"Adrenaline","floor":23}],"player_experience":358587,"relics_obtained":[{"floor":6,"key":"PreservedInsect"},{"floor":8,"key":"Bag of Marbles"},{"floor":9,"key":"Pear"},{"floor":12,"key":"Gambling Chip"},{"floor":14,"key":"War Paint"},{"floor":23,"key":"Ancient Tea Set"}],"event_choices":[{"cards_removed":["All Out Attack"],"damage_healed":0,"gold_gain":0,"player_choice":"Elegance","damage_taken":0,"max_hp_gain":0,"max_hp_loss":0,"event_name":"Back to Basics","floor":22,"gold_loss":0},{"damage_healed":0,"gold_gain":0,"player_choice":"Fought Bandits","damage_taken":0,"max_hp_gain":0,"max_hp_loss":0,"event_name":"Masked Bandits","floor":24,"gold_loss":0}],"is_beta":false,"boss_relics":[{"not_picked":["Eternal Feather","Lizard Tail"],"picked":"Pandora\u0027s Box"}],"items_purged_floors":[],"is_endless":false,"potions_floor_spawned":[3,4,5,8,16,19,21],"killed_by":"Masked Bandits","ascension_level":12}