{"gold_per_floor":[119,137,137,151,167,167,193,193,218,241,241,241,266,285,285,356,356,375,375,77,96,96],"floor_reached":22,"playtime":2113,"items_purged":["Strike_B"],"score":559,"play_id":"e043b296-d136-4293-8772-31323689af17","local_time":"20190620152337","is_ascension_mode":true,"campfire_choices":[{"floor":6,"key":"REST"},{"floor":8,"key":"REST"},{"data":"Go for the Eyes","floor":11,"key":"SMITH"},{"floor":15,"key":"REST"}],"neow_cost":"NONE","seed_source_timestamp":0,"circlet_count":0,"master_deck":["AscendersBane","Strike_B+1","Strike_B+1","Defend_B","Defend_B","Defend_B","Defend_B","Zap+1","Dualcast","Go for the Eyes+1","Compile Driver","Cold Snap","Sunder","Core Surge","White Noise","Go for the Eyes","Echo Form","Coolheaded","Buffer+1","Turbo","Cold Snap"],"special_seed":0,"relics":["Cracked Core","Regal Pillow","Omamori","Odd Mushroom","Lantern","Snecko Eye","Frozen Egg 2"],"potions_floor_usage":[7,16],"damage_taken":[{"damage":6,"enemies":"Small Slimes","floor":1,"turns":3},{"damage":6,"enemies":"2 Louse","floor":2,"turns":3},{"damage":4,"enemies":"Jaw Worm","floor":4,"turns":4},{"damage":11,"enemies":"Exordium Thugs","floor":5,"turns":4},{"damage":21,"enemies":"3 Sentries","floor":7,"turns":7},{"damage":4,"enemies":"The Mushroom Lair","floor":10,"turns":3},{"damage":19,"enemies":"Lagavulin","floor":13,"turns":5},{"damage":8,"enemies":"Blue Slaver","floor":14,"turns":3},{"damage":33,"enemies":"Hexaghost","floor":16,"turns":8},{"damage":11,"enemies":"Spheric Guardian","floor":18,"turns":3},{"damage":33,"enemies":"3 Byrds","floor":21,"turns":8}],"seed_played":"309216655230034543","potions_obtained":[{"floor":4,"key":"PowerPotion"},{"floor":5,"key":"Block Potion"},{"floor":13,"key":"SteroidPotion"},{"floor":21,"key":"Regen Potion"}],"is_trial":false,"path_per_floor":["M","M","?","M","M","R","E","R","T","?","R","?","E","M","R","B",null,"M","?","$","M","?"],"character_chosen":"DEFECT","items_purchased":["Buffer+1","Turbo"],"campfire_rested":3,"item_purchase_floors":[20,20],"current_hp_per_floor":[58,52,31,27,16,37,16,52,52,48,48,48,29,21,57,24,59,48,48,48,15,0],"gold":96,"neow_bonus":"UPGRADE_CARD","is_prod":false,"is_daily":false,"chose_seed":false,"campfire_upgraded":1,"win_rate":0,"timestamp":1561037017,"path_taken":["M","M","?","M","M","R","E","R","T","?","R","?","E","M","R","BOSS","M","?","$","M","?"],"build_version":"2019-06-19","purchased_purges":1,"victory":false,"max_hp_per_floor":[71,71,71,71,71,71,71,71,71,71,71,71,71,71,71,71,71,71,71,71,71,76],"card_choices":[{"not_picked":["Stack","Redo"],"picked":"Go for the Eyes","floor":1},{"not_picked":["Barrage","Sweeping Beam"],"picked":"Compile Driver","floor":2},{"not_picked":["Tempest","Recycle"],"picked":"Cold Snap","floor":4},{"not_picked":["Fusion","Leap"],"picked":"Sunder","floor":5},{"not_picked":["Hologram","Redo"],"picked":"Core Surge","floor":7},{"not_picked":["Undo","Lockon"],"picked":"White Noise","floor":10},{"not_picked":["Consume","Redo","Rebound"],"picked":"SKIP","floor":13},{"not_picked":["Turbo","Rebound"],"picked":"Go for the Eyes","floor":14},{"not_picked":["Hyperbeam","All For One"],"picked":"Echo Form","floor":16},{"not_picked":["Steam","Rebound"],"picked":"Coolheaded","floor":18},{"not_picked":["Sweeping Beam","Beam Cell+1"],"picked":"Cold Snap","floor":21}],"player_experience":862595,"relics_obtained":[{"floor":7,"key":"Regal Pillow"},{"floor":9,"key":"Omamori"},{"floor":10,"key":"Odd Mushroom"},{"floor":13,"key":"Lantern"}],"event_choices":[{"damage_healed":0,"gold_gain":0,"player_choice":"Entered Light","damage_taken":21,"max_hp_gain":0,"max_hp_loss":0,"event_name":"Shining Light","floor":3,"gold_loss":0,"cards_upgraded":["Strike_B","Strike_B"]},{"damage_healed":0,"gold_gain":0,"player_choice":"Fought Mushrooms","damage_taken":0,"max_hp_gain":0,"max_hp_loss":0,"event_name":"Mushrooms","floor":10,"gold_loss":0},{"cards_removed":["Strike_B"],"damage_healed":0,"gold_gain":0,"player_choice":"Forget","damage_taken":0,"max_hp_gain":0,"max_hp_loss":0,"event_name":"Living Wall","floor":12,"gold_loss":0},{"damage_healed":0,"gold_gain":0,"player_choice":"Opened","damage_taken":0,"relics_obtained":["Frozen Egg 2"],"max_hp_gain":0,"max_hp_loss":0,"event_name":"The Mausoleum","floor":19,"gold_loss":0,"cards_obtained":["Writhe"]}],"is_beta":true,"boss_relics":[{"not_picked":["Velvet Choker","Runic Dome"],"picked":"Snecko Eye"}],"items_purged_floors":[20],"is_endless":false,"potions_floor_spawned":[4,5,13,14,21],"ascension_level":18}