{"gold_per_floor":[117,117,137,137,92,122,141,170,170,170,180,194,209,237,237,237],"floor_reached":16,"playtime":1482,"items_purged":[],"score":169,"play_id":"d05067dc-d7b1-423c-bf77-63aeeeba12c6","local_time":"20190602182721","is_ascension_mode":true,"campfire_choices":[{"data":"Disarm","floor":10,"key":"SMITH"},{"data":"Immolate","floor":15,"key":"SMITH"}],"neow_cost":"NONE","seed_source_timestamp":1099075739864082,"circlet_count":0,"master_deck":["Strike_R","Strike_R","Strike_R","Strike_R","Defend_R","Defend_R","Defend_R","Defend_R","Bash","Shrug It Off","Second Wind","Shrug It Off","Battle Trance","True Grit","Disarm+1","Cleave","Immolate+1","Dual Wield","Power Through"],"relics":["Burning Blood","NeowsBlessing","Calipers","Bird Faced Urn","Bag of Marbles","Incense Burner","The Courier"],"potions_floor_usage":[16],"damage_taken":[{"damage":0,"enemies":"Jaw Worm","floor":1,"turns":1},{"damage":0,"enemies":"2 Louse","floor":3,"turns":1},{"damage":0,"enemies":"Lagavulin","floor":6,"turns":1},{"damage":2,"enemies":"Cultist","floor":7,"turns":5},{"damage":21,"enemies":"3 Sentries","floor":8,"turns":18},{"damage":21,"enemies":"Large Slime","floor":11,"turns":17},{"damage":0,"enemies":"3 Louse","floor":12,"turns":4},{"damage":6,"enemies":"Blue Slaver","floor":13,"turns":3},{"damage":25,"enemies":"Gremlin Nob","floor":14,"turns":5},{"damage":40,"enemies":"The Guardian","floor":16,"turns":12}],"seed_played":"7228923601996362524","potions_obtained":[{"floor":3,"key":"SpeedPotion"},{"floor":13,"key":"Explosive Potion"},{"floor":14,"key":"PowerPotion"}],"is_trial":false,"path_per_floor":["M","?","M","?","$","E","M","E","T","R","M","M","M","E","R","B"],"character_chosen":"IRONCLAD","items_purchased":["Shrug It Off"],"campfire_rested":0,"item_purchase_floors":[5],"current_hp_per_floor":[80,77,80,80,80,80,80,65,65,65,50,56,56,37,37,0],"gold":237,"neow_bonus":"THREE_ENEMY_KILL","is_prod":false,"is_daily":false,"chose_seed":false,"campfire_upgraded":2,"win_rate":0,"timestamp":1559521641,"path_taken":["M","?","M","?","$","E","M","E","T","R","?","M","M","E","R","BOSS"],"build_version":"2019-01-23","purchased_purges":0,"victory":false,"max_hp_per_floor":[80,80,80,80,80,80,80,80,80,80,80,80,80,80,80,80],"card_choices":[{"not_picked":["Body Slam","Intimidate"],"picked":"Shrug It Off","floor":1},{"not_picked":["Havoc","Perfected Strike"],"picked":"Second Wind","floor":3},{"not_picked":["Havoc","Cleave"],"picked":"Battle Trance","floor":6},{"not_picked":["Warcry","Iron Wave"],"picked":"True Grit","floor":7},{"not_picked":["Body Slam","Intimidate"],"picked":"Disarm","floor":8},{"not_picked":["Clothesline","Wild Strike"],"picked":"Cleave","floor":11},{"not_picked":["Sever Soul","Twin Strike"],"picked":"Immolate","floor":12},{"not_picked":["Rupture","Clash"],"picked":"Dual Wield","floor":13},{"not_picked":["Iron Wave","Sword Boomerang"],"picked":"Power Through","floor":14}],"player_experience":271675,"relics_obtained":[{"floor":6,"key":"Bird Faced Urn"},{"floor":8,"key":"Bag of Marbles"},{"floor":9,"key":"Incense Burner"},{"floor":14,"key":"The Courier"}],"event_choices":[{"damage_healed":0,"gold_gain":0,"player_choice":"Success","damage_taken":3,"relics_obtained":["Calipers"],"max_hp_gain":0,"max_hp_loss":0,"event_name":"Scrap Ooze","floor":2,"gold_loss":0},{"cards_removed":["Strike_R"],"damage_healed":0,"gold_gain":0,"player_choice":"Purged","damage_taken":0,"max_hp_gain":0,"max_hp_loss":0,"event_name":"Purifier","floor":4,"gold_loss":0}],"is_beta":false,"boss_relics":[],"items_purged_floors":[],"is_endless":false,"potions_floor_spawned":[3,13,14],"killed_by":"The Guardian","ascension_level":3}