{"gold_per_floor":[117,130,146,163,182,213,213,246,246,258,275,275,292,292],"floor_reached":14,"playtime":1024,"items_purged":[],"score":143,"play_id":"b759908b-db52-48f1-b5eb-312e1d2d4bf5","local_time":"20190603000309","is_ascension_mode":true,"campfire_choices":[{"data":"Neutralize","floor":7,"key":"SMITH"}],"neow_cost":"NONE","seed_source_timestamp":1119681635011373,"circlet_count":0,"master_deck":["Defend_G","Defend_G","Defend_G","Defend_G","Defend_G","Strike_G","Strike_G","Strike_G","Strike_G","Strike_G","Survivor","Neutralize+1","Dagger Spray","Footwork","Cloak And Dagger","Flying Knee","Deadly Poison","Footwork","PiercingWail","Escape Plan","Bullet Time","Leg Sweep","Footwork"],"relics":["Ring of the Snake","Centennial Puzzle","Dream Catcher","Ornamental Fan"],"potions_floor_usage":[6,6,11,13],"damage_taken":[{"damage":5,"enemies":"Small Slimes","floor":1,"turns":4},{"damage":0,"enemies":"2 Louse","floor":2,"turns":4},{"damage":0,"enemies":"Cultist","floor":3,"turns":4},{"damage":2,"enemies":"Large Slime","floor":4,"turns":9},{"damage":3,"enemies":"Blue Slaver","floor":5,"turns":4},{"damage":19,"enemies":"Gremlin Nob","floor":6,"turns":5},{"damage":14,"enemies":"Lagavulin","floor":8,"turns":9},{"damage":2,"enemies":"Looter","floor":10,"turns":3},{"damage":5,"enemies":"Exordium Wildlife","floor":11,"turns":5},{"damage":16,"enemies":"Lots of Slimes","floor":13,"turns":5},{"damage":11,"enemies":"Gremlin Nob","floor":14,"turns":5}],"seed_played":"-1309543323156090209","potions_obtained":[{"floor":2,"key":"SkillPotion"},{"floor":3,"key":"Block Potion"},{"floor":8,"key":"EssenceOfSteel"},{"floor":11,"key":"Regen Potion"}],"is_trial":false,"path_per_floor":["M","M","M","M","M","E","R","E","T","M","M","?","M","E"],"character_chosen":"THE_SILENT","items_purchased":[],"campfire_rested":0,"item_purchase_floors":[],"current_hp_per_floor":[58,58,58,56,53,34,34,20,20,18,13,13,11,0],"gold":292,"neow_bonus":"THREE_CARDS","is_prod":false,"is_daily":false,"chose_seed":false,"campfire_upgraded":1,"win_rate":0,"timestamp":1559541789,"path_taken":["M","M","M","M","M","E","R","E","T","M","M","?","M","E"],"build_version":"2019-01-23","purchased_purges":0,"victory":false,"max_hp_per_floor":[70,70,70,70,70,70,70,70,70,70,70,70,70,70],"card_choices":[{"not_picked":["Masterful Stab","Deadly Poison"],"picked":"Dagger Spray","floor":0},{"not_picked":["Quick Slash","Heel Hook"],"picked":"Footwork","floor":1},{"not_picked":["Deadly Poison","Slice"],"picked":"Cloak And Dagger","floor":2},{"not_picked":["Sucker Punch","Skewer"],"picked":"Flying Knee","floor":3},{"not_picked":["Tactician","Eviscerate"],"picked":"Deadly Poison","floor":4},{"not_picked":["Cloak And Dagger","Backflip"],"picked":"Footwork","floor":5},{"not_picked":["Dagger Spray","Calculated Gamble"],"picked":"PiercingWail","floor":6},{"not_picked":["Finisher","Sucker Punch"],"picked":"Escape Plan","floor":8},{"not_picked":["Sucker Punch","Acrobatics"],"picked":"Bullet Time","floor":10},{"not_picked":["Deflect","Dagger Spray"],"picked":"Leg Sweep","floor":11},{"not_picked":["Prepared","Escape Plan"],"picked":"Footwork","floor":13}],"player_experience":276524,"relics_obtained":[{"floor":6,"key":"Centennial Puzzle"},{"floor":8,"key":"Dream Catcher"},{"floor":9,"key":"Ornamental Fan"}],"event_choices":[{"damage_healed":0,"gold_gain":0,"player_choice":"Ignored","damage_taken":0,"max_hp_gain":0,"max_hp_loss":0,"event_name":"Liars Game","floor":12,"gold_loss":0}],"is_beta":false,"boss_relics":[],"items_purged_floors":[],"is_endless":false,"potions_floor_spawned":[2,3,8,11],"killed_by":"Gremlin Nob","ascension_level":7}