{"gold_per_floor":[156,196,70,81,114,114,147,97,178,218,218,252,286,306,306,430,430,469,485,503,246,161,197,197,223,247,260,260,274,290,305,305,401,401,415,415,415,142,154,180,180,30,30,43,70,108,108,128,128,128],"floor_reached":50,"playtime":5894,"items_purged":["Strike_R","Defend_R","Strike_R","Strike_R"],"score":590,"play_id":"a0cb660b-4166-479e-ae64-a71ae16459e5","local_time":"20190607223036","is_ascension_mode":false,"campfire_choices":[{"data":"Armaments","floor":6,"key":"SMITH"},{"floor":15,"key":"RECALL"},{"floor":24,"key":"REST"},{"data":"Armaments","floor":28,"key":"SMITH"},{"floor":32,"key":"REST"},{"floor":49,"key":"REST"}],"neow_cost":"PERCENT_DAMAGE","seed_source_timestamp":96828770926385,"circlet_count":0,"master_deck":["Strike_R","Defend_R","Defend_R","Bash","Flash of Steel","HandOfGreed","Armaments+1","Iron Wave","Flex","Whirlwind","Flame Barrier","Pommel Strike","Armaments","Whirlwind","Armaments+1","Barricade","Searing Blow","Shrug It Off+1","Thunderclap","Iron Wave","Demon Form","Flex","Double Tap","Rage","Twin Strike+1","Metallicize+1","Pain","Battle Trance+1","Thunderclap+1"],"relics":["Burning Blood","Incense Burner","Shuriken","Boot","Mark of Pain","Lantern","Question Card","Mercury Hourglass","Cursed Key","Pen Nib","Frozen Egg 2","Centennial Puzzle","Omamori","Potion Belt"],"potions_floor_usage":[7,13,13,16,19,20,23,25,29,30,45,50,50],"damage_taken":[{"damage":5,"enemies":"Small Slimes","floor":1,"turns":3},{"damage":1,"enemies":"Jaw Worm","floor":2,"turns":4},{"damage":0,"enemies":"Cultist","floor":4,"turns":2},{"damage":14,"enemies":"Large Slime","floor":5,"turns":8},{"damage":0,"enemies":"3 Sentries","floor":7,"turns":10},{"damage":0,"enemies":"Blue Slaver","floor":10,"turns":5},{"damage":0,"enemies":"3 Louse","floor":12,"turns":2},{"damage":9,"enemies":"Lagavulin","floor":13,"turns":9},{"damage":0,"enemies":"Lots of Slimes","floor":14,"turns":1},{"damage":47,"enemies":"Slime Boss","floor":16,"turns":10},{"damage":11,"enemies":"Shell Parasite","floor":18,"turns":8},{"damage":2,"enemies":"Chosen","floor":19,"turns":6},{"damage":24,"enemies":"Centurion and Healer","floor":20,"turns":10},{"damage":11,"enemies":"Snake Plant","floor":23,"turns":3},{"damage":18,"enemies":"Slavers","floor":25,"turns":4},{"damage":5,"enemies":"Chosen and Byrds","floor":27,"turns":3},{"damage":9,"enemies":"Shelled Parasite and Fungi","floor":29,"turns":6},{"damage":20,"enemies":"Centurion and Healer","floor":30,"turns":2},{"damage":16,"enemies":"Snake Plant","floor":31,"turns":4},{"damage":35,"enemies":"Collector","floor":33,"turns":6},{"damage":1,"enemies":"3 Shapes","floor":35,"turns":2},{"damage":10,"enemies":"Orb Walker","floor":39,"turns":4},{"damage":4,"enemies":"Reptomancer","floor":40,"turns":7},{"damage":18,"enemies":"Jaw Worm Horde","floor":44,"turns":4},{"damage":13,"enemies":"Giant Head","floor":45,"turns":8},{"damage":19,"enemies":"Sphere and 2 Shapes","floor":46,"turns":6},{"damage":11,"enemies":"3 Darklings","floor":48,"turns":3},{"damage":68,"enemies":"Donu and Deca","floor":50,"turns":6}],"seed_played":"-4824573704891116963","potions_obtained":[{"floor":1,"key":"EssenceOfSteel"},{"floor":5,"key":"LiquidBronze"},{"floor":10,"key":"EssenceOfSteel"},{"floor":12,"key":"SkillPotion"},{"floor":13,"key":"Ancient Potion"},{"floor":18,"key":"LiquidBronze"},{"floor":19,"key":"SkillPotion"},{"floor":20,"key":"SkillPotion"},{"floor":27,"key":"Block Potion"},{"floor":29,"key":"Explosive Potion"},{"floor":39,"key":"Poison Potion"},{"floor":44,"key":"Block Potion"},{"floor":45,"key":"Ancient Potion"},{"floor":46,"key":"Block Potion"}],"is_trial":false,"path_per_floor":["M","M","$","M","M","R","E","?","T","M","?","M","E","M","R","B",null,"M","M","M","$","?","M","R","E","T","M","R","M","M","M","R","B",null,"M","?","?","$","M","E","?","$","T","M","E","M","?","M","R","B"],"character_chosen":"IRONCLAD","items_purchased":["Flex","Lantern","Pen Nib"],"campfire_rested":3,"item_purchase_floors":[3,21,38],"current_hp_per_floor":[57,62,62,68,60,60,66,66,66,72,72,78,75,80,80,39,80,75,79,61,61,61,56,80,68,68,69,69,66,52,42,66,37,80,80,80,80,80,76,78,78,78,78,66,59,46,46,41,65,0],"gold":128,"neow_bonus":"RANDOM_COLORLESS_2","is_prod":false,"is_daily":false,"chose_seed":false,"campfire_upgraded":2,"win_rate":0,"timestamp":1559961036,"path_taken":["M","M","$","M","M","R","E","?","T","M","?","M","E","?","R","BOSS","M","M","M","$","?","M","R","E","T","M","R","M","M","M","R","BOSS","M","?","?","$","M","E","?","$","T","M","E","M","?","M","R","BOSS"],"build_version":"2019-01-23","purchased_purges":4,"victory":false,"max_hp_per_floor":[80,80,80,80,80,80,80,80,80,80,80,80,80,80,80,80,80,80,80,80,80,80,80,80,80,80,80,80,80,80,80,80,80,80,80,80,80,80,80,80,80,80,80,80,80,80,80,80,80,80],"card_choices":[{"not_picked":["Rupture","Headbutt"],"picked":"Armaments","floor":1},{"not_picked":["Intimidate","True Grit"],"picked":"Iron Wave","floor":2},{"not_picked":["Fire Breathing","Warcry"],"picked":"Whirlwind","floor":4},{"not_picked":["Perfected Strike","True Grit"],"picked":"Flame Barrier","floor":5},{"not_picked":["Juggernaut","Feel No Pain","Clothesline"],"picked":"SKIP","floor":7},{"not_picked":["Clash","Second Wind"],"picked":"Pommel Strike","floor":10},{"not_picked":["Anger","Cleave"],"picked":"Armaments","floor":12},{"not_picked":["Entrench","Blood for Blood"],"picked":"Whirlwind","floor":13},{"not_picked":["Searing Blow","Infernal Blade"],"picked":"Armaments","floor":14},{"not_picked":["Dark Embrace","Berserk"],"picked":"Barricade","floor":16},{"not_picked":["Perfected Strike","Pummel"],"picked":"Searing Blow","floor":18},{"not_picked":["Pommel Strike+1","Combust"],"picked":"Shrug It Off+1","floor":19},{"not_picked":["Cleave","Warcry"],"picked":"Thunderclap","floor":20},{"not_picked":["Armaments","Heavy Blade+1","Cleave"],"picked":"Iron Wave","floor":23},{"not_picked":["Disarm+1","Clash","Power Through"],"picked":"Demon Form","floor":25},{"not_picked":["Evolve","Body Slam","Burning Pact","Clothesline"],"picked":"SKIP","floor":27},{"not_picked":["Pommel Strike","Warcry+1","Twin Strike+1"],"picked":"Flex","floor":29},{"not_picked":["Anger","Heavy Blade","Rupture"],"picked":"Flex","floor":30},{"not_picked":["Anger","Spot Weakness+1","Carnage","Evolve"],"picked":"SKIP","floor":31},{"not_picked":["Dark Embrace","Feed","Fiend Fire"],"picked":"Double Tap","floor":33},{"not_picked":["Shockwave+1","Iron Wave","Combust"],"picked":"Rage","floor":35},{"not_picked":["Warcry+1","Clothesline+1","Pommel Strike"],"picked":"Twin Strike+1","floor":39},{"not_picked":["Clothesline","Immolate","Impervious"],"picked":"Metallicize","floor":40},{"not_picked":["Uppercut","Perfected Strike+1","Anger"],"picked":"Battle Trance+1","floor":44},{"not_picked":["Clash+1","Intimidate+1","Hemokinesis","Cleave+1"],"picked":"SKIP","floor":45},{"not_picked":["Feel No Pain+1","Cleave","Entrench"],"picked":"Thunderclap+1","floor":46},{"not_picked":["Searing Blow+1","Body Slam+1","Evolve+1","Headbutt+1"],"picked":"SKIP","floor":48}],"player_experience":42371,"relics_obtained":[{"floor":7,"key":"Incense Burner"},{"floor":9,"key":"Shuriken"},{"floor":13,"key":"Boot"},{"floor":25,"key":"Mercury Hourglass"},{"floor":40,"key":"Frozen Egg 2"},{"floor":43,"key":"Centennial Puzzle"},{"floor":45,"key":"Omamori"},{"floor":47,"key":"Potion Belt"}],"event_choices":[{"cards_removed":["Defend_R"],"damage_healed":0,"gold_gain":0,"player_choice":"Card Removal","damage_taken":0,"max_hp_gain":0,"max_hp_loss":0,"event_name":"The Cleric","floor":8,"gold_loss":50},{"cards_removed":["Strike_R"],"damage_healed":0,"gold_gain":0,"player_choice":"Offered Basic","damage_taken":0,"max_hp_gain":0,"max_hp_loss":0,"event_name":"Bonfire Elementals","floor":11,"gold_loss":0},{"damage_healed":0,"gold_gain":0,"player_choice":"Obtained Relic","damage_taken":0,"relics_obtained":["Question Card"],"max_hp_gain":0,"max_hp_loss":0,"event_name":"Addict","floor":22,"gold_loss":85},{"damage_healed":0,"gold_gain":0,"player_choice":"Ignored","damage_taken":0,"max_hp_gain":0,"max_hp_loss":0,"event_name":"Tomb of Lord Red Mask","floor":36,"gold_loss":0},{"damage_healed":0,"gold_gain":0,"player_choice":"Ignored","damage_taken":0,"max_hp_gain":0,"max_hp_loss":0,"event_name":"Mysterious Sphere","floor":37,"gold_loss":0},{"cards_removed":["Flex"],"damage_healed":0,"gold_gain":0,"player_choice":"Removed Skill","damage_taken":0,"max_hp_gain":0,"max_hp_loss":0,"event_name":"Falling","floor":41,"gold_loss":0},{"damage_healed":0,"gold_gain":0,"player_choice":"Relic","damage_taken":0,"max_hp_gain":0,"max_hp_loss":0,"event_name":"Wheel of Change","floor":47,"gold_loss":0}],"is_beta":false,"boss_relics":[{"not_picked":["Sozu","Ectoplasm"],"picked":"Mark of Pain"},{"not_picked":["Black Star","Runic Dome"],"picked":"Cursed Key"}],"items_purged_floors":[3,21,38,42],"is_endless":false,"potions_floor_spawned":[1,5,10,12,13,18,19,20,27,29,39,44,45,46],"killed_by":"Donu and Deca","ascension_level":0}