{"gold_per_floor":[112,176,101,58,58,58,84,84,162,162,162,179,206,220,220,220],"floor_reached":16,"playtime":342,"items_purged":[],"score":212,"play_id":"f9fc515a-3a7e-4433-9409-9fe4da421471","local_time":"20190513163936","is_ascension_mode":true,"campfire_choices":[{"data":"Bash","floor":6.0,"key":"SMITH"},{"floor":10.0,"key":"REST"},{"floor":15.0,"key":"REST"}],"neow_cost":"NONE","seed_source_timestamp":4274927072100,"circlet_count":0,"master_deck":["AscendersBane","Strike_R+1","Strike_R","Strike_R","Strike_R","Defend_R","Defend_R","Defend_R","Defend_R","Bash+1","Wild Strike","Body Slam+1","Corruption","Sentinel","Shrug It Off","Pommel Strike","Spot Weakness"],"special_seed":0,"relics":["Burning Blood","Centennial Puzzle","Shuriken","Sundial","Dodecahedron","Whetstone"],"potions_floor_usage":[],"damage_taken":[{"damage":7.0,"enemies":"Small Slimes","floor":1.0,"turns":3.0},{"damage":50.0,"enemies":"Lagavulin","floor":7.0,"turns":8.0},{"damage":5.0,"enemies":"2 Louse","floor":12.0,"turns":4.0},{"damage":40.0,"enemies":"3 Sentries","floor":13.0,"turns":9.0},{"damage":1.0,"enemies":"Cultist","floor":14.0,"turns":3.0},{"damage":48,"enemies":"Slime Boss","floor":16,"turns":8}],"seed_played":"-1736632318844165041","potions_obtained":[{"floor":1.0,"key":"Swift Potion"},{"floor":13.0,"key":"SmokeBomb"}],"is_trial":false,"path_per_floor":["M","?","?","$","?","R","E","?","T","R","T","M","E","M","R","B"],"character_chosen":"IRONCLAD","items_purchased":["Corruption"],"campfire_rested":2,"item_purchase_floors":[4],"current_hp_per_floor":[67,67,67,67,67,67,23,23,23,45,45,46,12,17,39,0],"gold":220,"neow_bonus":"THREE_CARDS","is_prod":false,"is_daily":false,"chose_seed":false,"campfire_upgraded":1,"win_rate":0,"timestamp":1557758376,"path_taken":["M","?","?","$","?","R","E","?","T","R","?","M","E","M","R","BOSS"],"build_version":"2019-05-07","purchased_purges":0,"victory":false,"max_hp_per_floor":[75,75,75,75,75,75,75,75,75,75,75,75,75,75,75,75],"card_choices":[{"not_picked":["Battle Trance","Warcry"],"picked":"Wild Strike","floor":0.0},{"not_picked":["Blood for Blood","Bloodletting"],"picked":"Body Slam","floor":1.0},{"not_picked":["Rupture","Body Slam"],"picked":"Sentinel","floor":7.0},{"not_picked":["Headbutt","Wild Strike"],"picked":"Shrug It Off","floor":12.0},{"not_picked":["Twin Strike","Thunderclap"],"picked":"Pommel Strike","floor":13.0},{"not_picked":["Dark Embrace","Perfected Strike"],"picked":"Spot Weakness","floor":14.0}],"player_experience":698359,"relics_obtained":[{"floor":7.0,"key":"Centennial Puzzle"},{"floor":9.0,"key":"Sundial"},{"floor":11.0,"key":"Dodecahedron"},{"floor":13.0,"key":"Whetstone"}],"event_choices":[{"damage_healed":0.0,"max_hp_gain":0.0,"max_hp_loss":0.0,"gold_gain":64.0,"event_name":"Golden Wing","player_choice":"Gained Gold","floor":2.0,"gold_loss":0.0,"damage_taken":0.0},{"cards_removed":["Strike_R"],"damage_healed":0.0,"max_hp_gain":0.0,"max_hp_loss":0.0,"gold_gain":0.0,"event_name":"The Cleric","player_choice":"Card Removal","floor":3.0,"gold_loss":75.0,"damage_taken":0.0},{"damage_healed":0.0,"max_hp_gain":0.0,"max_hp_loss":0.0,"gold_gain":0.0,"event_name":"Liars Game","player_choice":"Ignored","floor":5.0,"gold_loss":0.0,"damage_taken":0.0},{"damage_healed":0.0,"max_hp_gain":0.0,"max_hp_loss":0.0,"gold_gain":0.0,"event_name":"Dead Adventurer","player_choice":"Searched \u00271\u0027 times","floor":8.0,"gold_loss":0.0,"damage_taken":0.0,"relics_obtained":["Shuriken"]}],"is_beta":true,"boss_relics":[],"items_purged_floors":[],"is_endless":false,"potions_floor_spawned":[1,13],"killed_by":"Slime Boss","ascension_level":20}