{"gold_per_floor":[109,109,123,73,73,73,104,121,191,226,226,151,63,98,98,175,175,194,194,211,211],"floor_reached":21,"playtime":589,"items_purged":[],"score":440,"play_id":"060a5fce-7f41-4ff9-9eb7-a5ff3ec6b026","local_time":"20190625003419","is_ascension_mode":true,"campfire_choices":[{"data":"Barrage","floor":6.0,"key":"SMITH"},{"floor":11.0,"key":"REST"},{"data":"Barrage","floor":15.0,"key":"SMITH"}],"neow_cost":"NONE","seed_source_timestamp":236864605306800,"circlet_count":0,"master_deck":["AscendersBane","Strike_B","Strike_B","Strike_B","Defend_B","Defend_B","Defend_B","Defend_B","Zap","Dualcast","Capacitor","Barrage+1","White Noise","Ball Lightning","Coolheaded+1","Barrage+1","Coolheaded+1","Capacitor","Seek+1","Self Repair","Conserve Battery+1"],"special_seed":0,"relics":["Cracked Core","NeowsBlessing","FaceOfCleric","Oddly Smooth Stone","Boot","Toxic Egg 2","Bronze Scales","Letter Opener","White Beast Statue"],"potions_floor_usage":[20,21],"damage_taken":[{"damage":0.0,"enemies":"Jaw Worm","floor":1.0,"turns":1.0},{"damage":0.0,"enemies":"Cultist","floor":3.0,"turns":1.0},{"damage":0.0,"enemies":"3 Sentries","floor":7.0,"turns":1.0},{"damage":6.0,"enemies":"Small Slimes","floor":8.0,"turns":3.0},{"damage":28.0,"enemies":"Lagavulin","floor":10.0,"turns":5.0},{"damage":22.0,"enemies":"Gremlin Nob","floor":14.0,"turns":3.0},{"damage":25.0,"enemies":"The Guardian","floor":16.0,"turns":9.0},{"damage":2,"enemies":"3 Byrds","floor":18,"turns":3},{"damage":18,"enemies":"2 Thieves","floor":20,"turns":4},{"damage":34,"enemies":"Snecko","floor":21,"turns":5}],"seed_played":"-719784156487999357","potions_obtained":[{"floor":1.0,"key":"FocusPotion"},{"floor":3.0,"key":"Ancient Potion"},{"floor":7.0,"key":"PowerPotion"},{"floor":14.0,"key":"LiquidBronze"},{"floor":16.0,"key":"PowerPotion"},{"floor":18,"key":"Block Potion"},{"floor":20,"key":"SkillPotion"}],"is_trial":false,"path_per_floor":["M","?","M","$","?","R","E","M","T","E","R","?","$","E","R","B",null,"M","?","M","M"],"character_chosen":"DEFECT","items_purchased":["Barrage","Barrage","Coolheaded+1"],"campfire_rested":1,"item_purchase_floors":[4,13,13],"current_hp_per_floor":[64,64,65,65,60,60,61,56,56,29,51,51,51,30,30,6,59,58,51,34,0],"gold":211,"neow_bonus":"THREE_ENEMY_KILL","is_prod":false,"is_daily":false,"chose_seed":false,"campfire_upgraded":2,"win_rate":0,"timestamp":1561394059,"path_taken":["M","?","?","$","?","R","E","M","T","E","R","?","$","E","R","BOSS","M","?","?","M"],"build_version":"2019-01-23","purchased_purges":0,"victory":false,"max_hp_per_floor":[71,71,72,72,72,72,73,74,74,75,75,75,75,76,76,77,77,78,78,79,79],"card_choices":[{"not_picked":["Scrape","Sweeping Beam"],"picked":"Capacitor","floor":1.0},{"not_picked":["Streamline","Recycle","Heatsinks"],"picked":"SKIP","floor":3.0},{"not_picked":["Hello World","BootSequence"],"picked":"White Noise","floor":7.0},{"not_picked":["Tempest","Streamline"],"picked":"Ball Lightning","floor":8.0},{"not_picked":["Cold Snap","Melter"],"picked":"Coolheaded+1","floor":10.0},{"not_picked":["Redo+1","Streamline"],"picked":"Capacitor","floor":14.0},{"not_picked":["Thunder Strike","Fission+1"],"picked":"Seek+1","floor":16.0},{"not_picked":["Beam Cell","Rebound+1"],"picked":"Self Repair","floor":18},{"not_picked":["Turbo+1","Rebound"],"picked":"Conserve Battery+1","floor":20}],"player_experience":732477,"relics_obtained":[{"floor":7.0,"key":"Boot"},{"floor":9.0,"key":"Toxic Egg 2"},{"floor":10.0,"key":"Bronze Scales"},{"floor":14.0,"key":"Letter Opener"}],"event_choices":[{"damage_healed":0.0,"max_hp_gain":0.0,"max_hp_loss":0.0,"gold_gain":0.0,"event_name":"FaceTrader","player_choice":"Trade","floor":2.0,"gold_loss":0.0,"damage_taken":0.0,"relics_obtained":["FaceOfCleric"]},{"damage_healed":0.0,"max_hp_gain":0.0,"max_hp_loss":0.0,"gold_gain":0.0,"event_name":"Scrap Ooze","player_choice":"Success","floor":5.0,"gold_loss":0.0,"damage_taken":5.0,"relics_obtained":["Oddly Smooth Stone"]},{"cards_removed":["Strike_B"],"damage_healed":0.0,"max_hp_gain":0.0,"max_hp_loss":0.0,"gold_gain":0.0,"event_name":"The Cleric","player_choice":"Card Removal","floor":12.0,"gold_loss":75.0,"damage_taken":0.0},{"damage_healed":0,"gold_gain":0,"player_choice":"","damage_taken":7,"max_hp_gain":0,"max_hp_loss":0,"event_name":"Knowing Skull","floor":19,"potions_obtained":[],"gold_loss":0,"cards_obtained":[]}],"is_beta":false,"boss_relics":[{"not_picked":["Calling Bell","Pandora\u0027s Box"],"picked":"White Beast Statue"}],"items_purged_floors":[],"is_endless":false,"potions_floor_spawned":[1,3,7,14,16,18,20],"killed_by":"Snecko","ascension_level":20}