{"gold_per_floor":[116,116,116,116,134,134,162,178,201,235,235,235,235,253,253,349,349,365,28,28,30,30,30,47,60,60,60,70,70,70,88,88,88],"floor_reached":33,"playtime":1817,"items_purged":["Strike_R"],"score":280,"play_id":"ca329f06-b3e6-4eeb-ad8e-0209626a0247","local_time":"20190620211529","is_ascension_mode":false,"campfire_choices":[{"data":"Bash","floor":6,"key":"SMITH"},{"floor":11,"key":"RECALL"},{"floor":13,"key":"REST"},{"data":"Armaments","floor":15,"key":"SMITH"},{"floor":23,"key":"REST"},{"floor":29,"key":"REST"},{"floor":32,"key":"REST"}],"neow_cost":"NONE","seed_source_timestamp":443551512410535,"circlet_count":0,"master_deck":["Strike_R+1","Strike_R+1","Defend_R","Defend_R","Defend_R","Bash+1","Flex","Cleave","Flex","Twin Strike","Armaments+1","Juggernaut","Cleave+1","Spot Weakness","Twin Strike","Flame Barrier+1","Heavy Blade"],"relics":["Burning Blood","NeowsBlessing","Blood Vial","Omamori","Lizard Tail","Frozen Egg 2","Calipers","Torii"],"potions_floor_usage":[10,16,24,28,33],"damage_taken":[{"damage":0,"enemies":"2 Louse","floor":1,"turns":1},{"damage":0,"enemies":"Jaw Worm","floor":5,"turns":1},{"damage":0,"enemies":"Gremlin Nob","floor":7,"turns":1},{"damage":5,"enemies":"Small Slimes","floor":8,"turns":3},{"damage":26,"enemies":"3 Sentries","floor":10,"turns":9},{"damage":4,"enemies":"2 Fungi Beasts","floor":14,"turns":3},{"damage":61,"enemies":"Hexaghost","floor":16,"turns":11},{"damage":8,"enemies":"Chosen","floor":18,"turns":5},{"damage":27,"enemies":"2 Thieves","floor":21,"turns":4},{"damage":40,"enemies":"Snecko","floor":24,"turns":6},{"damage":23,"enemies":"Centurion and Healer","floor":25,"turns":7},{"damage":29,"enemies":"Snake Plant","floor":28,"turns":3},{"damage":31,"enemies":"Cultist and Chosen","floor":31,"turns":6},{"damage":121,"enemies":"Automaton","floor":33,"turns":12}],"seed_played":"1514549952601559458","potions_obtained":[{"floor":7,"key":"Block Potion"},{"floor":8,"key":"FearPotion"},{"floor":14,"key":"SteroidPotion"},{"floor":21,"key":"PowerPotion"},{"floor":25,"key":"AttackPotion"},{"floor":31,"key":"LiquidBronze"}],"is_trial":false,"path_per_floor":["M","?","?","?","M","R","E","M","T","E","R","?","R","M","R","B",null,"M","$","?","M","$","R","M","M","T","?","M","R","?","M","R","B"],"character_chosen":"IRONCLAD","items_purchased":["Frozen Egg 2"],"campfire_rested":4,"item_purchase_floors":[19],"current_hp_per_floor":[80,80,64,57,63,63,69,72,72,54,54,54,78,80,80,25,80,78,78,78,59,59,80,46,31,31,31,10,34,34,11,35,0],"gold":88,"neow_bonus":"THREE_ENEMY_KILL","is_prod":false,"is_daily":false,"chose_seed":false,"campfire_upgraded":2,"win_rate":0,"timestamp":1561079729,"path_taken":["M","?","?","?","M","R","E","M","T","E","R","?","R","M","R","BOSS","M","$","?","M","?","R","M","?","T","?","M","R","?","M","R","BOSS"],"build_version":"2019-01-23","purchased_purges":1,"victory":false,"max_hp_per_floor":[80,80,80,80,80,80,80,80,80,80,80,80,80,80,80,80,80,80,80,80,80,80,80,80,80,80,80,80,80,80,80,80,80],"card_choices":[{"not_picked":["Shrug It Off","Flame Barrier"],"picked":"Flex","floor":1},{"not_picked":["Evolve","Anger","Perfected Strike"],"picked":"SKIP","floor":5},{"not_picked":["Flex","Infernal Blade"],"picked":"Cleave","floor":7},{"not_picked":["Offering","Power Through"],"picked":"Flex","floor":8},{"not_picked":["Shrug It Off","Carnage"],"picked":"Twin Strike","floor":10},{"not_picked":["Body Slam","Flex"],"picked":"Armaments","floor":14},{"not_picked":["Feed","Offering"],"picked":"Juggernaut","floor":16},{"not_picked":["Pommel Strike","Combust+1"],"picked":"Cleave+1","floor":18},{"not_picked":["Shrug It Off+1","Reckless Charge"],"picked":"Spot Weakness","floor":21},{"not_picked":["Bloodletting","Carnage"],"picked":"Twin Strike","floor":24},{"not_picked":["Hemokinesis","Flex"],"picked":"Flame Barrier","floor":25},{"not_picked":["Pommel Strike","Seeing Red","Twin Strike"],"picked":"SKIP","floor":28},{"not_picked":["Headbutt","True Grit"],"picked":"Heavy Blade","floor":31}],"player_experience":103163,"relics_obtained":[{"floor":7,"key":"Blood Vial"},{"floor":10,"key":"Omamori"},{"floor":26,"key":"Torii"}],"event_choices":[{"damage_healed":0,"gold_gain":0,"player_choice":"Ignored","damage_taken":0,"max_hp_gain":0,"max_hp_loss":0,"event_name":"Liars Game","floor":2,"gold_loss":0},{"damage_healed":0,"gold_gain":0,"player_choice":"Entered Light","damage_taken":16,"max_hp_gain":0,"max_hp_loss":0,"event_name":"Shining Light","floor":3,"gold_loss":0,"cards_upgraded":["Strike_R","Strike_R"]},{"cards_removed":["Strike_R"],"damage_healed":0,"gold_gain":0,"player_choice":"Card Removal","damage_taken":7,"max_hp_gain":0,"max_hp_loss":0,"event_name":"Golden Wing","floor":4,"gold_loss":0},{"cards_removed":["Strike_R"],"damage_healed":0,"gold_gain":0,"player_choice":"Forget","damage_taken":0,"max_hp_gain":0,"max_hp_loss":0,"event_name":"Living Wall","floor":12,"gold_loss":0},{"damage_healed":0,"gold_gain":0,"player_choice":"Gave Potion","damage_taken":0,"relics_obtained":["Calipers"],"max_hp_gain":0,"max_hp_loss":0,"event_name":"WeMeetAgain","floor":20,"gold_loss":0},{"cards_removed":["Defend_R"],"damage_healed":0,"gold_gain":0,"player_choice":"Elegance","damage_taken":0,"max_hp_gain":0,"max_hp_loss":0,"event_name":"Back to Basics","floor":27,"gold_loss":0},{"damage_healed":0,"gold_gain":0,"player_choice":"Upgraded","damage_taken":0,"max_hp_gain":0,"max_hp_loss":0,"event_name":"Upgrade Shrine","floor":30,"gold_loss":0,"cards_upgraded":["Flame Barrier"]}],"is_beta":false,"boss_relics":[{"not_picked":["Pandora\u0027s Box","Philosopher\u0027s Stone"],"picked":"Lizard Tail"}],"items_purged_floors":[19],"is_endless":false,"potions_floor_spawned":[7,8,14,21,25,31],"killed_by":"Automaton","ascension_level":0}