{"gold_per_floor":[118,128,128,147,162,162,175,175,226,255,255,255,72,72,72,145,145,159,169,169,169,187,187,221,241,241,241,291,309,321,354,354,354],"floor_reached":33,"playtime":1089,"items_purged":[],"score":467,"play_id":"e0ae603e-6588-4333-8e7c-c29e4da37205","local_time":"20190614153802","is_ascension_mode":true,"campfire_choices":[{"data":"Genetic Algorithm","floor":6,"key":"SMITH"},{"data":"Zap","floor":8,"key":"SMITH"},{"floor":11,"key":"REST"},{"floor":15,"key":"REST"},{"data":"Defragment","floor":23,"key":"SMITH"},{"floor":27,"key":"REST"},{"floor":32,"key":"REST"}],"neow_cost":"NONE","seed_source_timestamp":105822324163300,"circlet_count":0,"master_deck":["AscendersBane","Strike_B","Strike_B","Defend_B","Defend_B","Defend_B","Defend_B","Zap+1","Dualcast","BootSequence","Compile Driver","Genetic Algorithm+1","Ball Lightning","Compile Driver","Leap","Apotheosis","Reboot","Defragment+1","Cold Snap","Sunder","Reinforced Body","All For One","Leap+1","Undo","Compile Driver"],"relics":["Cracked Core","Dodecahedron","Omamori","PreservedInsect","Oddly Smooth Stone","Snecko Eye","Mummified Hand","Gremlin Horn","Red Mask"],"potions_floor_usage":[10,19,24,31,33],"damage_taken":[{"damage":1,"enemies":"Cultist","floor":1,"turns":3},{"damage":11,"enemies":"Small Slimes","floor":2,"turns":4},{"damage":2,"enemies":"Jaw Worm","floor":4,"turns":3},{"damage":6,"enemies":"Looter","floor":5,"turns":3},{"damage":2,"enemies":"3 Louse","floor":7,"turns":3},{"damage":34,"enemies":"Gremlin Nob","floor":10,"turns":4},{"damage":13,"enemies":"Slime Boss","floor":16,"turns":10},{"damage":4,"enemies":"Chosen","floor":18,"turns":4},{"damage":2,"enemies":"Spheric Guardian","floor":19,"turns":4},{"damage":11,"enemies":"Centurion and Healer","floor":22,"turns":6},{"damage":12,"enemies":"Gremlin Leader","floor":24,"turns":5},{"damage":22,"enemies":"Shelled Parasite and Fungi","floor":25,"turns":7},{"damage":13,"enemies":"Snake Plant","floor":29,"turns":2},{"damage":11,"enemies":"3 Cultists","floor":30,"turns":5},{"damage":11,"enemies":"Masked Bandits","floor":31,"turns":5},{"damage":49,"enemies":"Automaton","floor":33,"turns":8}],"seed_played":"5461753903919208584","potions_obtained":[{"floor":4,"key":"Block Potion"},{"floor":5,"key":"FocusPotion"},{"floor":19,"key":"AttackPotion"},{"floor":22,"key":"FearPotion"},{"floor":30,"key":"Regen Potion"},{"floor":31,"key":"SpeedPotion"}],"is_trial":false,"path_per_floor":["M","M","T","M","M","R","M","R","T","E","R","?","$","?","R","B",null,"M","M","?","?","M","R","E","M","T","R","?","M","M","?","R","B"],"character_chosen":"DEFECT","items_purchased":["Apotheosis"],"campfire_rested":4,"item_purchase_floors":[13],"current_hp_per_floor":[70,59,59,57,51,51,49,49,49,15,38,20,20,20,43,30,66,62,60,60,60,49,49,37,15,15,38,38,25,14,17,40,0],"gold":354,"neow_bonus":"TEN_PERCENT_HP_BONUS","is_prod":false,"is_daily":false,"chose_seed":false,"campfire_upgraded":3,"win_rate":0,"timestamp":1560519482,"path_taken":["M","M","?","M","M","R","?","R","T","E","R","?","$","?","R","BOSS","M","?","?","?","M","R","E","M","T","R","?","M","M","?","R","BOSS"],"build_version":"2019-06-13","purchased_purges":0,"victory":false,"max_hp_per_floor":[78,78,78,78,78,78,78,78,78,78,78,78,78,78,78,78,78,78,78,78,78,78,78,78,78,78,78,78,78,78,78,78,78],"card_choices":[{"not_picked":["Turbo","Hologram"],"picked":"BootSequence","floor":1},{"not_picked":["Reinforced Body","Gash"],"picked":"Compile Driver","floor":2},{"not_picked":["Static Discharge","Beam Cell"],"picked":"Genetic Algorithm","floor":4},{"not_picked":["Hologram","Gash"],"picked":"Ball Lightning","floor":5},{"not_picked":["Leap","Aggregate"],"picked":"Compile Driver","floor":7},{"not_picked":["Sweeping Beam","Steam"],"picked":"Leap","floor":10},{"not_picked":["Amplify","Machine Learning"],"picked":"Reboot","floor":16},{"not_picked":["Go for the Eyes","White Noise"],"picked":"Defragment","floor":18},{"not_picked":["Ball Lightning","Beam Cell"],"picked":"Cold Snap","floor":19},{"not_picked":["Undo+1","Go for the Eyes"],"picked":"Reinforced Body","floor":22},{"not_picked":["Beam Cell","Reprogram"],"picked":"All For One","floor":24},{"not_picked":["Force Field+1","Ball Lightning","Recycle"],"picked":"SKIP","floor":25},{"not_picked":["Fusion+1","Coolheaded"],"picked":"Leap+1","floor":29},{"not_picked":["Cold Snap","Heatsinks"],"picked":"Undo","floor":30},{"not_picked":["Skim","Beam Cell"],"picked":"Compile Driver","floor":31}],"player_experience":835121,"relics_obtained":[{"floor":3,"key":"Dodecahedron"},{"floor":9,"key":"Omamori"},{"floor":10,"key":"PreservedInsect"},{"floor":24,"key":"Mummified Hand"},{"floor":26,"key":"Gremlin Horn"},{"floor":31,"key":"Red Mask"}],"event_choices":[{"damage_healed":0,"gold_gain":0,"player_choice":"Success","damage_taken":18,"relics_obtained":["Oddly Smooth Stone"],"max_hp_gain":0,"max_hp_loss":0,"event_name":"Scrap Ooze","floor":12,"gold_loss":0},{"cards_removed":["Strike_B"],"damage_healed":0,"gold_gain":0,"player_choice":"Purged","damage_taken":0,"max_hp_gain":0,"max_hp_loss":0,"event_name":"Purifier","floor":14,"gold_loss":0},{"cards_removed":["Strike_B"],"damage_healed":0,"gold_gain":0,"player_choice":"Elegance","damage_taken":0,"max_hp_gain":0,"max_hp_loss":0,"event_name":"Back to Basics","floor":20,"gold_loss":0},{"damage_healed":0,"gold_gain":0,"player_choice":"Read","damage_taken":0,"max_hp_gain":0,"max_hp_loss":0,"event_name":"The Library","floor":21,"gold_loss":0,"cards_obtained":["Sunder"]},{"damage_healed":0,"gold_gain":50,"player_choice":"Stole From Cult","damage_taken":0,"max_hp_gain":0,"max_hp_loss":0,"event_name":"Nest","floor":28,"gold_loss":0},{"damage_healed":0,"gold_gain":0,"player_choice":"Fought Bandits","damage_taken":0,"max_hp_gain":0,"max_hp_loss":0,"event_name":"Masked Bandits","floor":31,"gold_loss":0}],"is_beta":true,"boss_relics":[{"not_picked":["Sozu","Velvet Choker"],"picked":"Snecko Eye"}],"items_purged_floors":[],"is_endless":false,"potions_floor_spawned":[4,5,7,19,22,30,31],"killed_by":"Automaton","ascension_level":15}