{"gold_per_floor":[115,40,53,19,31,62,76,76,76,76,76,101,101,132,132,206,206,186,186,186,206,225,225,260,260],"floor_reached":25,"playtime":771,"items_purged":[],"score":418,"play_id":"78d20a86-4bdf-4a00-9218-bad29e8b05e3","local_time":"20190614202659","is_ascension_mode":true,"campfire_choices":[{"floor":8,"key":"REST"},{"data":"Go for the Eyes","floor":10,"key":"SMITH"},{"data":"Defragment","floor":13,"key":"SMITH"},{"floor":15,"key":"REST"},{"data":"Tempest","floor":23,"key":"SMITH"}],"neow_cost":"NONE","seed_source_timestamp":123477645577700,"circlet_count":0,"master_deck":["AscendersBane","Strike_B","Strike_B","Defend_B","Defend_B","Defend_B","Defend_B","Zap+1","Dualcast","Go for the Eyes+1","Tempest+1","Reinforced Body","Sweeping Beam","Compile Driver","Conserve Battery","Defragment+1","Loop","Thunder Strike","Sunder","Lockon+1","Fusion+1"],"relics":["Cracked Core","Dodecahedron","The Courier","Anchor","Vajra","Snecko Eye","Blood Vial"],"potions_floor_usage":[6,14,21,24],"damage_taken":[{"damage":12,"enemies":"Small Slimes","floor":1,"turns":4},{"damage":2,"enemies":"Jaw Worm","floor":3,"turns":3},{"damage":1,"enemies":"Cultist","floor":5,"turns":4},{"damage":16,"enemies":"Gremlin Nob","floor":6,"turns":4},{"damage":2,"enemies":"Exordium Wildlife","floor":7,"turns":5},{"damage":13,"enemies":"3 Sentries","floor":12,"turns":7},{"damage":18,"enemies":"Lagavulin","floor":14,"turns":4},{"damage":23,"enemies":"Slime Boss","floor":16,"turns":8},{"damage":17,"enemies":"2 Thieves","floor":18,"turns":4},{"damage":0,"enemies":"Chosen","floor":21,"turns":4},{"damage":13,"enemies":"Snecko","floor":22,"turns":4},{"damage":21,"enemies":"Book of Stabbing","floor":24,"turns":5},{"damage":22,"enemies":"Sentry and Sphere","floor":25,"turns":3}],"seed_played":"3763493082912873641","potions_obtained":[{"floor":5,"key":"AttackPotion"},{"floor":6,"key":"Ancient Potion"},{"floor":7,"key":"FocusPotion"},{"floor":22,"key":"Swift Potion"}],"is_trial":false,"path_per_floor":["M","?","M","$","M","E","M","R","T","R","?","E","R","E","R","B",null,"M","?","?","M","M","R","E","M"],"character_chosen":"DEFECT","items_purchased":["Reinforced Body"],"campfire_rested":2,"item_purchase_floors":[4],"current_hp_per_floor":[52,52,50,50,49,33,31,52,52,52,45,32,32,14,35,12,56,39,39,53,53,40,40,19,0],"gold":260,"neow_bonus":"UPGRADE_CARD","is_prod":false,"is_daily":false,"chose_seed":false,"campfire_upgraded":3,"win_rate":0,"timestamp":1560536819,"path_taken":["M","?","M","?","M","E","?","R","T","R","?","E","R","E","R","BOSS","M","?","?","M","M","R","E","M"],"build_version":"2019-06-13","purchased_purges":0,"victory":false,"max_hp_per_floor":[71,71,71,71,71,71,71,71,71,71,71,71,71,71,71,71,71,71,71,71,71,71,71,71,71],"card_choices":[{"not_picked":["Turbo","Coolheaded"],"picked":"Go for the Eyes","floor":1},{"not_picked":["Barrage","Static Discharge"],"picked":"Tempest","floor":3},{"not_picked":["Conserve Battery","Coolheaded"],"picked":"Sweeping Beam","floor":5},{"not_picked":["Rebound","Leap"],"picked":"Compile Driver","floor":6},{"not_picked":["Gash","Redo"],"picked":"Conserve Battery","floor":7},{"not_picked":["Gash","Conserve Battery"],"picked":"Defragment","floor":12},{"not_picked":["Beam Cell","Steam"],"picked":"Loop","floor":14},{"not_picked":["Reboot","All For One"],"picked":"Thunder Strike","floor":16},{"not_picked":["Barrage","Gash","Hologram"],"picked":"SKIP","floor":18},{"not_picked":["Beam Cell","White Noise"],"picked":"Sunder","floor":21},{"not_picked":["Leap","Rip and Tear"],"picked":"Lockon+1","floor":22},{"not_picked":["Cold Snap","Reboot"],"picked":"Fusion+1","floor":24}],"player_experience":839988,"relics_obtained":[{"floor":6,"key":"Dodecahedron"},{"floor":9,"key":"The Courier"},{"floor":12,"key":"Anchor"},{"floor":14,"key":"Vajra"},{"floor":24,"key":"Blood Vial"}],"event_choices":[{"cards_removed":["Strike_B"],"damage_healed":0,"gold_gain":0,"player_choice":"Card Removal","damage_taken":0,"max_hp_gain":0,"max_hp_loss":0,"event_name":"The Cleric","floor":2,"gold_loss":75},{"cards_removed":["Strike_B"],"damage_healed":0,"gold_gain":0,"player_choice":"Card Removal","damage_taken":7,"max_hp_gain":0,"max_hp_loss":0,"event_name":"Golden Wing","floor":11,"gold_loss":0},{"damage_healed":0,"gold_gain":0,"player_choice":"Ignored","damage_taken":0,"max_hp_gain":0,"max_hp_loss":0,"event_name":"Vampires","floor":19,"gold_loss":0},{"damage_healed":14,"gold_gain":0,"player_choice":"Heal","damage_taken":0,"max_hp_gain":0,"max_hp_loss":0,"event_name":"The Library","floor":20,"gold_loss":0}],"is_beta":true,"boss_relics":[{"not_picked":["Cursed Key","Astrolabe"],"picked":"Snecko Eye"}],"items_purged_floors":[],"is_endless":false,"potions_floor_spawned":[5,6,7,12,22],"killed_by":"Sentry and Sphere","ascension_level":15}