{"gold_per_floor":[110,130,55,69,85,113,113,113,113,113,128,160,173,188,188,292,292,303,318,218,237,437,437,456,489,489,489,503,522,540,52,52,147,147,157,174,274,254,269,269,304,315,315,315,41,55,67,67,67,67],"floor_reached":50,"playtime":4680,"items_purged":["Strike_B","Defend_B","Strike_B"],"score":510,"play_id":"aa6d2b47-9122-40dc-b228-f589c2e55ca4","local_time":"20190625205817","is_ascension_mode":false,"campfire_choices":[{"floor":8.0,"key":"REST"},{"floor":10.0,"key":"RECALL"},{"data":"Dualcast","floor":15.0,"key":"SMITH"},{"data":"Zap","floor":23.0,"key":"SMITH"},{"floor":27.0,"key":"REST"},{"floor":32.0,"key":"REST"},{"floor":40.0,"key":"REST"},{"floor":44.0,"key":"REST"},{"data":"Go for the Eyes","floor":49,"key":"SMITH"}],"neow_cost":"NONE","seed_source_timestamp":0,"circlet_count":0,"master_deck":["Strike_B","Strike_B","Defend_B","Defend_B","Defend_B","Zap+1","Dualcast+1","Leap","Go for the Eyes+1","Ball Lightning","Conserve Battery","Iron Wave","Melter","Conserve Battery","Machine Learning+1","Loop+1","Storm+1","Streamline","Lockon","Defragment+1","Echo Form+1","Lockon+1","Capacitor+1"],"special_seed":0,"relics":["Cracked Core","Vajra","Frozen Egg 2","Runic Pyramid","Orichalcum","Dodecahedron","Kunai","ClockworkSouvenir","Nuclear Battery","Torii","StoneCalendar","Question Card","Omamori"],"potions_floor_usage":[47],"damage_taken":[{"damage":0.0,"enemies":"Small Slimes","floor":1.0,"turns":2.0},{"damage":0.0,"enemies":"Cultist","floor":2.0,"turns":4.0},{"damage":3.0,"enemies":"Jaw Worm","floor":4.0,"turns":3.0},{"damage":3.0,"enemies":"Exordium Thugs","floor":5.0,"turns":4.0},{"damage":19.0,"enemies":"3 Sentries","floor":6.0,"turns":7.0},{"damage":0.0,"enemies":"Large Slime","floor":11.0,"turns":5.0},{"damage":11.0,"enemies":"Gremlin Nob","floor":12.0,"turns":4.0},{"damage":3.0,"enemies":"Red Slaver","floor":13.0,"turns":3.0},{"damage":0.0,"enemies":"2 Fungi Beasts","floor":14.0,"turns":3.0},{"damage":33.0,"enemies":"Slime Boss","floor":16.0,"turns":11.0},{"damage":9.0,"enemies":"Chosen","floor":18.0,"turns":5.0},{"damage":2.0,"enemies":"3 Byrds","floor":19.0,"turns":5.0},{"damage":0.0,"enemies":"Sentry and Sphere","floor":21.0,"turns":3.0},{"damage":12.0,"enemies":"3 Cultists","floor":24.0,"turns":5.0},{"damage":13.0,"enemies":"Book of Stabbing","floor":25.0,"turns":5.0},{"damage":18.0,"enemies":"Cultist and Chosen","floor":28.0,"turns":6.0},{"damage":18.0,"enemies":"Snake Plant","floor":29.0,"turns":3.0},{"damage":8.0,"enemies":"3 Cultists","floor":30.0,"turns":5.0},{"damage":20.0,"enemies":"Champ","floor":33.0,"turns":9.0},{"damage":2.0,"enemies":"3 Shapes","floor":35.0,"turns":4.0},{"damage":19.0,"enemies":"3 Darklings","floor":36.0,"turns":5.0},{"damage":11.0,"enemies":"Mind Bloom Boss Battle","floor":37.0,"turns":6.0},{"damage":2.0,"enemies":"4 Shapes","floor":39.0,"turns":5.0},{"damage":38.0,"enemies":"Nemesis","floor":41.0,"turns":7.0},{"damage":13.0,"enemies":"Maw","floor":42.0,"turns":6.0},{"damage":2.0,"enemies":"Writhing Mass","floor":46.0,"turns":5.0},{"damage":36,"enemies":"Jaw Worm Horde","floor":47,"turns":4},{"damage":75,"enemies":"Awakened One","floor":50,"turns":4}],"seed_played":"4794960635496509246","potions_obtained":[{"floor":1.0,"key":"Energy Potion"},{"floor":6.0,"key":"Block Potion"},{"floor":11.0,"key":"Fire Potion"},{"floor":16.0,"key":"EssenceOfSteel"},{"floor":19.0,"key":"GamblersBrew"},{"floor":21.0,"key":"Regen Potion"},{"floor":24.0,"key":"Explosive Potion"},{"floor":30.0,"key":"LiquidBronze"},{"floor":37.0,"key":"SkillPotion"},{"floor":38.0,"key":"Explosive Potion"},{"floor":42.0,"key":"AttackPotion"}],"is_trial":false,"path_per_floor":["M","M","$","M","M","E","?","R","T","R","M","E","M","M","R","B",null,"M","M","$","M","?","R","M","E","T","R","M","M","M","$","R","B",null,"M","M","?","?","M","R","E","M","T","R","$","M","M","?","R","B"],"character_chosen":"DEFECT","items_purchased":["Kunai","ClockworkSouvenir","Defragment+1","Omamori"],"campfire_rested":5,"item_purchase_floors":[31,31,31,45],"current_hp_per_floor":[82,82,82,79,76,57,57,81,81,81,81,70,67,67,67,34,82,73,71,71,71,71,71,64,51,51,75,57,39,31,31,55,35,82,80,61,50,50,48,72,34,21,21,45,45,43,7,72,72,0],"gold":67,"neow_bonus":"TEN_PERCENT_HP_BONUS","is_prod":false,"is_daily":false,"chose_seed":false,"campfire_upgraded":3,"win_rate":0,"timestamp":1561510697,"path_taken":["M","M","$","M","M","E","?","R","T","R","M","E","M","M","R","BOSS","M","?","$","M","?","R","M","E","T","R","M","M","M","$","R","BOSS","M","M","?","?","?","R","E","M","T","R","$","M","M","?","R","BOSS"],"build_version":"2019-01-23","purchased_purges":3,"victory":false,"max_hp_per_floor":[82,82,82,82,82,82,82,82,82,82,82,82,82,82,82,82,82,82,82,82,82,82,82,82,82,82,82,82,82,82,82,82,82,82,82,82,82,82,82,82,82,82,82,82,82,82,82,72,72,72],"card_choices":[{"not_picked":["Reinforced Body","Hologram"],"picked":"Leap","floor":1.0},{"not_picked":["Scrape","Cold Snap"],"picked":"Go for the Eyes","floor":2.0},{"not_picked":["Turbo","Cold Snap"],"picked":"Ball Lightning","floor":4.0},{"not_picked":["Aggregate","Hello World"],"picked":"Conserve Battery","floor":5.0},{"not_picked":["Self Repair","Recycle"],"picked":"Streamline","floor":6.0},{"not_picked":["Reinforced Body","Cold Snap","Force Field"],"picked":"SKIP","floor":11.0},{"not_picked":["Barrage","Compile Driver","Darkness"],"picked":"SKIP","floor":12.0},{"not_picked":["FTL","Sweeping Beam"],"picked":"Melter","floor":13.0},{"not_picked":["Chill","Redo"],"picked":"Conserve Battery","floor":14.0},{"not_picked":["Core Surge","Biased Cognition+1"],"picked":"Machine Learning+1","floor":16.0},{"not_picked":["Cold Snap","Go for the Eyes"],"picked":"Loop+1","floor":18.0},{"not_picked":["Go for the Eyes+1","Rebound","White Noise+1"],"picked":"SKIP","floor":19.0},{"not_picked":["Conserve Battery","Go for the Eyes+1"],"picked":"Storm+1","floor":21.0},{"not_picked":["Blizzard+1","Cold Snap"],"picked":"Streamline","floor":24.0},{"not_picked":["Sweeping Beam","Ball Lightning","Hologram"],"picked":"SKIP","floor":25.0},{"not_picked":["Steam","Amplify","Turbo"],"picked":"SKIP","floor":28.0},{"not_picked":["BootSequence","Go for the Eyes+1","Fusion+1"],"picked":"SKIP","floor":29.0},{"not_picked":["Doom and Gloom","Hologram+1"],"picked":"Lockon","floor":30.0},{"not_picked":["Core Surge","Hyperbeam"],"picked":"Echo Form+1","floor":33.0},{"not_picked":["Compile Driver+1","Glacier+1","Gash"],"picked":"SKIP","floor":35.0},{"not_picked":["Beam Cell","Biased Cognition+1"],"picked":"Lockon+1","floor":36.0},{"not_picked":["Gash+1","Sweeping Beam","Hologram+1"],"picked":"SKIP","floor":39.0},{"not_picked":["Sweeping Beam+1","Gash","Chaos+1"],"picked":"SKIP","floor":41.0},{"not_picked":["Go for the Eyes+1","Echo Form+1","White Noise"],"picked":"SKIP","floor":42.0},{"not_picked":["Redo+1","Steam+1","Rebound+1"],"picked":"Capacitor+1","floor":46},{"not_picked":["Glacier","Reprogram","Hologram+1","Barrage+1"],"picked":"SKIP","floor":47}],"player_experience":132445,"relics_obtained":[{"floor":6.0,"key":"Vajra"},{"floor":12.0,"key":"Frozen Egg 2"},{"floor":25.0,"key":"Orichalcum"},{"floor":26.0,"key":"Dodecahedron"},{"floor":37.0,"key":"Torii"},{"floor":41.0,"key":"StoneCalendar"},{"floor":43.0,"key":"Question Card"}],"event_choices":[{"cards_removed":["Streamline"],"damage_healed":0.0,"max_hp_gain":0.0,"max_hp_loss":0.0,"gold_gain":0.0,"event_name":"NoteForYourself","player_choice":"Took Card","floor":7.0,"gold_loss":0.0,"damage_taken":0.0,"cards_obtained":["Iron Wave"]},{"damage_healed":0.0,"max_hp_gain":0.0,"max_hp_loss":0.0,"gold_gain":200.0,"event_name":"Wheel of Change","player_choice":"Gold","floor":22.0,"gold_loss":0.0,"damage_taken":0.0},{"damage_healed":0.0,"max_hp_gain":0.0,"max_hp_loss":0.0,"gold_gain":0.0,"event_name":"MindBloom","player_choice":"Fight","floor":37.0,"gold_loss":0.0,"damage_taken":0.0},{"damage_healed":0.0,"max_hp_gain":0.0,"max_hp_loss":0.0,"gold_gain":0.0,"event_name":"The Woman in Blue","player_choice":"Bought 1 Potion","floor":38.0,"gold_loss":0.0,"damage_taken":0.0},{"damage_healed":72,"gold_gain":0,"player_choice":"Heal","damage_taken":0,"max_hp_gain":0,"max_hp_loss":10,"event_name":"The Moai Head","floor":48,"gold_loss":0}],"is_beta":false,"boss_relics":[{"not_picked":["Cursed Key","Calling Bell"],"picked":"Runic Pyramid"},{"not_picked":["FrozenCore","Pandora\u0027s Box"],"picked":"Nuclear Battery"}],"items_purged_floors":[3,20,45],"is_endless":false,"potions_floor_spawned":[1,6,11,16,19,21,24,30,37,42],"killed_by":"Awakened One","ascension_level":0}