{"gold_per_floor":[11,11,25,0,20,20,295,194,194,194,214,248,268,268],"floor_reached":14,"playtime":400,"items_purged":["Regret"],"score":153,"play_id":"22791637-a264-412f-a1e0-021ed46a116e","local_time":"20190507112955","is_ascension_mode":true,"campfire_choices":[{"data":"Sweeping Beam","floor":6,"key":"SMITH"},{"data":"Leap","floor":10,"key":"SMITH"}],"neow_cost":"NO_GOLD","seed_source_timestamp":97668906944400,"circlet_count":0,"master_deck":["AscendersBane","Strike_B","Strike_B","Strike_B","Defend_B","Defend_B","Defend_B","Defend_B","Zap","Dualcast","Recycle","Self Repair","Sweeping Beam+1","Leap+1","Cold Snap","Melter","Compile Driver"],"relics":["Cracked Core","Turnip","Letter Opener","Lantern"],"potions_floor_usage":[14],"damage_taken":[{"damage":10,"enemies":"Small Slimes","floor":1,"turns":4},{"damage":8,"enemies":"Jaw Worm","floor":3,"turns":4},{"damage":4,"enemies":"Cultist","floor":5,"turns":5},{"damage":28,"enemies":"3 Louse","floor":11,"turns":4},{"damage":17,"enemies":"Lagavulin","floor":12,"turns":8},{"damage":0,"enemies":"Large Slime","floor":13,"turns":5},{"damage":23,"enemies":"Lagavulin Event","floor":14,"turns":3}],"seed_played":"1293608365106865771","potions_obtained":[{"floor":1,"key":"LiquidBronze"},{"floor":13,"key":"Strength Potion"}],"is_trial":false,"path_per_floor":["M","?","M","?","M","R","?","$","T","R","M","E","M","?"],"character_chosen":"DEFECT","items_purchased":["Leap"],"campfire_rested":0,"item_purchase_floors":[8],"current_hp_per_floor":[54,47,39,39,42,42,42,42,42,42,21,4,11,0],"gold":268,"neow_bonus":"ONE_RARE_RELIC","is_prod":false,"is_daily":false,"chose_seed":false,"campfire_upgraded":2,"win_rate":0,"timestamp":1557221395,"path_taken":["M","?","M","?","M","R","?","$","T","R","M","E","?","?"],"build_version":"2019-04-23","purchased_purges":1,"victory":false,"max_hp_per_floor":[71,71,71,71,71,71,71,71,71,71,71,71,71,71],"card_choices":[{"not_picked":["Rebound","Hologram"],"picked":"Recycle","floor":1},{"not_picked":["Turbo","Loop"],"picked":"Self Repair","floor":3},{"not_picked":["Undo","Blizzard"],"picked":"Sweeping Beam","floor":5},{"not_picked":["Conserve Battery","Sunder"],"picked":"Cold Snap","floor":11},{"not_picked":["Lockon","Steam Power"],"picked":"Melter","floor":12},{"not_picked":["Gash","Coolheaded"],"picked":"Compile Driver","floor":13}],"player_experience":582783,"relics_obtained":[{"floor":9,"key":"Letter Opener"},{"floor":12,"key":"Lantern"}],"event_choices":[{"cards_removed":["Strike_B"],"damage_healed":0,"gold_gain":0,"player_choice":"Card Removal","damage_taken":7,"max_hp_gain":0,"max_hp_loss":0,"event_name":"Golden Wing","floor":2,"gold_loss":0},{"damage_healed":0,"gold_gain":0,"player_choice":"Left Gold","damage_taken":0,"max_hp_gain":0,"max_hp_loss":0,"event_name":"World of Goop","floor":4,"gold_loss":25},{"damage_healed":0,"gold_gain":275,"player_choice":"Desecrate","damage_taken":0,"max_hp_gain":0,"max_hp_loss":0,"event_name":"Golden Shrine","floor":7,"gold_loss":0,"cards_obtained":["Regret"]},{"damage_healed":0,"gold_gain":0,"player_choice":"Searched \u00271\u0027 times","damage_taken":0,"max_hp_gain":0,"max_hp_loss":0,"event_name":"Dead Adventurer","floor":14,"gold_loss":0}],"is_beta":true,"boss_relics":[],"items_purged_floors":[8],"is_endless":false,"potions_floor_spawned":[1,13],"killed_by":"Lagavulin Event","ascension_level":14}