{"gold_per_floor":[113,123,123,123,142,142,186,210,210,210],"floor_reached":10,"playtime":385,"items_purged":[],"score":133,"play_id":"22db5cf5-7208-4a85-83be-e81b3ff22af5","local_time":"20190613001955","is_ascension_mode":true,"campfire_choices":[{"data":"Neutralize","floor":6.0,"key":"SMITH"}],"neow_cost":"NONE","seed_source_timestamp":0,"circlet_count":0,"master_deck":["AscendersBane","Strike_G","Strike_G","Strike_G","Strike_G","Strike_G","Defend_G","Defend_G","Defend_G","Defend_G","Defend_G","Survivor","Neutralize+1","Cloak And Dagger","Bouncing Flask","Slice","Dodge and Roll","Burst"],"special_seed":0,"relics":["Ring of the Snake","Art of War","Golden Idol","Pear","Toxic Egg 2"],"potions_floor_usage":[7,10,10],"damage_taken":[{"damage":3.0,"enemies":"Small Slimes","floor":1.0,"turns":6.0},{"damage":5.0,"enemies":"Jaw Worm","floor":2.0,"turns":4.0},{"damage":0.0,"enemies":"Cultist","floor":5.0,"turns":4.0},{"damage":47,"enemies":"3 Sentries","floor":7,"turns":13},{"damage":16,"enemies":"Lots of Slimes","floor":8,"turns":6},{"damage":12,"enemies":"Exordium Thugs","floor":10,"turns":3}],"seed_played":"1879290294771601504","potions_obtained":[{"floor":2.0,"key":"Regen Potion"},{"floor":4.0,"key":"Regen Potion"},{"floor":8,"key":"EntropicBrew"}],"is_trial":false,"path_per_floor":["M","M","?","?","M","R","E","M","T","M"],"character_chosen":"THE_SILENT","items_purchased":[],"campfire_rested":0,"item_purchase_floors":[],"current_hp_per_floor":[56,51,28,28,42,42,20,4,4,0],"gold":210,"neow_bonus":"RANDOM_COMMON_RELIC","is_prod":false,"is_daily":false,"chose_seed":false,"campfire_upgraded":1,"win_rate":0,"timestamp":1560377995,"path_taken":["M","M","?","?","?","R","E","?","T","M"],"build_version":"2019-06-11","purchased_purges":0,"victory":false,"max_hp_per_floor":[66,66,66,66,66,66,76,76,76,76],"card_choices":[{"not_picked":["PiercingWail","Outmaneuver"],"picked":"Cloak And Dagger","floor":1.0},{"not_picked":["Backflip","Deadly Poison"],"picked":"Bouncing Flask","floor":2.0},{"not_picked":["Outmaneuver","Acrobatics"],"picked":"Slice","floor":5.0},{"not_picked":["Underhanded Strike","Prepared"],"picked":"Dodge and Roll","floor":7},{"not_picked":["Expertise","Backflip"],"picked":"Burst","floor":8}],"player_experience":816731,"relics_obtained":[{"floor":7,"key":"Pear"},{"floor":9,"key":"Toxic Egg 2"}],"event_choices":[{"damage_healed":0.0,"max_hp_gain":0.0,"max_hp_loss":0.0,"gold_gain":0.0,"event_name":"Golden Idol","player_choice":"Take Damage","floor":3.0,"gold_loss":0.0,"damage_taken":23.0,"relics_obtained":["Golden Idol"]},{"damage_healed":0.0,"max_hp_gain":0.0,"max_hp_loss":0.0,"gold_gain":0.0,"event_name":"Lab","player_choice":"Got Potions","floor":4.0,"gold_loss":0.0,"damage_taken":0.0}],"is_beta":true,"boss_relics":[],"items_purged_floors":[],"is_endless":false,"potions_floor_spawned":[2,8],"killed_by":"Exordium Thugs","ascension_level":19}