{"gold_per_floor":[114,131,131,131,148,148,158,183,183,148,148,148,164,176,176,255,255,270,281,331,246,269,269,280,280,280,52,62,95,95,156,156,230,230,246,266,266],"floor_reached":37,"playtime":1252,"items_purged":[],"score":818,"play_id":"e54032e4-d59c-46b0-9371-7754a2998284","local_time":"20190626095804","is_ascension_mode":true,"campfire_choices":[{"data":"Infinite Blades","floor":6,"key":"SMITH"},{"floor":12,"key":"REST"},{"floor":15,"key":"REST"},{"data":"Cloak And Dagger","floor":23,"key":"SMITH"},{"data":"Crippling Poison","floor":25,"key":"SMITH"},{"data":"Backflip","floor":30,"key":"SMITH"},{"floor":32,"key":"REST"}],"neow_cost":"NONE","seed_source_timestamp":202561394998600,"circlet_count":0,"master_deck":["AscendersBane","Strike_G","Strike_G","Strike_G","Strike_G","Defend_G","Defend_G","Defend_G","Defend_G","Defend_G","Survivor","Neutralize+1","Crippling Poison+1","Infinite Blades+1","Caltrops+1","Slice","Footwork+1","Die Die Die+1","Backflip+1","Envenom+1","Cloak And Dagger+1","Deflect","Footwork+1","Dodge and Roll+1","Footwork+1","Night Terror","Corpse Explosion","Cloak And Dagger+1"],"relics":["Ring of the Snake","Frozen Egg 2","Mercury Hourglass","Bottled Tornado","Molten Egg 2","Black Star","Oddly Smooth Stone","Art of War","Mummified Hand","Lee\u0027s Waffle","Pantograph","Darkstone Periapt","Tiny Chest","Ninja Scroll","Snecko Eye"],"potions_floor_usage":[16,29,33],"damage_taken":[{"damage":3,"enemies":"Cultist","floor":1,"turns":5},{"damage":0,"enemies":"2 Louse","floor":2,"turns":4},{"damage":4,"enemies":"Small Slimes","floor":5,"turns":3},{"damage":12,"enemies":"Exordium Wildlife","floor":7,"turns":5},{"damage":27,"enemies":"Lagavulin","floor":8,"turns":8},{"damage":4,"enemies":"2 Fungi Beasts","floor":13,"turns":3},{"damage":8,"enemies":"Blue Slaver","floor":14,"turns":3},{"damage":2,"enemies":"The Guardian","floor":16,"turns":13},{"damage":10,"enemies":"Shell Parasite","floor":18,"turns":7},{"damage":17,"enemies":"Spheric Guardian","floor":19,"turns":6},{"damage":0,"enemies":"Cultist and Chosen","floor":24,"turns":7},{"damage":3,"enemies":"Snake Plant","floor":28,"turns":4},{"damage":26,"enemies":"Slavers","floor":29,"turns":3},{"damage":18,"enemies":"Book of Stabbing","floor":31,"turns":5},{"damage":3,"enemies":"Automaton","floor":33,"turns":15},{"damage":14,"enemies":"3 Darklings","floor":35,"turns":5},{"damage":9,"enemies":"Orb Walker","floor":36,"turns":3},{"damage":50,"enemies":"2 Orb Walkers","floor":37,"turns":3}],"seed_played":"-2218959053874188749","potions_obtained":[{"floor":5,"key":"GamblersBrew"},{"floor":13,"key":"GhostInAJar"},{"floor":16,"key":"Weak Potion"},{"floor":24,"key":"AttackPotion"},{"floor":31,"key":"EssenceOfSteel"}],"is_trial":false,"path_per_floor":["M","M","T","?","M","R","M","E","T","?","?","R","M","M","R","B",null,"M","M","?","?","T","R","M","R","T","$","M","E","R","E","R","B",null,"M","M","?"],"character_chosen":"THE_SILENT","items_purchased":["Lee\u0027s Waffle"],"campfire_rested":3,"item_purchase_floors":[27],"current_hp_per_floor":[56,56,56,45,41,41,29,2,2,18,18,37,33,25,44,42,60,50,33,33,33,33,33,33,33,33,73,70,44,44,26,47,69,72,58,49,0],"gold":266,"neow_bonus":"UPGRADE_CARD","is_prod":false,"is_daily":false,"chose_seed":false,"campfire_upgraded":4,"win_rate":0,"timestamp":1561535884,"path_taken":["M","M","?","?","M","R","M","E","T","?","?","R","M","M","R","BOSS","M","M","?","?","?","R","?","R","T","$","M","E","R","E","R","BOSS","M","M","?"],"build_version":"2019-06-24","purchased_purges":0,"victory":false,"max_hp_per_floor":[66,66,66,66,66,66,66,66,66,66,66,66,66,66,66,66,66,66,66,66,66,66,66,66,66,66,73,73,73,73,73,73,73,73,73,73,73],"card_choices":[{"not_picked":["Sucker Punch","Concentrate"],"picked":"Crippling Poison","floor":1},{"not_picked":["Outmaneuver","Backflip"],"picked":"Infinite Blades","floor":2},{"not_picked":["Outmaneuver","Eviscerate"],"picked":"Caltrops+1","floor":5},{"not_picked":["Caltrops+1","Sucker Punch"],"picked":"Slice","floor":7},{"not_picked":["Riddle With Holes","Sucker Punch"],"picked":"Footwork+1","floor":8},{"not_picked":["Dagger Spray+1","Dagger Throw+1"],"picked":"Die Die Die+1","floor":13},{"not_picked":["Blade Dance","Tactician"],"picked":"Backflip","floor":14},{"not_picked":["Phantasmal Killer","Night Terror"],"picked":"Envenom+1","floor":16},{"not_picked":["Quick Slash+1","Choke+1"],"picked":"Cloak And Dagger","floor":18},{"not_picked":["Flying Knee+1","Expertise"],"picked":"Deflect","floor":19},{"not_picked":["Heel Hook+1","Choke+1"],"picked":"Footwork+1","floor":24},{"not_picked":["Blade Dance+1","Acrobatics"],"picked":"Dodge and Roll+1","floor":28},{"not_picked":["Riddle With Holes+1","Flying Knee+1"],"picked":"Footwork+1","floor":29},{"not_picked":["Expertise","Deflect"],"picked":"Night Terror","floor":31},{"not_picked":["Glass Knife+1","Tools of the Trade+1"],"picked":"Corpse Explosion","floor":33},{"not_picked":["Accuracy+1","Poisoned Stab+1"],"picked":"Cloak And Dagger+1","floor":35},{"not_picked":["Slice+1","Deadly Poison","Deflect"],"picked":"SKIP","floor":36}],"player_experience":892519,"relics_obtained":[{"floor":3,"key":"Frozen Egg 2"},{"floor":8,"key":"Bottled Tornado"},{"floor":9,"key":"Molten Egg 2"},{"floor":22,"key":"Art of War"},{"floor":26,"key":"Mummified Hand"},{"floor":29,"key":"Pantograph"},{"floor":29,"key":"Darkstone Periapt"},{"floor":31,"key":"Tiny Chest"},{"floor":31,"key":"Ninja Scroll"}],"event_choices":[{"damage_healed":0,"gold_gain":0,"player_choice":"Success","damage_taken":11,"relics_obtained":["Mercury Hourglass"],"max_hp_gain":0,"max_hp_loss":0,"event_name":"Scrap Ooze","floor":4,"gold_loss":0},{"damage_healed":16,"gold_gain":0,"player_choice":"Healed","damage_taken":0,"max_hp_gain":0,"max_hp_loss":0,"event_name":"The Cleric","floor":10,"gold_loss":35},{"cards_removed":["Strike_G"],"damage_healed":0,"gold_gain":0,"player_choice":"Forget","damage_taken":0,"max_hp_gain":0,"max_hp_loss":0,"event_name":"Living Wall","floor":11,"gold_loss":0},{"damage_healed":0,"gold_gain":50,"player_choice":"Stole From Cult","damage_taken":0,"max_hp_gain":0,"max_hp_loss":0,"event_name":"Nest","floor":20,"gold_loss":0},{"damage_healed":0,"gold_gain":0,"player_choice":"Obtained Relic","damage_taken":0,"relics_obtained":["Oddly Smooth Stone"],"max_hp_gain":0,"max_hp_loss":0,"event_name":"Addict","floor":21,"gold_loss":85},{"damage_healed":0,"gold_gain":0,"player_choice":"Fight","damage_taken":0,"max_hp_gain":0,"max_hp_loss":0,"event_name":"Mysterious Sphere","floor":37,"gold_loss":0}],"is_beta":true,"boss_relics":[{"not_picked":["Ring of the Serpent","Astrolabe"],"picked":"Black Star"},{"not_picked":["Coffee Dripper","Tiny House"],"picked":"Snecko Eye"}],"items_purged_floors":[],"is_endless":false,"potions_floor_spawned":[5,13,16,19,24,28,31],"killed_by":"2 Orb Walkers","ascension_level":20}