{"gold_per_floor":[110,130,130,142,42,42,61,61,61,61,86,117,134,134,134,211,211,230,244,244,264,282,310,328,328,328,338,369,380,239,249,249,320,320,330,330,345,364,374,374],"floor_reached":40,"playtime":2007,"items_purged":["Pain","Strike_B"],"score":871,"play_id":"5e5d5ea9-7c3d-4d63-bc3b-9f246c82f66d","local_time":"20190624024159","is_ascension_mode":true,"campfire_choices":[{"data":"Go for the Eyes","floor":6.0,"key":"SMITH"},{"data":"White Noise","floor":10.0,"key":"SMITH"},{"floor":15.0,"key":"REST"},{"floor":25.0,"key":"REST"},{"floor":32.0,"key":"RECALL"}],"neow_cost":"NONE","seed_source_timestamp":2698633505200,"circlet_count":0,"master_deck":["AscendersBane","Defend_B","Defend_B","Defend_B","Zap","Dualcast","Reinforced Body","Coolheaded","Compile Driver","Go for the Eyes+1","White Noise+1","Echo Form","Leap","Core Surge","Self Repair+1","Ball Lightning","Hologram","Hologram","Hologram+1","Glacier","Ball Lightning+1","Go for the Eyes+1","Heatsinks","Cold Snap","Electrodynamics","Seek","Fusion+1","Amplify+1","Cold Snap+1","Cold Snap","Compile Driver+1","Cold Snap+1","Undo+1"],"special_seed":0,"relics":["Cracked Core","Smiling Mask","WarpedTongs","Bottled Lightning","Odd Mushroom","Bottled Tornado","Kunai","Fusion Hammer","Regal Pillow","Meat on the Bone","Happy Flower","Astrolabe"],"potions_floor_usage":[],"damage_taken":[{"damage":16.0,"enemies":"Small Slimes","floor":1.0,"turns":3.0},{"damage":0.0,"enemies":"Cultist","floor":2.0,"turns":4.0},{"damage":3.0,"enemies":"2 Louse","floor":4.0,"turns":3.0},{"damage":6.0,"enemies":"Blue Slaver","floor":7.0,"turns":4.0},{"damage":21.0,"enemies":"The Mushroom Lair","floor":11.0,"turns":4.0},{"damage":8.0,"enemies":"Gremlin Nob","floor":12.0,"turns":3.0},{"damage":4.0,"enemies":"Looter","floor":13.0,"turns":3.0},{"damage":2.0,"enemies":"Hexaghost","floor":16.0,"turns":12.0},{"damage":22.0,"enemies":"2 Thieves","floor":18.0,"turns":4.0},{"damage":6.0,"enemies":"Chosen","floor":19.0,"turns":6.0},{"damage":11.0,"enemies":"Snake Plant","floor":21.0,"turns":5.0},{"damage":20.0,"enemies":"Sentry and Sphere","floor":22.0,"turns":5.0},{"damage":46.0,"enemies":"Slavers","floor":23.0,"turns":3.0},{"damage":8.0,"enemies":"Chosen and Byrds","floor":24.0,"turns":6.0},{"damage":0.0,"enemies":"Snecko","floor":27.0,"turns":6.0},{"damage":13.0,"enemies":"Book of Stabbing","floor":28.0,"turns":6.0},{"damage":6.0,"enemies":"Centurion and Healer","floor":29.0,"turns":5.0},{"damage":5.0,"enemies":"Cultist and Chosen","floor":31.0,"turns":6.0},{"damage":48.0,"enemies":"Automaton","floor":33.0,"turns":12.0},{"damage":12.0,"enemies":"3 Darklings","floor":35.0,"turns":5.0},{"damage":23.0,"enemies":"Orb Walker","floor":37.0,"turns":5.0},{"damage":30.0,"enemies":"Writhing Mass","floor":38.0,"turns":7.0},{"damage":36.0,"enemies":"Sphere and 2 Shapes","floor":39.0,"turns":5.0},{"damage":79,"enemies":"Reptomancer","floor":40,"turns":2}],"seed_played":"2172126931220625303","potions_obtained":[{"floor":1.0,"key":"Strength Potion"},{"floor":4.0,"key":"FocusPotion"},{"floor":12.0,"key":"GamblersBrew"},{"floor":13.0,"key":"Energy Potion"},{"floor":19.0,"key":"FairyPotion"},{"floor":22.0,"key":"Explosive Potion"},{"floor":23.0,"key":"SteroidPotion"},{"floor":33.0,"key":"Swift Potion"}],"is_trial":false,"path_per_floor":["M","M","?","M","$","R","M","?","T","R","?","E","M","T","R","B",null,"M","M","?","M","M","E","M","R","T","M","E","M","$","M","R","B",null,"M","?","M","M","M","E"],"character_chosen":"DEFECT","items_purchased":["Go for the Eyes","Heatsinks","Cold Snap"],"campfire_rested":2,"item_purchase_floors":[5,30,30],"current_hp_per_floor":[48,48,48,45,45,45,39,44,44,44,23,15,11,11,33,31,65,43,51,51,60,60,14,26,63,63,76,73,76,76,76,76,50,70,68,68,55,57,53,0],"gold":374,"neow_bonus":"RANDOM_COMMON_RELIC","is_prod":false,"is_daily":false,"chose_seed":false,"campfire_upgraded":2,"win_rate":0,"timestamp":1561336919,"path_taken":["M","M","?","?","$","R","M","?","T","R","?","E","M","?","R","BOSS","M","M","?","?","M","E","M","R","T","M","E","M","$","?","R","BOSS","M","?","M","M","?","E"],"build_version":"2019-06-21","purchased_purges":2,"victory":false,"max_hp_per_floor":[71,71,71,71,71,71,71,76,76,76,76,76,76,76,76,76,76,76,76,76,76,76,76,76,76,76,76,76,76,76,76,76,76,76,76,76,76,76,76,76],"card_choices":[{"not_picked":["Recycle","Redo"],"picked":"Reinforced Body","floor":1.0},{"not_picked":["Gash","Steam"],"picked":"Coolheaded","floor":2.0},{"not_picked":["Rip and Tear","Turbo"],"picked":"Compile Driver","floor":4.0},{"not_picked":["Conserve Battery","Reinforced Body"],"picked":"White Noise","floor":7.0},{"not_picked":["BootSequence","White Noise"],"picked":"Echo Form","floor":11.0},{"not_picked":["Go for the Eyes","Steam"],"picked":"Leap","floor":12.0},{"not_picked":["Blizzard","Redo","Reprogram"],"picked":"SKIP","floor":13.0},{"not_picked":["Fission","Amplify"],"picked":"Core Surge","floor":16.0},{"not_picked":["Rebound+1","Redo"],"picked":"Self Repair","floor":18.0},{"not_picked":["Self Repair","Redo"],"picked":"Ball Lightning","floor":19.0},{"not_picked":["Gash","Leap"],"picked":"Hologram","floor":21.0},{"not_picked":["Consume","Sweeping Beam+1"],"picked":"Hologram","floor":22.0},{"not_picked":["Coolheaded","Sweeping Beam"],"picked":"Hologram+1","floor":23.0},{"not_picked":["Loop","Gash"],"picked":"Glacier","floor":24.0},{"not_picked":["Blizzard","Capacitor"],"picked":"Ball Lightning+1","floor":27.0},{"not_picked":["Steam","Sweeping Beam","Gash"],"picked":"SKIP","floor":28.0},{"not_picked":["Steam+1","Tempest"],"picked":"Go for the Eyes+1","floor":29.0},{"not_picked":["Barrage","Compile Driver+1"],"picked":"Electrodynamics","floor":31.0},{"not_picked":["Machine Learning","Fission"],"picked":"Seek","floor":33.0},{"not_picked":["Scrape","Stack","Cold Snap"],"picked":"SKIP","floor":35.0},{"not_picked":["Turbo","Redo"],"picked":"Compile Driver+1","floor":37.0},{"not_picked":["Streamline","Rebound"],"picked":"Cold Snap+1","floor":38.0},{"not_picked":["Gash","Turbo"],"picked":"Undo+1","floor":39.0}],"player_experience":873535,"relics_obtained":[{"floor":9.0,"key":"Bottled Lightning"},{"floor":11.0,"key":"Odd Mushroom"},{"floor":12.0,"key":"Bottled Tornado"},{"floor":14.0,"key":"Kunai"},{"floor":23.0,"key":"Regal Pillow"},{"floor":26.0,"key":"Meat on the Bone"},{"floor":28.0,"key":"Happy Flower"}],"event_choices":[{"damage_healed":0.0,"max_hp_gain":0.0,"max_hp_loss":0.0,"gold_gain":0.0,"event_name":"Accursed Blacksmith","player_choice":"Rummage","floor":3.0,"gold_loss":0.0,"damage_taken":0.0,"relics_obtained":["WarpedTongs"],"cards_obtained":["Pain"]},{"damage_healed":0.0,"max_hp_gain":5.0,"max_hp_loss":0.0,"gold_gain":0.0,"event_name":"Big Fish","player_choice":"Donut","floor":8.0,"gold_loss":0.0,"damage_taken":0.0},{"damage_healed":0.0,"max_hp_gain":0.0,"max_hp_loss":0.0,"gold_gain":0.0,"event_name":"Mushrooms","player_choice":"Fought Mushrooms","floor":11.0,"gold_loss":0.0,"damage_taken":0.0},{"damage_healed":0.0,"max_hp_gain":0.0,"max_hp_loss":0.0,"gold_gain":0.0,"event_name":"Upgrade Shrine","player_choice":"Upgraded","floor":20.0,"gold_loss":0.0,"damage_taken":0.0,"cards_upgraded":["Self Repair"]},{"damage_healed":0.0,"max_hp_gain":0.0,"max_hp_loss":0.0,"gold_gain":0.0,"cards_transformed":["Defend_B"],"event_name":"Transmorgrifier","player_choice":"Transformed","floor":36.0,"gold_loss":0.0,"damage_taken":0.0,"cards_obtained":["Cold Snap"]}],"is_beta":true,"boss_relics":[{"not_picked":["Orrery","Cursed Key"],"picked":"Fusion Hammer"},{"not_picked":["Lizard Tail","Runic Dome"],"picked":"Astrolabe"}],"items_purged_floors":[5,30],"is_endless":false,"potions_floor_spawned":[1,4,12,13,19,22,23,24,27,28,33,35],"killed_by":"Reptomancer","ascension_level":19}