{"gold_per_floor":[110,110,122,133,133,133,150,178,178,60,60,79,110,130,130,205,205,215,232,244,261,278,278,493,493,493,503,503],"floor_reached":28,"playtime":882,"items_purged":["Strike_R"],"score":468,"play_id":"14bd4cc9-2b18-43da-8bee-a8bcc3889e37","local_time":"20190515104354","is_ascension_mode":true,"campfire_choices":[{"data":"Bash","floor":6,"key":"SMITH"},{"floor":15,"key":"REST"},{"floor":23,"key":"REST"},{"data":"True Grit","floor":25,"key":"SMITH"}],"neow_cost":"NONE","seed_source_timestamp":3134671858400,"circlet_count":0,"master_deck":["AscendersBane","Strike_R","Strike_R","Defend_R","Defend_R","Defend_R","Defend_R","Bash+1","Twin Strike","Inflame","Twin Strike","Disarm","Shrug It Off","Metallicize","Feel No Pain","Havoc","Headbutt","Bludgeon","Offering","True Grit+1","Pommel Strike+1","Shrug It Off","Intimidate","True Grit","Sentinel"],"relics":["Burning Blood","Pear","Ornamental Fan","Oddly Smooth Stone","Matryoshka","Mark of Pain","Old Coin","Omamori","Paper Frog"],"potions_floor_usage":[8,13,21,28,28],"damage_taken":[{"damage":1,"enemies":"Cultist","floor":1,"turns":3},{"damage":7,"enemies":"Small Slimes","floor":3,"turns":3},{"damage":4,"enemies":"Jaw Worm","floor":4,"turns":3},{"damage":21,"enemies":"Large Slime","floor":7,"turns":6},{"damage":25,"enemies":"Lagavulin","floor":8,"turns":5},{"damage":15,"enemies":"3 Louse","floor":12,"turns":6},{"damage":18,"enemies":"Gremlin Nob","floor":13,"turns":4},{"damage":0,"enemies":"Looter","floor":14,"turns":4},{"damage":33,"enemies":"The Guardian","floor":16,"turns":13},{"damage":12,"enemies":"Shell Parasite","floor":18,"turns":4},{"damage":26,"enemies":"Chosen","floor":19,"turns":6},{"damage":12,"enemies":"Snecko","floor":20,"turns":3},{"damage":20,"enemies":"Snake Plant","floor":21,"turns":3},{"damage":7,"enemies":"Centurion and Healer","floor":22,"turns":7},{"damage":33,"enemies":"Shelled Parasite and Fungi","floor":27,"turns":7},{"damage":34,"enemies":"Book of Stabbing","floor":28,"turns":4}],"seed_played":"1104410934598877040","potions_obtained":[{"floor":1,"key":"Strength Potion"},{"floor":12,"key":"Strength Potion"},{"floor":13,"key":"Ancient Potion"},{"floor":16,"key":"Explosive Potion"},{"floor":18,"key":"Block Potion"},{"floor":27,"key":"Regen Potion"}],"is_trial":false,"path_per_floor":["M","?","M","M","?","R","M","E","T","$","?","M","E","M","R","B",null,"M","M","M","M","M","R","?","R","T","M","E"],"character_chosen":"IRONCLAD","items_purchased":["Feel No Pain"],"campfire_rested":2,"item_purchase_floors":[10],"current_hp_per_floor":[73,66,65,67,67,67,52,43,43,43,38,29,17,23,48,21,69,63,43,37,23,22,47,47,47,47,20,0],"gold":503,"neow_bonus":"THREE_CARDS","is_prod":false,"is_daily":false,"chose_seed":false,"campfire_upgraded":2,"win_rate":0,"timestamp":1557909834,"path_taken":["M","?","M","M","?","R","M","E","T","?","?","M","E","M","R","BOSS","M","M","M","M","M","R","?","R","T","M","E"],"build_version":"2019-05-07","purchased_purges":1,"victory":false,"max_hp_per_floor":[75,75,75,75,75,75,75,85,85,85,85,85,85,85,85,85,85,85,85,85,85,85,85,85,85,85,85,85],"card_choices":[{"not_picked":["Clash","Shrug It Off"],"picked":"Twin Strike","floor":0},{"not_picked":["Metallicize","True Grit"],"picked":"Inflame","floor":1},{"not_picked":["Body Slam","Power Through"],"picked":"Twin Strike","floor":3},{"not_picked":["Rupture","Sever Soul"],"picked":"Disarm","floor":4},{"not_picked":["Perfected Strike","Armaments"],"picked":"Shrug It Off","floor":7},{"not_picked":["Body Slam","Iron Wave"],"picked":"Metallicize","floor":8},{"not_picked":["Entrench","Seeing Red"],"picked":"Havoc","floor":12},{"not_picked":["Wild Strike","Clash"],"picked":"Headbutt","floor":13},{"not_picked":["Heavy Blade","Iron Wave"],"picked":"Bludgeon","floor":14},{"not_picked":["Immolate","Feed"],"picked":"Offering","floor":16},{"not_picked":["Cleave+1","Warcry"],"picked":"True Grit","floor":18},{"not_picked":["Uppercut","Warcry"],"picked":"Pommel Strike+1","floor":19},{"not_picked":["Havoc","Reckless Charge"],"picked":"Shrug It Off","floor":20},{"not_picked":["Pommel Strike","Iron Wave"],"picked":"Intimidate","floor":21},{"not_picked":["Whirlwind","Cleave"],"picked":"True Grit","floor":22},{"not_picked":["Flex","Wild Strike"],"picked":"Sentinel","floor":27}],"player_experience":713203,"relics_obtained":[{"floor":8,"key":"Pear"},{"floor":9,"key":"Ornamental Fan"},{"floor":13,"key":"Matryoshka"},{"floor":26,"key":"Omamori"},{"floor":26,"key":"Paper Frog"}],"event_choices":[{"cards_removed":["Strike_R"],"damage_healed":0,"gold_gain":0,"player_choice":"Card Removal","damage_taken":7,"max_hp_gain":0,"max_hp_loss":0,"event_name":"Golden Wing","floor":2,"gold_loss":0},{"cards_removed":["Strike_R"],"damage_healed":0,"gold_gain":0,"player_choice":"Forget","damage_taken":0,"max_hp_gain":0,"max_hp_loss":0,"event_name":"Living Wall","floor":5,"gold_loss":0},{"damage_healed":0,"gold_gain":0,"player_choice":"Success","damage_taken":5,"relics_obtained":["Oddly Smooth Stone"],"max_hp_gain":0,"max_hp_loss":0,"event_name":"Scrap Ooze","floor":11,"gold_loss":0},{"damage_healed":0,"gold_gain":0,"player_choice":"Obtained Relic","damage_taken":0,"relics_obtained":["Old Coin"],"max_hp_gain":0,"max_hp_loss":0,"event_name":"Addict","floor":24,"gold_loss":85}],"is_beta":true,"boss_relics":[{"not_picked":["Runic Cube","Busted Crown"],"picked":"Mark of Pain"}],"items_purged_floors":[10],"is_endless":false,"potions_floor_spawned":[1,12,13,16,18,19,27],"killed_by":"Book of Stabbing","ascension_level":20}