{"gold_per_floor":[114,189,189,204,219,249,424,439,464,464,479,509,569,584,584,684,684,699,714,104,119,169,169,199,214,239,254,269,284,299,314,314,414,414,429,57,82,112,37,37,67,67,142,142,157,172,187,202,202,202],"floor_reached":51,"playtime":3998,"items_purged":["Doubt"],"score":955,"play_id":"64368ad4-f57d-49ee-8f63-3ae71095cfbf","local_time":"20181023232351","daily_mods":["Shiny","ControlledChaos","DeadlyEvents"],"is_ascension_mode":false,"campfire_choices":[{"data":"Corruption","floor":10,"key":"SMITH"},{"data":"Barricade","floor":15,"key":"SMITH"},{"data":"Dark Embrace","floor":23,"key":"SMITH"},{"data":"Demon Form","floor":32,"key":"SMITH"},{"data":"Offering","floor":40,"key":"SMITH"},{"data":"Apotheosis","floor":42,"key":"SMITH"},{"data":"Dark Embrace","floor":44,"key":"SMITH"},{"data":"Seeing Red","floor":49,"key":"SMITH"}],"neow_cost":"","seed_source_timestamp":0,"circlet_count":0,"master_deck":["Double Tap","Demon Form+1","Bludgeon","Feed","Limit Break","Barricade+1","Fiend Fire","Dark Embrace+1","Impervious","Juggernaut","Brutality","Reaper","Exhume","Offering+1","Immolate+1","Heavy Blade","Thunderclap+1","Second Wind","Exhume","Corruption+1","Spot Weakness","Seeing Red+1","Body Slam","Impervious","Impervious+1","Havoc","Headbutt","Immolate","Dark Shackles","Flex+1","Cleave","Warcry","Flex","Ghostly Armor+1","Twin Strike","True Grit","Shrug It Off","Battle Trance+1","Hemokinesis","Battle Trance+1","Dark Embrace+1","Wild Strike","Apotheosis+1","Shrug It Off","Flex","Sentinel","Power Through+1","Iron Wave+1","Whirlwind+1","Sentinel+1"],"special_seed":17828,"relics":["Black Blood","Frozen Eye","PreservedInsect","Oddly Smooth Stone","Whetstone","Tiny Chest","Busted Crown","Orichalcum","Boot","Champion Belt","Red Skull","Anchor","Bag of Preparation","Blood Vial","War Paint","Self Forming Clay"],"potions_floor_usage":[8,11,13,19,21,24,25,29,46,47],"damage_taken":[{"damage":11,"enemies":"Jaw Worm","floor":1,"turns":3},{"damage":6,"enemies":"Small Slimes","floor":4,"turns":2},{"damage":6,"enemies":"Cultist","floor":5,"turns":3},{"damage":15,"enemies":"3 Sentries","floor":6,"turns":6},{"damage":29,"enemies":"Exordium Wildlife","floor":8,"turns":3},{"damage":17,"enemies":"2 Fungi Beasts","floor":11,"turns":3},{"damage":15,"enemies":"Gremlin Nob","floor":12,"turns":3},{"damage":0,"enemies":"Lagavulin","floor":13,"turns":2},{"damage":6,"enemies":"Looter","floor":14,"turns":1},{"damage":43,"enemies":"Hexaghost","floor":16,"turns":8},{"damage":27,"enemies":"2 Thieves","floor":18,"turns":4},{"damage":0,"enemies":"Shell Parasite","floor":19,"turns":3},{"damage":28,"enemies":"Snake Plant","floor":21,"turns":4},{"damage":28,"enemies":"Book of Stabbing","floor":24,"turns":4},{"damage":31,"enemies":"Shelled Parasite and Fungi","floor":25,"turns":4},{"damage":6,"enemies":"Snecko","floor":27,"turns":3},{"damage":6,"enemies":"Chosen and Byrds","floor":28,"turns":5},{"damage":2,"enemies":"Cultist and Chosen","floor":29,"turns":2},{"damage":15,"enemies":"Snake Plant","floor":30,"turns":3},{"damage":0,"enemies":"3 Cultists","floor":31,"turns":3},{"damage":12,"enemies":"Champ","floor":33,"turns":6},{"damage":16,"enemies":"Orb Walker","floor":35,"turns":4},{"damage":6,"enemies":"Giant Head","floor":38,"turns":2},{"damage":48,"enemies":"Nemesis","floor":41,"turns":5},{"damage":0,"enemies":"3 Shapes","floor":45,"turns":2},{"damage":27,"enemies":"Jaw Worm Horde","floor":46,"turns":4},{"damage":10,"enemies":"Sphere and 2 Shapes","floor":47,"turns":4},{"damage":9,"enemies":"Spire Growth","floor":48,"turns":4},{"damage":29,"enemies":"Time Eater","floor":50,"turns":8}],"seed_played":"1393091193090415519","potions_obtained":[{"floor":4,"key":"SpeedPotion"},{"floor":5,"key":"Strength Potion"},{"floor":8,"key":"PowerPotion"},{"floor":12,"key":"Swift Potion"},{"floor":16,"key":"Fire Potion"},{"floor":19,"key":"EssenceOfSteel"},{"floor":24,"key":"Weak Potion"},{"floor":25,"key":"BloodPotion"},{"floor":28,"key":"LiquidBronze"},{"floor":30,"key":"BloodPotion"},{"floor":41,"key":"LiquidBronze"},{"floor":46,"key":"Regen Potion"}],"is_trial":false,"path_per_floor":["M","?","?","M","M","E","?","M","T","R","M","E","E","M","R","B",null,"M","M","$","M","T","R","E","M","T","M","M","M","M","M","R","B",null,"M","$","T","E","$","R","E","R","T","R","M","M","M","M","R","B"],"character_chosen":"IRONCLAD","items_purchased":["Orichalcum","Immolate","Dark Shackles","Flex","Cleave","Warcry","Apotheosis","Anchor","Shrug It Off","Sentinel"],"campfire_rested":0,"item_purchase_floors":[20,20,20,20,20,20,36,36,36,39],"current_hp_per_floor":[78,67,93,93,93,84,84,70,70,70,70,61,67,67,67,30,93,89,95,95,81,81,81,63,47,47,47,47,51,42,48,48,87,99,93,93,93,97,97,97,61,61,61,61,99,98,99,99,99,80],"gold":202,"neow_bonus":"","is_prod":false,"is_daily":true,"chose_seed":false,"campfire_upgraded":8,"win_rate":0,"timestamp":1540358631,"path_taken":["M","?","?","M","M","E","?","?","T","R","M","?","E","M","R","BOSS","M","M","$","?","?","R","E","M","T","M","?","M","M","M","R","BOSS","M","?","?","?","$","R","E","R","T","R","M","M","?","M","R","BOSS"],"build_version":"2018-10-18","purchased_purges":1,"victory":true,"max_hp_per_floor":[83,83,93,93,93,93,93,93,93,93,93,93,93,93,93,93,93,96,96,96,96,96,96,96,99,99,99,99,99,99,99,99,99,99,99,99,99,99,99,99,99,99,99,99,99,99,99,99,99,99],"card_choices":[{"not_picked":["Flex","Sentinel"],"picked":"Heavy Blade","floor":1},{"not_picked":["Uppercut","Body Slam"],"picked":"Thunderclap","floor":4},{"not_picked":["Disarm","Armaments"],"picked":"Second Wind","floor":5},{"not_picked":["Carnage","Reckless Charge"],"picked":"Exhume","floor":6},{"not_picked":["Wild Strike","Heavy Blade"],"picked":"Corruption","floor":8},{"not_picked":["Twin Strike","Pommel Strike"],"picked":"Spot Weakness","floor":11},{"not_picked":["Armaments","Spot Weakness"],"picked":"Seeing Red","floor":12},{"not_picked":["Cleave","Combust"],"picked":"Body Slam","floor":13},{"not_picked":["Corruption","Dropkick"],"picked":"Impervious","floor":14},{"not_picked":["Juggernaut","Bludgeon"],"picked":"Impervious","floor":16},{"not_picked":[],"picked":"Havoc","floor":18},{"not_picked":[],"picked":"Headbutt","floor":19},{"not_picked":[],"picked":"Flex","floor":21},{"not_picked":[],"picked":"Ghostly Armor+1","floor":24},{"not_picked":[],"picked":"Twin Strike","floor":25},{"not_picked":[],"picked":"True Grit","floor":27},{"not_picked":[],"picked":"Shrug It Off","floor":28},{"not_picked":[],"picked":"Battle Trance+1","floor":29},{"not_picked":[],"picked":"Hemokinesis","floor":30},{"not_picked":[],"picked":"Battle Trance+1","floor":31},{"not_picked":[],"picked":"Dark Embrace","floor":33},{"not_picked":[],"picked":"Wild Strike","floor":35},{"not_picked":[],"picked":"Flex","floor":38},{"not_picked":[],"picked":"Power Through+1","floor":41},{"not_picked":[],"picked":"Iron Wave+1","floor":45},{"not_picked":[],"picked":"Whirlwind+1","floor":46},{"not_picked":["Searing Blow+1"],"picked":"SKIP","floor":47},{"not_picked":[],"picked":"Sentinel+1","floor":48}],"player_experience":124186,"relics_obtained":[{"floor":6,"key":"PreservedInsect"},{"floor":9,"key":"Oddly Smooth Stone"},{"floor":12,"key":"Whetstone"},{"floor":13,"key":"Tiny Chest"},{"floor":22,"key":"Boot"},{"floor":24,"key":"Champion Belt"},{"floor":26,"key":"Red Skull"},{"floor":37,"key":"Bag of Preparation"},{"floor":38,"key":"Blood Vial"},{"floor":41,"key":"War Paint"},{"floor":43,"key":"Self Forming Clay"}],"event_choices":[{"damage_healed":0,"gold_gain":75,"player_choice":"Gather Gold","damage_taken":11,"max_hp_gain":0,"max_hp_loss":0,"event_name":"World of Goop","floor":2,"gold_loss":0},{"cards_removed":["Berserk"],"damage_healed":16,"gold_gain":0,"player_choice":"Offered Rare","damage_taken":0,"max_hp_gain":10,"max_hp_loss":0,"event_name":"Bonfire Elementals","floor":3,"gold_loss":0},{"damage_healed":0,"gold_gain":175,"player_choice":"AGREE","damage_taken":0,"max_hp_gain":0,"max_hp_loss":0,"event_name":"Liars Game","floor":7,"gold_loss":0,"cards_obtained":["Doubt"]}],"is_beta":false,"boss_relics":[{"not_picked":["Snecko Eye","Calling Bell"],"picked":"Busted Crown"},{"not_picked":["Runic Dome","White Beast Statue"],"picked":"Black Blood"}],"items_purged_floors":[20],"is_endless":false,"potions_floor_spawned":[4,5,8,12,16,19,24,25,28,30,41,46],"ascension_level":0}