{"gold_per_floor":[114,125,143,160,235,268,268,299,345,345,345,65,81,81],"floor_reached":14,"playtime":661,"items_purged":["Injury"],"score":115,"play_id":"8f903891-794b-41f9-9105-ce2f1733db67","local_time":"20190506033652","is_ascension_mode":true,"campfire_choices":[{"floor":7,"key":"REST"},{"floor":10,"key":"REST"}],"neow_cost":"TEN_PERCENT_HP_LOSS","seed_source_timestamp":2031476327635085,"circlet_count":0,"master_deck":["Strike_B","Strike_B","Strike_B","Strike_B","Defend_B","Defend_B","Defend_B","Defend_B","Zap","Dualcast","Discovery","Madness","Ball Lightning","Gash","Gash","Reboot","Ball Lightning","Machine Learning","FTL","Skim","Beam Cell","Streamline"],"relics":["Cracked Core","Happy Flower","Symbiotic Virus","DataDisk","Golden Idol"],"potions_floor_usage":[4,6,6],"damage_taken":[{"damage":0,"enemies":"Small Slimes","floor":1,"turns":3},{"damage":5,"enemies":"Jaw Worm","floor":2,"turns":4},{"damage":5,"enemies":"2 Louse","floor":3,"turns":3},{"damage":7,"enemies":"Large Slime","floor":4,"turns":4},{"damage":28,"enemies":"Lagavulin","floor":6,"turns":4},{"damage":25,"enemies":"3 Sentries","floor":8,"turns":5},{"damage":0,"enemies":"Exordium Wildlife","floor":13,"turns":1},{"damage":30,"enemies":"Lagavulin","floor":14,"turns":3}],"seed_played":"-6710755335785264403","potions_obtained":[{"floor":2,"key":"Explosive Potion"},{"floor":3,"key":"FearPotion"},{"floor":4,"key":"PowerPotion"}],"is_trial":false,"path_per_floor":["M","M","M","M","?","E","R","E","T","R","?","$","M","E"],"character_chosen":"DEFECT","items_purchased":["FTL","Skim","Beam Cell"],"campfire_rested":2,"item_purchase_floors":[12,12,12],"current_hp_per_floor":[68,63,58,51,40,12,32,7,7,27,27,27,27,0],"gold":81,"neow_bonus":"RANDOM_COLORLESS_2","is_prod":false,"is_daily":false,"chose_seed":false,"campfire_upgraded":0,"win_rate":0,"timestamp":1557135412,"path_taken":["M","M","M","M","?","E","R","E","T","R","?","$","M","E"],"build_version":"2019-01-23","purchased_purges":1,"victory":false,"max_hp_per_floor":[68,68,68,68,68,68,68,68,68,68,68,68,68,68],"card_choices":[{"not_picked":["Beam Cell","Capacitor"],"picked":"Ball Lightning","floor":1},{"not_picked":["Barrage","Rebound"],"picked":"Gash","floor":2},{"not_picked":["Doom and Gloom","Turbo"],"picked":"Gash","floor":3},{"not_picked":["Rebound","Hologram"],"picked":"Reboot","floor":4},{"not_picked":["BootSequence","Beam Cell"],"picked":"Ball Lightning","floor":6},{"not_picked":["Hyperbeam","Compile Driver"],"picked":"Machine Learning","floor":8},{"not_picked":["Fusion","Cold Snap"],"picked":"Streamline","floor":13}],"player_experience":167983,"relics_obtained":[{"floor":6,"key":"Happy Flower"},{"floor":8,"key":"Symbiotic Virus"},{"floor":9,"key":"DataDisk"}],"event_choices":[{"damage_healed":0,"gold_gain":75,"player_choice":"Gather Gold","damage_taken":11,"max_hp_gain":0,"max_hp_loss":0,"event_name":"World of Goop","floor":5,"gold_loss":0},{"damage_healed":0,"gold_gain":0,"player_choice":"Take Wound","damage_taken":0,"relics_obtained":["Golden Idol"],"max_hp_gain":0,"max_hp_loss":0,"event_name":"Golden Idol","floor":11,"gold_loss":0,"cards_obtained":["Injury"]}],"is_beta":false,"boss_relics":[],"items_purged_floors":[12],"is_endless":false,"potions_floor_spawned":[2,3,4],"killed_by":"Lagavulin","ascension_level":3}