{"gold_per_floor":[110,124,94,113,129,129,147,177,177,177,194,194,207,217,217,320,320,335,360,460,480,494,494,511,521,547,560,188,188,24,42,42,141,141,159,175,185,0,10,37,54,54,125,125,145,145,173,0,0,0],"floor_reached":51,"playtime":7831,"items_purged":["Strike_B","Defend_B","Strike_B"],"score":742,"play_id":"7e894be3-686d-4931-9bff-9ce38260fea3","local_time":"20190606194520","is_ascension_mode":false,"campfire_choices":[{"floor":6.0,"key":"REST"},{"floor":10.0,"key":"REST"},{"data":"Go for the Eyes","floor":15.0,"key":"SMITH"},{"floor":23.0,"key":"REST"},{"floor":29.0,"key":"REST"},{"floor":32.0,"key":"REST"},{"floor":42,"key":"REST"},{"data":"Dualcast","floor":44,"key":"SMITH"},{"floor":46,"key":"REST"},{"floor":49,"key":"REST"}],"neow_cost":"NONE","seed_source_timestamp":0,"circlet_count":0,"master_deck":["Strike_B","Strike_B","Defend_B+1","Defend_B","Defend_B+1","Zap+1","Dualcast+1","Go for the Eyes+1","Streamline","Coolheaded","Coolheaded","Steam+1","Hologram+1","Conserve Battery+1","Multi-Cast+1","Redo+1","Conserve Battery+1","Ball Lightning","Lockon+1","Melter","Blizzard+1","Ball Lightning","Leap+1","Auto Shields+1","Compile Driver+1","Rainbow+1","Hologram+1","Barrage","Sweeping Beam+1","Consume+1","Steam+1","Steam+1","Parasite","Stack+1","Gash","Chaos+1"],"special_seed":0,"relics":["Cracked Core","Bag of Marbles","Toxic Egg 2","Lizard Tail","Happy Flower","War Paint","Membership Card","Regal Pillow","Oddly Smooth Stone","Inserter","Lee\u0027s Waffle","Unceasing Top","Meat on the Bone","Ornamental Fan","Red Mask"],"potions_floor_usage":[36,37,39,40,41],"damage_taken":[{"damage":2.0,"enemies":"Small Slimes","floor":1.0,"turns":3.0},{"damage":1.0,"enemies":"Cultist","floor":2.0,"turns":3.0},{"damage":7.0,"enemies":"2 Louse","floor":4.0,"turns":3.0},{"damage":3.0,"enemies":"Red Slaver","floor":5.0,"turns":4.0},{"damage":1.0,"enemies":"Exordium Thugs","floor":7.0,"turns":3.0},{"damage":22.0,"enemies":"Lagavulin","floor":8.0,"turns":7.0},{"damage":11.0,"enemies":"3 Louse","floor":11.0,"turns":5.0},{"damage":0.0,"enemies":"Blue Slaver","floor":13.0,"turns":3.0},{"damage":0.0,"enemies":"Looter","floor":14.0,"turns":2.0},{"damage":0.0,"enemies":"The Guardian","floor":16.0,"turns":12.0},{"damage":0.0,"enemies":"Shell Parasite","floor":18.0,"turns":9.0},{"damage":0.0,"enemies":"Spheric Guardian","floor":21.0,"turns":3.0},{"damage":14.0,"enemies":"Snake Plant","floor":22.0,"turns":4.0},{"damage":20.0,"enemies":"Centurion and Healer","floor":24.0,"turns":13.0},{"damage":4.0,"enemies":"Snecko","floor":25.0,"turns":5.0},{"damage":17.0,"enemies":"Snake Plant","floor":27.0,"turns":6.0},{"damage":25.0,"enemies":"Cultist and Chosen","floor":31.0,"turns":11.0},{"damage":84.0,"enemies":"Automaton","floor":33.0,"turns":15.0},{"damage":0,"enemies":"3 Shapes","floor":35,"turns":5},{"damage":7,"enemies":"Orb Walker","floor":36,"turns":4},{"damage":13,"enemies":"Jaw Worm Horde","floor":37,"turns":6},{"damage":1,"enemies":"Maw","floor":39,"turns":8},{"damage":54,"enemies":"Giant Head","floor":40,"turns":12},{"damage":12,"enemies":"Writhing Mass","floor":41,"turns":6},{"damage":0,"enemies":"Spire Growth","floor":45,"turns":7},{"damage":43,"enemies":"Nemesis","floor":47,"turns":13},{"damage":45,"enemies":"Time Eater","floor":50,"turns":15}],"seed_played":"775539712704514765","potions_obtained":[{"floor":3.0,"key":"PowerPotion"},{"floor":3.0,"key":"EntropicBrew"},{"floor":5.0,"key":"PowerPotion"},{"floor":7.0,"key":"Explosive Potion"},{"floor":11.0,"key":"FocusPotion"},{"floor":18.0,"key":"LiquidBronze"},{"floor":24.0,"key":"SkillPotion"},{"floor":25.0,"key":"SneckoOil"},{"floor":27.0,"key":"SteroidPotion"},{"floor":31.0,"key":"Ancient Potion"},{"floor":33.0,"key":"Weak Potion"},{"floor":36,"key":"SpeedPotion"},{"floor":37,"key":"SteroidPotion"},{"floor":40,"key":"SkillPotion"}],"is_trial":false,"path_per_floor":["M","M","?","M","M","R","M","E","T","R","M","?","M","M","R","B",null,"M","T","?","M","M","R","M","M","T","M","$","R","$","M","R","B",null,"M","M","M","$","M","E","M","R","T","R","M","R","E","?","R","B",null],"character_chosen":"DEFECT","items_purchased":["Membership Card","Regal Pillow","Ball Lightning","Leap+1","Oddly Smooth Stone","Auto Shields+1","Consume+1","Lee\u0027s Waffle"],"campfire_rested":8,"item_purchase_floors":[28,28,28,28,30,30,38,38],"current_hp_per_floor":[80,79,79,72,69,82,81,59,59,82,71,71,71,71,71,71,82,82,82,82,82,68,82,62,58,58,41,41,80,80,55,82,41,82,82,75,62,89,88,34,22,63,63,63,63,89,46,46,87,54],"gold":0,"neow_bonus":"TEN_PERCENT_HP_BONUS","is_prod":false,"is_daily":false,"chose_seed":false,"campfire_upgraded":2,"win_rate":0.0,"timestamp":1559864720,"path_taken":["M","M","?","M","?","R","M","E","T","R","M","?","M","M","R","BOSS","M","?","?","?","M","R","M","M","T","M","$","R","?","M","R","BOSS","M","M","M","$","M","E","M","R","T","R","M","R","E","?","R","BOSS"],"build_version":"2019-01-23","purchased_purges":3,"victory":true,"max_hp_per_floor":[82,82,82,82,82,82,82,82,82,82,82,82,82,82,82,82,82,82,82,82,82,82,82,82,82,82,82,82,82,82,82,82,82,82,82,82,82,89,89,89,89,89,89,89,89,89,89,89,89,89],"card_choices":[{"not_picked":["Gash","Fusion"],"picked":"Go for the Eyes","floor":1.0},{"not_picked":["Double Energy","White Noise"],"picked":"Streamline","floor":2.0},{"not_picked":["Reprogram","Heatsinks","Gash"],"picked":"SKIP","floor":4.0},{"not_picked":["Steam Power","Double Energy"],"picked":"Coolheaded","floor":5.0},{"not_picked":["Blizzard","Beam Cell","Aggregate"],"picked":"SKIP","floor":7.0},{"not_picked":["Hologram","Self Repair"],"picked":"Coolheaded","floor":8.0},{"not_picked":["Sweeping Beam","Aggregate+1"],"picked":"Steam+1","floor":11.0},{"not_picked":["Double Energy+1","Fission+1"],"picked":"Hologram+1","floor":13.0},{"not_picked":["Streamline","Capacitor"],"picked":"Conserve Battery+1","floor":14.0},{"not_picked":["Amplify+1","Reboot+1"],"picked":"Multi-Cast+1","floor":16.0},{"not_picked":["White Noise+1","Go for the Eyes+1"],"picked":"Redo+1","floor":18.0},{"not_picked":["Sweeping Beam","Gash"],"picked":"Conserve Battery+1","floor":21.0},{"not_picked":["Coolheaded+1","Skim+1"],"picked":"Ball Lightning","floor":22.0},{"not_picked":["Ball Lightning","Steam+1"],"picked":"Lockon+1","floor":24.0},{"not_picked":["Compile Driver","Hologram+1"],"picked":"Melter","floor":25.0},{"not_picked":["Reinforced Body+1","Barrage"],"picked":"Blizzard+1","floor":27.0},{"not_picked":["Steam+1","Hologram+1"],"picked":"Compile Driver+1","floor":31.0},{"not_picked":["Amplify+1","Electrodynamics"],"picked":"Rainbow+1","floor":33.0},{"not_picked":["Hello World","Heatsinks"],"picked":"Hologram+1","floor":35},{"not_picked":["Reinforced Body+1","Compile Driver+1"],"picked":"Barrage","floor":36},{"not_picked":["FTL+1","Compile Driver+1"],"picked":"Sweeping Beam+1","floor":37},{"not_picked":["Fusion+1","Rip and Tear+1"],"picked":"Steam+1","floor":39},{"not_picked":["Aggregate+1","Ball Lightning"],"picked":"Steam+1","floor":40},{"not_picked":["Ball Lightning+1","Multi-Cast+1"],"picked":"Stack+1","floor":41},{"not_picked":["Barrage","Consume+1"],"picked":"Gash","floor":45},{"not_picked":["Rip and Tear","Gash+1"],"picked":"Chaos+1","floor":47}],"player_experience":27438,"relics_obtained":[{"floor":8.0,"key":"Bag of Marbles"},{"floor":9.0,"key":"Toxic Egg 2"},{"floor":19.0,"key":"Happy Flower"},{"floor":26.0,"key":"War Paint"},{"floor":40,"key":"Unceasing Top"},{"floor":43,"key":"Meat on the Bone"},{"floor":47,"key":"Ornamental Fan"}],"event_choices":[{"damage_healed":0.0,"max_hp_gain":0.0,"max_hp_loss":0.0,"gold_gain":0.0,"event_name":"The Woman in Blue","player_choice":"Bought 2 Potions","floor":3.0,"gold_loss":0.0,"damage_taken":0.0},{"damage_healed":0.0,"max_hp_gain":0.0,"max_hp_loss":0.0,"gold_gain":0.0,"event_name":"Upgrade Shrine","player_choice":"Upgraded","floor":12.0,"gold_loss":0.0,"damage_taken":0.0,"cards_upgraded":["Zap"]},{"damage_healed":0.0,"max_hp_gain":0.0,"max_hp_loss":0.0,"gold_gain":100.0,"event_name":"Golden Shrine","player_choice":"Pray","floor":20.0,"gold_loss":0.0,"damage_taken":0.0},{"damage_healed":0,"gold_gain":0,"player_choice":"Paid","damage_taken":0,"relics_obtained":["Red Mask"],"max_hp_gain":0,"max_hp_loss":0,"event_name":"Tomb of Lord Red Mask","floor":48,"gold_loss":173}],"is_beta":false,"boss_relics":[{"not_picked":["Busted Crown","Philosopher\u0027s Stone"],"picked":"Lizard Tail"},{"not_picked":["Velvet Choker","Eternal Feather"],"picked":"Inserter"}],"items_purged_floors":[28,30,38],"is_endless":false,"potions_floor_spawned":[5,7,11,18,24,25,27,31,33,36,37,40],"ascension_level":0}