{"gold_per_floor":[119,133,133,1,21,21,51,51,51,83,83,83,83],"floor_reached":13,"playtime":703,"items_purged":[],"score":105,"play_id":"f1f2776b-6d67-473e-a41d-af69d33fc49f","local_time":"20190509005054","is_ascension_mode":true,"campfire_choices":[{"floor":6,"key":"REST"},{"floor":8,"key":"REST"},{"floor":12,"key":"REST"}],"neow_cost":"PERCENT_DAMAGE","seed_source_timestamp":2280718636166931,"circlet_count":0,"master_deck":["Strike_B","Strike_B","Strike_B","Defend_B","Defend_B","Defend_B","Defend_B","Zap","Dualcast","Turbo","Conserve Battery","Conserve Battery","Double Energy","Beam Cell","Gash","Conserve Battery","Turbo","Reboot"],"relics":["Cracked Core","Singing Bowl","Ornamental Fan","Question Card","Sundial"],"potions_floor_usage":[10,13],"damage_taken":[{"damage":10,"enemies":"Small Slimes","floor":1,"turns":3},{"damage":2,"enemies":"Jaw Worm","floor":2,"turns":6},{"damage":0,"enemies":"2 Louse","floor":5,"turns":3},{"damage":38,"enemies":"3 Sentries","floor":7,"turns":8},{"damage":28,"enemies":"Lagavulin","floor":10,"turns":10},{"damage":61,"enemies":"Gremlin Nob","floor":13,"turns":4}],"seed_played":"6288103667470778817","potions_obtained":[{"floor":2,"key":"Dexterity Potion"},{"floor":10,"key":"GamblersBrew"}],"is_trial":false,"path_per_floor":["M","M","?","$","M","R","E","R","T","E","?","R","E"],"character_chosen":"DEFECT","items_purchased":["Conserve Battery","Double Energy","Beam Cell"],"campfire_rested":3,"item_purchase_floors":[4,4,4],"current_hp_per_floor":[58,56,49,49,49,75,37,63,63,35,35,61,0],"gold":83,"neow_bonus":"TWENTY_PERCENT_HP_BONUS","is_prod":false,"is_daily":false,"chose_seed":false,"campfire_upgraded":0,"win_rate":0,"timestamp":1557384654,"path_taken":["M","M","?","$","M","R","E","R","T","E","?","R","E"],"build_version":"2019-01-23","purchased_purges":0,"victory":false,"max_hp_per_floor":[89,89,89,89,89,89,89,89,89,89,89,89,89],"card_choices":[{"not_picked":["Darkness","Barrage"],"picked":"Turbo","floor":1},{"not_picked":["Barrage","Tempest"],"picked":"Conserve Battery","floor":2},{"not_picked":["Streamline","Auto Shields"],"picked":"Gash","floor":5},{"not_picked":["Double Energy","Barrage"],"picked":"Conserve Battery","floor":7},{"not_picked":["Hologram","Melter","Steam"],"picked":"Turbo","floor":10}],"player_experience":170660,"relics_obtained":[{"floor":7,"key":"Ornamental Fan"},{"floor":9,"key":"Question Card"},{"floor":10,"key":"Sundial"}],"event_choices":[{"damage_healed":0,"gold_gain":0,"player_choice":"Success","damage_taken":7,"relics_obtained":["Singing Bowl"],"max_hp_gain":0,"max_hp_loss":0,"event_name":"Scrap Ooze","floor":3,"gold_loss":0},{"damage_healed":0,"gold_gain":0,"cards_transformed":["Strike_B"],"player_choice":"Change","damage_taken":0,"max_hp_gain":0,"max_hp_loss":0,"event_name":"Living Wall","floor":11,"gold_loss":0,"cards_obtained":["Reboot"]}],"is_beta":false,"boss_relics":[],"items_purged_floors":[],"is_endless":false,"potions_floor_spawned":[2,10],"killed_by":"Gremlin Nob","ascension_level":3}