{"gold_per_floor":[114,114,126,136,136,136,167,167,167,181,181,181,194,119,119,215,215,235,334,334,334,346,346,363,383,383,400,147,147,147,159,159,159],"floor_reached":33,"playtime":1993,"items_purged":["Strike_R","Defend_R"],"score":247,"play_id":"9e2e463d-326f-459c-9b31-e6f5a31cd34c","local_time":"20190619211136","is_ascension_mode":false,"campfire_choices":[{"data":"Bash","floor":6,"key":"SMITH"},{"data":"Entrench","floor":8,"key":"SMITH"},{"data":"Flex","floor":15,"key":"SMITH"},{"data":"Juggernaut","floor":23,"key":"SMITH"},{"floor":30,"key":"REST"},{"floor":32,"key":"RECALL"}],"neow_cost":"NONE","seed_source_timestamp":356741117202179,"circlet_count":0,"master_deck":["Strike_R","Strike_R","Strike_R","Strike_R","Defend_R","Defend_R","Defend_R","Bash+1","Cleave","Heavy Blade","Flex+1","Entrench+1","Ghostly Armor","Juggernaut+1","Battle Trance","Cleave","Body Slam","Searing Blow+1","Barricade","Thunderclap"],"relics":["Burning Blood","Self Forming Clay","Darkstone Periapt","Vajra","Happy Flower","Mummified Hand","Mark of Pain","MutagenicStrength","Nilry\u0027s Codex","Red Skull"],"potions_floor_usage":[7,16,24,27,27,31],"damage_taken":[{"damage":0,"enemies":"Small Slimes","floor":1,"turns":3},{"damage":1,"enemies":"Jaw Worm","floor":3,"turns":4},{"damage":6,"enemies":"2 Louse","floor":4,"turns":3},{"damage":37,"enemies":"3 Sentries","floor":7,"turns":12},{"damage":3,"enemies":"Exordium Wildlife","floor":10,"turns":4},{"damage":6,"enemies":"3 Louse","floor":13,"turns":3},{"damage":18,"enemies":"The Guardian","floor":16,"turns":12},{"damage":15,"enemies":"2 Thieves","floor":18,"turns":3},{"damage":18,"enemies":"3 Byrds","floor":22,"turns":4},{"damage":12,"enemies":"Centurion and Healer","floor":24,"turns":5},{"damage":11,"enemies":"Snake Plant","floor":25,"turns":4},{"damage":10,"enemies":"Snecko","floor":27,"turns":4},{"damage":10,"enemies":"Centurion and Healer","floor":31,"turns":3},{"damage":88,"enemies":"Collector","floor":33,"turns":7}],"seed_played":"1087969218022187938","potions_obtained":[{"floor":3,"key":"SneckoOil"},{"floor":7,"key":"SpeedPotion"},{"floor":13,"key":"Poison Potion"},{"floor":22,"key":"SteroidPotion"},{"floor":24,"key":"Fire Potion"},{"floor":25,"key":"Poison Potion"}],"is_trial":false,"path_per_floor":["M","?","M","M","T","R","E","R","T","M","?","T","M","$","R","B",null,"M","?","?","?","M","R","M","M","T","M","$","?","R","M","R","B"],"character_chosen":"IRONCLAD","items_purchased":["Red Skull"],"campfire_rested":1,"item_purchase_floors":[28],"current_hp_per_floor":[88,93,93,93,93,93,62,62,62,65,58,58,58,58,58,46,93,84,84,84,68,56,56,50,45,45,41,41,41,68,64,64,0],"gold":159,"neow_bonus":"TEN_PERCENT_HP_BONUS","is_prod":false,"is_daily":false,"chose_seed":false,"campfire_upgraded":4,"win_rate":0,"timestamp":1560993096,"path_taken":["M","?","M","M","?","R","E","R","T","M","?","?","M","$","R","BOSS","M","?","?","?","M","R","M","M","T","M","$","?","R","M","R","BOSS"],"build_version":"2019-01-23","purchased_purges":2,"victory":false,"max_hp_per_floor":[88,93,93,93,93,93,93,93,93,93,93,93,93,93,93,93,93,93,93,93,93,93,93,93,93,93,93,93,93,93,93,93,93],"card_choices":[{"not_picked":["Sword Boomerang","Perfected Strike"],"picked":"Cleave","floor":1},{"not_picked":["Iron Wave","Disarm"],"picked":"Heavy Blade","floor":3},{"not_picked":["Thunderclap","Carnage"],"picked":"Flex","floor":4},{"not_picked":["True Grit","Dual Wield"],"picked":"Entrench","floor":7},{"not_picked":["Corruption","Sword Boomerang","Hemokinesis"],"picked":"SKIP","floor":10},{"not_picked":["Heavy Blade","Warcry"],"picked":"Ghostly Armor","floor":13},{"not_picked":["Immolate","Impervious"],"picked":"Juggernaut","floor":16},{"not_picked":["Havoc","Corruption"],"picked":"Battle Trance","floor":18},{"not_picked":["Iron Wave","Perfected Strike+1"],"picked":"Cleave","floor":22},{"not_picked":["Headbutt+1","Wild Strike"],"picked":"Body Slam","floor":24},{"not_picked":["True Grit+1","Iron Wave"],"picked":"Searing Blow+1","floor":25},{"not_picked":["Anger","Flex"],"picked":"Barricade","floor":27},{"not_picked":["Hemokinesis","Sword Boomerang"],"picked":"Thunderclap","floor":31}],"player_experience":93616,"relics_obtained":[{"floor":5,"key":"Self Forming Clay"},{"floor":7,"key":"Darkstone Periapt"},{"floor":9,"key":"Vajra"},{"floor":12,"key":"Mummified Hand"},{"floor":21,"key":"Nilry\u0027s Codex"}],"event_choices":[{"damage_healed":0,"gold_gain":0,"player_choice":"Donut","damage_taken":0,"max_hp_gain":5,"max_hp_loss":0,"event_name":"Big Fish","floor":2,"gold_loss":0},{"damage_healed":0,"gold_gain":0,"player_choice":"Success","damage_taken":7,"relics_obtained":["Happy Flower"],"max_hp_gain":0,"max_hp_loss":0,"event_name":"Scrap Ooze","floor":11,"gold_loss":0},{"damage_healed":0,"gold_gain":99,"player_choice":"Stole From Cult","damage_taken":0,"max_hp_gain":0,"max_hp_loss":0,"event_name":"Nest","floor":19,"gold_loss":0},{"damage_healed":0,"gold_gain":0,"player_choice":"Inject Mutagens","damage_taken":0,"relics_obtained":["MutagenicStrength"],"max_hp_gain":0,"max_hp_loss":0,"event_name":"Drug Dealer","floor":20,"gold_loss":0},{"damage_healed":0,"gold_gain":0,"player_choice":"Obtained Book","damage_taken":16,"max_hp_gain":0,"max_hp_loss":0,"event_name":"Cursed Tome","floor":21,"gold_loss":0},{"damage_healed":0,"gold_gain":0,"player_choice":"Ignored","damage_taken":0,"max_hp_gain":0,"max_hp_loss":0,"event_name":"The Mausoleum","floor":29,"gold_loss":0}],"is_beta":false,"boss_relics":[{"not_picked":["Runic Dome","Astrolabe"],"picked":"Mark of Pain"}],"items_purged_floors":[14,28],"is_endless":false,"potions_floor_spawned":[3,7,13,22,24,25],"killed_by":"Collector","ascension_level":0}