{"gold_per_floor":[119,119,139,139,154,154,154,154,154,187,75,75,91,103,103,179,179,194,214,489,502,502],"floor_reached":22,"playtime":662,"items_purged":["Strike_G"],"score":363,"play_id":"7f6879f8-db45-40d5-b756-d6ef3a655759","local_time":"20190612194536","is_ascension_mode":true,"campfire_choices":[{"data":"Poisoned Stab","floor":6.0,"key":"SMITH"},{"data":"Deflect","floor":8.0,"key":"SMITH"},{"floor":12.0,"key":"REST"},{"floor":15.0,"key":"REST"}],"neow_cost":"NONE","seed_source_timestamp":0,"circlet_count":0,"master_deck":["AscendersBane","Strike_G+1","Defend_G","Defend_G","Defend_G","Defend_G","Defend_G","Survivor","Neutralize+1","Flying Knee","Deflect+1","Poisoned Stab+1","Outmaneuver","Noxious Fumes","Caltrops","Envenom","Poisoned Stab","After Image","Footwork","Poisoned Stab","Regret"],"special_seed":0,"relics":["Ring of the Snake","Pen Nib","Pantograph","Snake Skull","Empty Cage"],"potions_floor_usage":[],"damage_taken":[{"damage":0.0,"enemies":"2 Louse","floor":1.0,"turns":4.0},{"damage":4.0,"enemies":"Jaw Worm","floor":3.0,"turns":4.0},{"damage":0.0,"enemies":"Small Slimes","floor":5.0,"turns":3.0},{"damage":24.0,"enemies":"3 Sentries","floor":10.0,"turns":13.0},{"damage":0.0,"enemies":"Blue Slaver","floor":13.0,"turns":3.0},{"damage":5.0,"enemies":"Red Slaver","floor":14.0,"turns":2.0},{"damage":25.0,"enemies":"Hexaghost","floor":16.0,"turns":9.0},{"damage":16,"enemies":"Spheric Guardian","floor":18,"turns":6},{"damage":13,"enemies":"3 Byrds","floor":19,"turns":4},{"damage":23,"enemies":"Snake Plant","floor":21,"turns":4},{"damage":9,"enemies":"Centurion and Healer","floor":22,"turns":1}],"seed_played":"-8599940520183433215","potions_obtained":[{"floor":3.0,"key":"SkillPotion"},{"floor":10.0,"key":"Energy Potion"},{"floor":16,"key":"GamblersBrew"},{"floor":19,"key":"EssenceOfSteel"}],"is_trial":false,"path_per_floor":["M","?","M","?","M","R","?","R","T","E","$","R","M","M","R","B",null,"M","M","?","M","M"],"character_chosen":"THE_SILENT","items_purchased":["Caltrops"],"campfire_rested":2,"item_purchase_floors":[11],"current_hp_per_floor":[59,39,35,35,35,35,35,35,35,11,11,30,30,25,44,41,60,44,31,31,8,0],"gold":502,"neow_bonus":"RANDOM_COMMON_RELIC","is_prod":false,"is_daily":false,"chose_seed":false,"campfire_upgraded":2,"win_rate":0,"timestamp":1560361536,"path_taken":["M","?","M","?","M","R","?","R","T","E","?","R","M","?","R","BOSS","BOSS","M","M","?","?","M"],"build_version":"2019-06-11","purchased_purges":1,"victory":false,"max_hp_per_floor":[66,66,66,66,66,66,66,66,66,66,66,66,66,66,66,66,66,66,66,66,66,66],"card_choices":[{"not_picked":["Concentrate","Underhanded Strike"],"picked":"Flying Knee","floor":1.0},{"not_picked":["Bane","Concentrate"],"picked":"Deflect","floor":3.0},{"not_picked":["Bane","Flying Knee"],"picked":"Poisoned Stab","floor":5.0},{"not_picked":["Underhanded Strike","Heel Hook"],"picked":"Noxious Fumes","floor":10.0},{"not_picked":["Footwork","Escape Plan"],"picked":"Envenom","floor":13.0},{"not_picked":["Blur","Acrobatics"],"picked":"Poisoned Stab","floor":14.0},{"not_picked":["Tools of the Trade","Unload"],"picked":"After Image","floor":16},{"not_picked":["Dagger Throw","Dagger Spray"],"picked":"Footwork","floor":18},{"not_picked":["Deadly Poison","Sucker Punch+1"],"picked":"Poisoned Stab","floor":19},{"not_picked":["Dagger Spray+1","Deadly Poison","Accuracy"],"picked":"SKIP","floor":21}],"player_experience":811797,"relics_obtained":[{"floor":9.0,"key":"Pantograph"},{"floor":10.0,"key":"Snake Skull"}],"event_choices":[{"damage_healed":0.0,"max_hp_gain":0.0,"max_hp_loss":0.0,"gold_gain":0.0,"event_name":"Shining Light","player_choice":"Entered Light","floor":2.0,"gold_loss":0.0,"damage_taken":20.0,"cards_upgraded":["Neutralize","Strike_G"]},{"damage_healed":0.0,"max_hp_gain":0.0,"max_hp_loss":0.0,"gold_gain":0.0,"event_name":"Liars Game","player_choice":"Ignored","floor":4.0,"gold_loss":0.0,"damage_taken":0.0},{"damage_healed":0.0,"max_hp_gain":0.0,"max_hp_loss":0.0,"gold_gain":0.0,"cards_transformed":["Strike_G"],"event_name":"Living Wall","player_choice":"Change","floor":7.0,"gold_loss":0.0,"damage_taken":0.0,"cards_obtained":["Outmaneuver"]},{"damage_healed":0,"gold_gain":275,"player_choice":"Desecrate","damage_taken":0,"max_hp_gain":0,"max_hp_loss":0,"event_name":"Golden Shrine","floor":20,"gold_loss":0,"cards_obtained":["Regret"]}],"is_beta":true,"boss_relics":[{"not_picked":["Lizard Tail","Pandora\u0027s Box"],"picked":"Empty Cage"}],"items_purged_floors":[11],"is_endless":false,"potions_floor_spawned":[3,10,16,19],"killed_by":"Centurion and Healer","ascension_level":19}