{"gold_per_floor":[117,136,136,61,61,61,89,106,106,122,47,47,78,91,91,165,165,178,178,190,201,181,181,199,199,199,199,224,244,244,277,277,277],"floor_reached":33,"playtime":1010,"items_purged":["Strike_B"],"score":541,"play_id":"a7dca140-9ae9-4012-a5bd-42a728736043","local_time":"20190615173456","is_ascension_mode":true,"campfire_choices":[{"data":"Zap","floor":6.0,"key":"SMITH"},{"floor":12.0,"key":"REST"},{"floor":15.0,"key":"REST"},{"data":"Biased Cognition","floor":23.0,"key":"SMITH"},{"data":"Coolheaded","floor":25.0,"key":"SMITH"},{"data":"Coolheaded","floor":27.0,"key":"SMITH"},{"data":"Multi-Cast","floor":30,"key":"SMITH"},{"floor":32,"key":"REST"}],"neow_cost":"NONE","seed_source_timestamp":199302270151600,"circlet_count":0,"master_deck":["AscendersBane","Strike_B+1","Defend_B","Defend_B","Defend_B","Zap+1","Dualcast+1","Cold Snap","Compile Driver","Sweeping Beam+1","Ball Lightning","Coolheaded+1","Ball Lightning","Ball Lightning+1","Biased Cognition+1","Coolheaded+1","Glacier+1","Ball Lightning+1","Leap+1","Multi-Cast+1","Auto Shields"],"special_seed":0,"relics":["Cracked Core","Pocketwatch","Bottled Lightning","Art of War","Eternal Feather","Matryoshka","Whetstone","Ancient Tea Set"],"potions_floor_usage":[28],"damage_taken":[{"damage":4.0,"enemies":"2 Louse","floor":1.0,"turns":3.0},{"damage":3.0,"enemies":"Small Slimes","floor":2.0,"turns":3.0},{"damage":22.0,"enemies":"Gremlin Nob","floor":7.0,"turns":4.0},{"damage":5.0,"enemies":"Jaw Worm","floor":8.0,"turns":2.0},{"damage":5.0,"enemies":"Looter","floor":10.0,"turns":3.0},{"damage":9.0,"enemies":"Lagavulin","floor":13.0,"turns":6.0},{"damage":1.0,"enemies":"Blue Slaver","floor":14.0,"turns":2.0},{"damage":25.0,"enemies":"Hexaghost","floor":16.0,"turns":7.0},{"damage":1.0,"enemies":"Spheric Guardian","floor":18.0,"turns":3.0},{"damage":5.0,"enemies":"Chosen","floor":20.0,"turns":3.0},{"damage":18.0,"enemies":"Shelled Parasite and Fungi","floor":21.0,"turns":6.0},{"damage":11.0,"enemies":"Centurion and Healer","floor":24.0,"turns":5.0},{"damage":10,"enemies":"Slavers","floor":28,"turns":3},{"damage":18,"enemies":"3 Cultists","floor":29,"turns":4},{"damage":21,"enemies":"Gremlin Leader","floor":31,"turns":5},{"damage":59,"enemies":"Collector","floor":33,"turns":7}],"seed_played":"7880026082276504580","potions_obtained":[{"floor":1.0,"key":"SteroidPotion"},{"floor":7.0,"key":"LiquidBronze"},{"floor":13.0,"key":"AttackPotion"},{"floor":18.0,"key":"FearPotion"},{"floor":20.0,"key":"PowerPotion"},{"floor":22.0,"key":"GamblersBrew"}],"is_trial":false,"path_per_floor":["M","M","?","?","?","R","E","M","T","M","$","R","E","M","R","B",null,"M","?","M","M","?","R","M","R","T","R","E","M","R","E","R","B"],"character_chosen":"DEFECT","items_purchased":[],"campfire_rested":3,"item_purchase_floors":[],"current_hp_per_floor":[60,57,57,57,36,36,14,9,9,4,4,25,16,15,36,11,56,55,55,50,32,32,41,30,39,39,48,38,20,32,11,44,0],"gold":277,"neow_bonus":"TRANSFORM_CARD","is_prod":false,"is_daily":false,"chose_seed":false,"campfire_upgraded":5,"win_rate":0,"timestamp":1560612896,"path_taken":["M","M","?","?","?","R","E","M","T","M","?","R","E","M","R","BOSS","M","?","M","M","?","R","?","R","T","R","E","M","R","E","R","BOSS"],"build_version":"2019-06-13","purchased_purges":1,"victory":false,"max_hp_per_floor":[71,71,71,71,71,71,71,71,71,71,71,71,71,71,71,71,71,71,71,71,71,71,71,71,71,71,71,71,71,71,71,71,71],"card_choices":[{"not_picked":["Coolheaded","Force Field"],"picked":"Compile Driver","floor":1.0},{"not_picked":["Barrage","Hologram"],"picked":"Sweeping Beam","floor":2.0},{"not_picked":["Coolheaded","Cold Snap"],"picked":"Ball Lightning","floor":7.0},{"not_picked":["Darkness","Static Discharge","Force Field"],"picked":"SKIP","floor":8.0},{"not_picked":["Chaos","Heatsinks"],"picked":"Coolheaded","floor":10.0},{"not_picked":["Undo","Consume"],"picked":"Ball Lightning","floor":13.0},{"not_picked":["Scrape","Barrage"],"picked":"Ball Lightning","floor":14.0},{"not_picked":["Reboot","Fission"],"picked":"Biased Cognition","floor":16.0},{"not_picked":["Beam Cell","Redo"],"picked":"Coolheaded","floor":18.0},{"not_picked":["Turbo","Darkness"],"picked":"Glacier+1","floor":20.0},{"not_picked":["Sweeping Beam","Cold Snap"],"picked":"Ball Lightning+1","floor":21.0},{"not_picked":["Compile Driver","Barrage"],"picked":"Leap+1","floor":24.0},{"not_picked":["Loop","Go for the Eyes"],"picked":"Multi-Cast","floor":28},{"not_picked":["White Noise","Hello World","Stack"],"picked":"SKIP","floor":29},{"not_picked":["Beam Cell","Reboot"],"picked":"Auto Shields","floor":31}],"player_experience":844704,"relics_obtained":[{"floor":7.0,"key":"Pocketwatch"},{"floor":9.0,"key":"Bottled Lightning"},{"floor":13.0,"key":"Art of War"},{"floor":26.0,"key":"Matryoshka"},{"floor":28,"key":"Whetstone"},{"floor":31,"key":"Ancient Tea Set"}],"event_choices":[{"cards_removed":["Strike_B"],"damage_healed":0.0,"max_hp_gain":0.0,"max_hp_loss":0.0,"gold_gain":0.0,"event_name":"Living Wall","player_choice":"Forget","floor":3.0,"gold_loss":0.0,"damage_taken":0.0},{"cards_removed":["Defend_B"],"damage_healed":0.0,"max_hp_gain":0.0,"max_hp_loss":0.0,"gold_gain":0.0,"event_name":"The Cleric","player_choice":"Card Removal","floor":4.0,"gold_loss":75.0,"damage_taken":0.0},{"damage_healed":0.0,"max_hp_gain":0.0,"max_hp_loss":0.0,"gold_gain":0.0,"event_name":"Shining Light","player_choice":"Entered Light","floor":5.0,"gold_loss":0.0,"damage_taken":21.0,"cards_upgraded":["Sweeping Beam","Dualcast"]},{"damage_healed":0.0,"max_hp_gain":0.0,"max_hp_loss":0.0,"gold_gain":0.0,"event_name":"Vampires","player_choice":"Ignored","floor":19.0,"gold_loss":0.0,"damage_taken":0.0},{"damage_healed":0.0,"max_hp_gain":0.0,"max_hp_loss":0.0,"gold_gain":0.0,"event_name":"The Woman in Blue","player_choice":"Bought 1 Potion","floor":22.0,"gold_loss":0.0,"damage_taken":0.0}],"is_beta":true,"boss_relics":[{"not_picked":["Orrery","Velvet Choker"],"picked":"Eternal Feather"}],"items_purged_floors":[11],"is_endless":false,"potions_floor_spawned":[1,7,13,14,18,20],"killed_by":"Collector","ascension_level":15}