{"gold_per_floor":[113,127,127,52,52,52,81,81,81,81,95,111,124,140,140,212,212,229,249,174,192,192,192,218,218,242,242,61,61,76,94,94,94],"floor_reached":33,"playtime":915,"items_purged":["Pain","Doubt"],"score":559,"play_id":"07186489-7e14-4ce6-8596-71d1540aed67","local_time":"20190613211628","is_ascension_mode":true,"campfire_choices":[{"data":"Neutralize","floor":6.0,"key":"SMITH"},{"data":"Skewer","floor":8.0,"key":"SMITH"},{"floor":10.0,"key":"REST"},{"data":"Noxious Fumes","floor":15.0,"key":"SMITH"},{"floor":23,"key":"DIG"},{"floor":29,"key":"REST"},{"floor":32,"key":"REST"}],"neow_cost":"NONE","seed_source_timestamp":39830283765300,"circlet_count":0,"master_deck":["AscendersBane","Strike_G","Strike_G","Strike_G","Strike_G","Defend_G","Defend_G","Defend_G","Defend_G","Defend_G","Survivor","Neutralize+1","Poisoned Stab","Skewer+1","Corpse Explosion","Endless Agony","Dagger Spray","Noxious Fumes+1","Leg Sweep","After Image","Shame","Cloak And Dagger","Finisher","Cloak And Dagger","Footwork"],"special_seed":0,"relics":["Ring of the Snake","Darkstone Periapt","Pen Nib","Turnip","Calling Bell","Orichalcum","Ninja Scroll","Shovel","PreservedInsect","Thread and Needle","MutagenicStrength","Juzu Bracelet"],"potions_floor_usage":[18,33],"damage_taken":[{"damage":5.0,"enemies":"Jaw Worm","floor":1.0,"turns":6.0},{"damage":2.0,"enemies":"Small Slimes","floor":2.0,"turns":4.0},{"damage":33.0,"enemies":"Lagavulin","floor":7.0,"turns":6.0},{"damage":0.0,"enemies":"Cultist","floor":11.0,"turns":3.0},{"damage":6.0,"enemies":"Looter","floor":12.0,"turns":4.0},{"damage":1.0,"enemies":"3 Louse","floor":13.0,"turns":2.0},{"damage":12.0,"enemies":"Gremlin Gang","floor":14.0,"turns":4.0},{"damage":10.0,"enemies":"Hexaghost","floor":16.0,"turns":8.0},{"damage":25,"enemies":"Chosen","floor":18,"turns":6},{"damage":15,"enemies":"Shell Parasite","floor":19,"turns":5},{"damage":33,"enemies":"Cultist and Chosen","floor":21,"turns":6},{"damage":26,"enemies":"Book of Stabbing","floor":24,"turns":5},{"damage":6,"enemies":"Snecko","floor":30,"turns":3},{"damage":12,"enemies":"Snake Plant","floor":31,"turns":2},{"damage":47,"enemies":"Collector","floor":33,"turns":5}],"seed_played":"-2046226285808844453","potions_obtained":[{"floor":1.0,"key":"Poison Potion"},{"floor":12.0,"key":"Dexterity Potion"},{"floor":14.0,"key":"Poison Potion"},{"floor":16.0,"key":"SkillPotion"},{"floor":24,"key":"Explosive Potion"}],"is_trial":false,"path_per_floor":["M","M","?","?","?","R","E","R","T","R","M","M","M","M","R","B",null,"M","M","$","M","?","R","E","?","T","?","$","R","M","M","R","B"],"character_chosen":"THE_SILENT","items_purchased":["Footwork"],"campfire_rested":3,"item_purchase_floors":[28],"current_hp_per_floor":[60,58,64,64,64,64,31,31,31,54,54,48,47,35,35,25,83,58,43,43,10,29,29,3,3,3,3,3,31,25,13,41,0],"gold":94,"neow_bonus":"TEN_PERCENT_HP_BONUS","is_prod":false,"is_daily":false,"chose_seed":false,"campfire_upgraded":3,"win_rate":0,"timestamp":1560453388,"path_taken":["M","M","?","?","?","R","E","R","T","R","M","M","M","M","R","BOSS","M","M","$","?","?","R","E","?","T","?","$","R","M","M","R","BOSS"],"build_version":"2019-06-12","purchased_purges":2,"victory":false,"max_hp_per_floor":[72,72,78,78,78,78,78,78,78,78,78,78,78,78,78,78,96,96,96,96,96,96,96,96,96,96,96,96,96,96,96,96,96],"card_choices":[{"not_picked":["Expertise","Backflip"],"picked":"Poisoned Stab","floor":1.0},{"not_picked":["Dodge and Roll","Leg Sweep"],"picked":"Skewer","floor":2.0},{"not_picked":["Dagger Throw","Masterful Stab"],"picked":"Corpse Explosion","floor":7.0},{"not_picked":["Terror","Outmaneuver"],"picked":"Endless Agony","floor":11.0},{"not_picked":["Quick Slash","Terror"],"picked":"Dagger Spray","floor":12.0},{"not_picked":["Slice","Caltrops"],"picked":"Noxious Fumes","floor":13.0},{"not_picked":["Backflip","Underhanded Strike"],"picked":"Leg Sweep","floor":14.0},{"not_picked":["Glass Knife","Wraith Form v2"],"picked":"After Image","floor":16.0},{"not_picked":["Dodge and Roll","Eviscerate"],"picked":"Cloak And Dagger","floor":18},{"not_picked":["Acrobatics","Prepared","Slice+1"],"picked":"SKIP","floor":19},{"not_picked":["Slice","Outmaneuver"],"picked":"Finisher","floor":21},{"not_picked":["Bane","Finisher"],"picked":"Cloak And Dagger","floor":24},{"not_picked":["Slice","Terror","Flying Knee"],"picked":"SKIP","floor":30},{"not_picked":["All Out Attack","Riddle With Holes","Blade Dance"],"picked":"SKIP","floor":31}],"player_experience":824055,"relics_obtained":[{"floor":7.0,"key":"Pen Nib"},{"floor":9.0,"key":"Turnip"},{"floor":17.0,"key":"Orichalcum"},{"floor":17.0,"key":"Ninja Scroll"},{"floor":17.0,"key":"Shovel"},{"floor":23,"key":"PreservedInsect"},{"floor":24,"key":"Thread and Needle"},{"floor":26,"key":"Juzu Bracelet"}],"event_choices":[{"damage_healed":0.0,"max_hp_gain":0.0,"max_hp_loss":0.0,"gold_gain":0.0,"event_name":"Big Fish","player_choice":"Box","floor":3.0,"gold_loss":0.0,"damage_taken":0.0,"relics_obtained":["Darkstone Periapt"],"cards_obtained":["Regret"]},{"cards_removed":["Regret"],"damage_healed":0.0,"max_hp_gain":0.0,"max_hp_loss":0.0,"gold_gain":0.0,"event_name":"The Cleric","player_choice":"Card Removal","floor":4.0,"gold_loss":75.0,"damage_taken":0.0},{"cards_removed":["Strike_G"],"damage_healed":0.0,"max_hp_gain":0.0,"max_hp_loss":0.0,"gold_gain":0.0,"event_name":"Purifier","player_choice":"Purged","floor":5.0,"gold_loss":0.0,"damage_taken":0.0},{"damage_healed":19,"gold_gain":0,"player_choice":"Heal","damage_taken":0,"max_hp_gain":0,"max_hp_loss":0,"event_name":"The Library","floor":22,"gold_loss":0},{"damage_healed":0,"gold_gain":0,"player_choice":"Inject Mutagens","damage_taken":0,"relics_obtained":["MutagenicStrength"],"max_hp_gain":0,"max_hp_loss":0,"event_name":"Drug Dealer","floor":25,"gold_loss":0},{"damage_healed":0,"gold_gain":0,"player_choice":"Ignored","damage_taken":0,"max_hp_gain":0,"max_hp_loss":0,"event_name":"Ghosts","floor":27,"gold_loss":0}],"is_beta":true,"boss_relics":[{"not_picked":["Tiny House","White Beast Statue"],"picked":"Calling Bell"}],"items_purged_floors":[20,28],"is_endless":false,"potions_floor_spawned":[1,12,14,16,24],"killed_by":"Collector","ascension_level":20}