{"gold_per_floor":[113,132,148,167,183,218,218,233,233,233,262,161,161,161,161,161],"floor_reached":16,"playtime":952,"items_purged":["Strike_R"],"score":112,"play_id":"0abb26cf-20cd-4c88-a432-d47b9db962d9","local_time":"20190624214507","is_ascension_mode":false,"campfire_choices":[{"floor":7,"key":"REST"},{"data":"Double Tap","floor":10,"key":"SMITH"},{"floor":13,"key":"RECALL"},{"floor":15,"key":"REST"}],"neow_cost":"NONE","seed_source_timestamp":791828229586954,"circlet_count":0,"master_deck":["Strike_R","Strike_R","Strike_R","Strike_R","Defend_R","Defend_R","Defend_R","Defend_R","Bash","Heavy Blade","Pommel Strike","Double Tap+1","Headbutt","Armaments"],"relics":["Burning Blood","Juzu Bracelet","WingedGreaves","Dream Catcher"],"potions_floor_usage":[1,4,5,6,8],"damage_taken":[{"damage":0,"enemies":"Cultist","floor":1,"turns":3},{"damage":0,"enemies":"Small Slimes","floor":2,"turns":3},{"damage":2,"enemies":"2 Louse","floor":3,"turns":3},{"damage":10,"enemies":"Looter","floor":4,"turns":3},{"damage":7,"enemies":"Gremlin Gang","floor":5,"turns":5},{"damage":24,"enemies":"Gremlin Nob","floor":6,"turns":4},{"damage":13,"enemies":"Exordium Thugs","floor":8,"turns":4},{"damage":26,"enemies":"Lagavulin","floor":11,"turns":5},{"damage":70,"enemies":"Slime Boss","floor":16,"turns":10}],"seed_played":"-2620512492817100252","potions_obtained":[{"floor":0,"key":"BloodPotion"},{"floor":0,"key":"Block Potion"},{"floor":0,"key":"Strength Potion"},{"floor":1,"key":"SkillPotion"},{"floor":3,"key":"SteroidPotion"},{"floor":6,"key":"AttackPotion"}],"is_trial":false,"path_per_floor":["M","M","M","M","M","E","R","M","T","R","E","$","R","?","R","B"],"character_chosen":"IRONCLAD","items_purchased":["Armaments"],"campfire_rested":2,"item_purchase_floors":[12],"current_hp_per_floor":[80,80,80,76,75,57,80,73,73,73,53,53,53,46,70,0],"gold":161,"neow_bonus":"THREE_SMALL_POTIONS","is_prod":false,"is_daily":false,"chose_seed":false,"campfire_upgraded":1,"win_rate":0,"timestamp":1561427107,"path_taken":["M","M","M","M","M","E","R","M","T","R","E","?","R","?","R","BOSS"],"build_version":"2019-01-23","purchased_purges":1,"victory":false,"max_hp_per_floor":[80,80,80,80,80,80,80,80,80,80,80,80,80,80,80,80],"card_choices":[{"not_picked":["Iron Wave","Exhume"],"picked":"Heavy Blade","floor":1},{"not_picked":["True Grit","Clash","Perfected Strike"],"picked":"SKIP","floor":2},{"not_picked":["Disarm","Shrug It Off"],"picked":"Pommel Strike","floor":3},{"not_picked":["Havoc","Seeing Red","Carnage"],"picked":"SKIP","floor":4},{"not_picked":["Perfected Strike","Clash","Fiend Fire"],"picked":"SKIP","floor":5},{"not_picked":["Twin Strike","Metallicize"],"picked":"Double Tap","floor":6},{"not_picked":["Flame Barrier","Bloodletting"],"picked":"Headbutt","floor":8},{"not_picked":["Headbutt","Body Slam","Heavy Blade"],"picked":"SKIP","floor":11}],"player_experience":127688,"relics_obtained":[{"floor":6,"key":"Juzu Bracelet"},{"floor":11,"key":"WingedGreaves"}],"event_choices":[{"damage_healed":0,"gold_gain":0,"player_choice":"Success","damage_taken":7,"relics_obtained":["Dream Catcher"],"max_hp_gain":0,"max_hp_loss":0,"event_name":"Scrap Ooze","floor":14,"gold_loss":0}],"is_beta":false,"boss_relics":[],"items_purged_floors":[12],"is_endless":false,"potions_floor_spawned":[1,3,6],"killed_by":"Slime Boss","ascension_level":0}