{"gold_per_floor":[113,74,74,90,109,144,144,174,174,174,203,203,233,243,243,345,345,359,5,5,24,35,69,69,98,125,5,31,58,58,92,92,197,197,208,227,244,263,275,304,304,336,336,354,354,371,397,407,407,407],"floor_reached":51,"playtime":4467,"items_purged":[],"score":1344,"play_id":"75658708-f51b-40c1-8025-32cb53ef341d","local_time":"20190604042236","is_ascension_mode":true,"campfire_choices":[{"floor":7,"key":"REST"},{"floor":10,"key":"REST"},{"data":"After Image","floor":12,"key":"SMITH"},{"data":"Adrenaline","floor":15,"key":"SMITH"},{"data":"A Thousand Cuts","floor":30,"key":"SMITH"},{"data":"After Image","floor":32,"key":"SMITH"},{"data":"A Thousand Cuts","floor":41,"key":"SMITH"},{"data":"Adrenaline","floor":49,"key":"SMITH"}],"neow_cost":"NONE","seed_source_timestamp":1218209270292180,"circlet_count":0,"master_deck":["Defend_G","Defend_G","Defend_G","Defend_G","Defend_G","Survivor","Neutralize+1","Riddle With Holes","Dagger Spray","Caltrops","Poisoned Stab","Adrenaline+1","Cloak And Dagger","Poisoned Stab","After Image+1","Sucker Punch","Footwork","After Image+1","PiercingWail+1","Noxious Fumes","Caltrops","Escape Plan","Escape Plan","Bite","Bite+1","Bite","Bite","Bite","Poisoned Stab","Cloak And Dagger+1","Bouncing Flask+1","Accuracy+1","A Thousand Cuts+1","Calculated Gamble+1","Cloak And Dagger+1","Backflip","A Thousand Cuts+1","Well Laid Plans+1","PiercingWail+1","Blur","Acrobatics","Dodge and Roll+1","Cloak And Dagger","Predator+1","Quick Slash","Adrenaline+1","Adrenaline+1","Cloak And Dagger+1","PiercingWail+1"],"relics":["Ring of the Snake","NeowsBlessing","Art of War","Dream Catcher","WingedGreaves","The Courier","Gremlin Horn","Question Card","Sozu","Lantern","Whetstone","Boot","Oddly Smooth Stone","Mercury Hourglass","Bottled Tornado","Kunai","Coffee Dripper","Mango","Centennial Puzzle","Frozen Egg 2","Pen Nib"],"potions_floor_usage":[6,8,13],"damage_taken":[{"damage":0,"enemies":"Jaw Worm","floor":1,"turns":1},{"damage":0,"enemies":"Cultist","floor":4,"turns":1},{"damage":0,"enemies":"Small Slimes","floor":5,"turns":1},{"damage":37,"enemies":"Lagavulin","floor":6,"turns":7},{"damage":18,"enemies":"3 Sentries","floor":8,"turns":9},{"damage":20,"enemies":"Gremlin Nob","floor":11,"turns":4},{"damage":0,"enemies":"3 Sentries","floor":13,"turns":4},{"damage":1,"enemies":"Exordium Wildlife","floor":14,"turns":4},{"damage":13,"enemies":"The Guardian","floor":16,"turns":14},{"damage":2,"enemies":"Shell Parasite","floor":18,"turns":7},{"damage":18,"enemies":"2 Thieves","floor":21,"turns":5},{"damage":10,"enemies":"Sentry and Sphere","floor":22,"turns":6},{"damage":22,"enemies":"Slavers","floor":23,"turns":5},{"damage":0,"enemies":"Gremlin Leader","floor":25,"turns":7},{"damage":12,"enemies":"Slavers","floor":28,"turns":5},{"damage":0,"enemies":"Gremlin Leader","floor":29,"turns":5},{"damage":3,"enemies":"Book of Stabbing","floor":31,"turns":4},{"damage":25,"enemies":"Champ","floor":33,"turns":11},{"damage":0,"enemies":"3 Shapes","floor":35,"turns":2},{"damage":0,"enemies":"Orb Walker","floor":36,"turns":3},{"damage":8,"enemies":"Transient","floor":37,"turns":5},{"damage":0,"enemies":"3 Darklings","floor":38,"turns":4},{"damage":0,"enemies":"Spire Growth","floor":39,"turns":5},{"damage":1,"enemies":"Reptomancer","floor":40,"turns":4},{"damage":0,"enemies":"Nemesis","floor":42,"turns":6},{"damage":10,"enemies":"Transient","floor":44,"turns":5},{"damage":1,"enemies":"3 Darklings","floor":46,"turns":3},{"damage":0,"enemies":"Giant Head","floor":47,"turns":7},{"damage":6,"enemies":"Spire Growth","floor":48,"turns":4},{"damage":3,"enemies":"Donu and Deca","floor":50,"turns":6}],"seed_played":"7737605058851820390","potions_obtained":[{"floor":4,"key":"SteroidPotion"},{"floor":5,"key":"Dexterity Potion"},{"floor":11,"key":"SteroidPotion"}],"is_trial":false,"path_per_floor":["M","?","T","M","M","E","R","E","T","R","E","R","E","M","R","B",null,"M","$","?","M","M","E","?","E","T","$","E","E","R","E","R","B",null,"M","M","M","M","M","E","R","E","T","M","?","M","E","M","R","B",null],"character_chosen":"THE_SILENT","items_purchased":["Noxious Fumes","Lantern","Caltrops","Escape Plan","Escape Plan","A Thousand Cuts"],"campfire_rested":2,"item_purchase_floors":[19,19,19,19,19,27],"current_hp_per_floor":[63,63,63,63,63,26,47,29,29,50,30,30,30,29,29,16,57,55,55,49,43,45,35,35,48,48,48,41,49,49,46,46,41,47,49,49,44,49,49,62,62,63,63,60,60,61,63,61,61,63],"gold":407,"neow_bonus":"THREE_ENEMY_KILL","is_prod":false,"is_daily":false,"chose_seed":false,"campfire_upgraded":6,"win_rate":0,"timestamp":1559643756,"path_taken":["M","?","?","M","?","E","R","E","T","R","E","R","E","M","R","BOSS","M","$","?","M","M","E","?","E","T","?","E","E","R","E","R","BOSS","M","M","M","M","M","E","R","E","T","M","?","M","E","M","R","BOSS"],"build_version":"2019-01-23","purchased_purges":0,"victory":true,"max_hp_per_floor":[70,70,70,70,70,70,70,70,70,70,70,70,70,70,70,70,70,70,70,49,49,49,49,49,49,49,49,49,49,49,49,49,49,49,49,49,49,49,49,63,63,63,63,63,63,63,63,63,63,63],"card_choices":[{"not_picked":["Cloak And Dagger","Underhanded Strike"],"picked":"Riddle With Holes","floor":1},{"not_picked":["Blade Dance","Acrobatics"],"picked":"Dagger Spray","floor":4},{"not_picked":["Escape Plan","Calculated Gamble"],"picked":"Caltrops","floor":5},{"not_picked":["Deflect","Sucker Punch"],"picked":"Poisoned Stab","floor":6},{"not_picked":["Prepared","Accuracy"],"picked":"Adrenaline","floor":7},{"not_picked":["All Out Attack","Night Terror"],"picked":"Cloak And Dagger","floor":8},{"not_picked":["Acrobatics","Prepared"],"picked":"Poisoned Stab","floor":10},{"not_picked":["All Out Attack","Deflect"],"picked":"After Image","floor":11},{"not_picked":["Outmaneuver","Dagger Spray"],"picked":"Sucker Punch","floor":13},{"not_picked":["Backflip","Underhanded Strike","Outmaneuver"],"picked":"Footwork","floor":14},{"not_picked":["Doppelganger","Burst","Wraith Form v2"],"picked":"After Image","floor":16},{"not_picked":["Dagger Spray","Predator","Deadly Poison"],"picked":"PiercingWail+1","floor":18},{"not_picked":["Slice","Prepared+1","Sucker Punch"],"picked":"Poisoned Stab","floor":21},{"not_picked":["Slice","Endless Agony","Expertise+1"],"picked":"Cloak And Dagger+1","floor":22},{"not_picked":["Acrobatics+1","Concentrate","Riddle With Holes+1"],"picked":"Bouncing Flask+1","floor":23},{"not_picked":["Acrobatics","Underhanded Strike+1","Night Terror"],"picked":"Accuracy+1","floor":25},{"not_picked":["Sucker Punch","Reflex","Dagger Throw"],"picked":"Calculated Gamble+1","floor":28},{"not_picked":["Bane","Flying Knee","Dagger Spray"],"picked":"Cloak And Dagger+1","floor":29},{"not_picked":["Dagger Spray","Blade Dance","Flying Knee"],"picked":"Backflip","floor":31},{"not_picked":["Corpse Explosion","Grand Finale","Doppelganger"],"picked":"A Thousand Cuts","floor":33},{"not_picked":["Poisoned Stab","Slice+1","Dagger Throw+1"],"picked":"Well Laid Plans+1","floor":35},{"not_picked":["Dodge and Roll","Acrobatics+1","Prepared+1"],"picked":"PiercingWail+1","floor":36},{"not_picked":["Prepared","Backflip+1","Dagger Throw+1"],"picked":"Blur","floor":37},{"not_picked":["Choke","Sucker Punch+1","Reflex+1"],"picked":"Acrobatics","floor":38},{"not_picked":["Prepared","Skewer+1","Phantasmal Killer"],"picked":"Dodge and Roll+1","floor":39},{"not_picked":["Endless Agony","Poisoned Stab","Deadly Poison"],"picked":"Cloak And Dagger","floor":40},{"not_picked":["Outmaneuver","Dagger Throw+1","Underhanded Strike+1"],"picked":"Predator+1","floor":42},{"not_picked":["Outmaneuver+1","Underhanded Strike","Predator"],"picked":"Quick Slash","floor":44},{"not_picked":["Sucker Punch+1","Heel Hook","Dagger Throw+1"],"picked":"Adrenaline","floor":46},{"not_picked":["Quick Slash","Leg Sweep+1","Blade Dance+1"],"picked":"Cloak And Dagger+1","floor":47},{"not_picked":["Distraction+1","Outmaneuver+1","Slice"],"picked":"PiercingWail+1","floor":48}],"player_experience":286235,"relics_obtained":[{"floor":3,"key":"Art of War"},{"floor":6,"key":"Dream Catcher"},{"floor":8,"key":"WingedGreaves"},{"floor":9,"key":"The Courier"},{"floor":11,"key":"Gremlin Horn"},{"floor":13,"key":"Question Card"},{"floor":23,"key":"Whetstone"},{"floor":25,"key":"Boot"},{"floor":26,"key":"Oddly Smooth Stone"},{"floor":28,"key":"Mercury Hourglass"},{"floor":29,"key":"Bottled Tornado"},{"floor":31,"key":"Kunai"},{"floor":40,"key":"Mango"},{"floor":42,"key":"Centennial Puzzle"},{"floor":43,"key":"Frozen Egg 2"},{"floor":47,"key":"Pen Nib"}],"event_choices":[{"damage_healed":0,"gold_gain":0,"player_choice":"Left Gold","damage_taken":0,"max_hp_gain":0,"max_hp_loss":0,"event_name":"World of Goop","floor":2,"gold_loss":39},{"damage_healed":0,"gold_gain":0,"player_choice":"Became a vampire","damage_taken":0,"max_hp_gain":0,"max_hp_loss":21,"event_name":"Vampires","floor":20,"gold_loss":0,"cards_obtained":["Bite","Bite","Bite","Bite","Bite"]},{"damage_healed":0,"gold_gain":0,"player_choice":"Ignored","damage_taken":0,"max_hp_gain":0,"max_hp_loss":0,"event_name":"Beggar","floor":24,"gold_loss":0},{"damage_healed":0,"gold_gain":0,"player_choice":"Copied","damage_taken":0,"max_hp_gain":0,"max_hp_loss":0,"event_name":"Duplicator","floor":45,"gold_loss":0,"cards_obtained":["Adrenaline"]}],"is_beta":false,"boss_relics":[{"not_picked":["Philosopher\u0027s Stone","Calling Bell"],"picked":"Sozu"},{"not_picked":["White Beast Statue","Tiny House"],"picked":"Coffee Dripper"}],"items_purged_floors":[],"is_endless":false,"potions_floor_spawned":[4,5,11,18,21,29,33,37,40,42,44,48],"ascension_level":7}