{"gold_per_floor":[110,110,121,131,143,143,173,173,173,173,184,334,347,381,381,458,458,476,429,23,23,123,123,73,73,73,73,87,100,100,112,112,189,189,208,220,220,239,239,239,250,250,250,261,261,47,47,64,64,64,64],"floor_reached":51,"playtime":2248,"items_purged":["Doubt","Parasite"],"score":1243,"play_id":"b505bf6c-a9f3-455f-9f09-d328bb79a78e","local_time":"20190514233222","is_ascension_mode":true,"campfire_choices":[{"data":"Bash","floor":6.0,"key":"SMITH"},{"data":"Clothesline","floor":10.0,"key":"SMITH"},{"data":"Demon Form","floor":15.0,"key":"SMITH"},{"floor":23.0,"key":"REST"},{"data":"Pommel Strike","floor":25.0,"key":"SMITH"},{"data":"Parasite","floor":27.0,"key":"PURGE"},{"data":"Spot Weakness","floor":32.0,"key":"SMITH"},{"data":"Juggernaut","floor":40,"key":"SMITH"},{"data":"Parasite","floor":42,"key":"PURGE"},{"data":"Writhe","floor":49,"key":"PURGE"}],"neow_cost":"NONE","seed_source_timestamp":106686434012600,"circlet_count":0,"master_deck":["AscendersBane","Defend_R","Defend_R","Defend_R","Defend_R","Bash+1","Ghostly Armor","Headbutt","Clothesline+1","Pummel","Intimidate","Demon Form+1","Shrug It Off","Offering","Ghostly Armor","Pommel Strike+1","Bite","Bite","Bite","Bite","Bite","Sentinel","Feel No Pain","Spot Weakness+1","Reaper","Juggernaut+1","True Grit","Shockwave","Enlightenment","Shrug It Off+1"],"special_seed":0,"relics":["Burning Blood","Gremlin Horn","Bottled Flame","Darkstone Periapt","Mango","Cursed Key","Peace Pipe","StoneCalendar","Self Forming Clay","The Courier","Coffee Dripper","Mummified Hand"],"potions_floor_usage":[44,46,50,51],"damage_taken":[{"damage":9.0,"enemies":"Jaw Worm","floor":1.0,"turns":5.0},{"damage":6.0,"enemies":"Small Slimes","floor":3.0,"turns":3.0},{"damage":3.0,"enemies":"2 Louse","floor":4.0,"turns":2.0},{"damage":3.0,"enemies":"Lots of Slimes","floor":5.0,"turns":3.0},{"damage":29.0,"enemies":"Gremlin Nob","floor":7.0,"turns":4.0},{"damage":1.0,"enemies":"Blue Slaver","floor":11.0,"turns":5.0},{"damage":16.0,"enemies":"Looter","floor":13.0,"turns":4.0},{"damage":28.0,"enemies":"3 Sentries","floor":14.0,"turns":7.0},{"damage":43.0,"enemies":"The Guardian","floor":16.0,"turns":13.0},{"damage":57.0,"enemies":"3 Byrds","floor":18.0,"turns":7.0},{"damage":24.0,"enemies":"2 Thieves","floor":19.0,"turns":5.0},{"damage":7.0,"enemies":"Colosseum Slavers","floor":22.0,"turns":6.0},{"damage":16.0,"enemies":"Colosseum Nobs","floor":22.0,"turns":6.0},{"damage":27.0,"enemies":"Centurion and Healer","floor":28.0,"turns":7.0},{"damage":29.0,"enemies":"3 Cultists","floor":29.0,"turns":6.0},{"damage":25.0,"enemies":"Shelled Parasite and Fungi","floor":31.0,"turns":6.0},{"damage":91.0,"enemies":"Champ","floor":33.0,"turns":11.0},{"damage":30.0,"enemies":"Orb Walker","floor":35.0,"turns":3.0},{"damage":37.0,"enemies":"3 Darklings","floor":36.0,"turns":5.0},{"damage":49.0,"enemies":"Transient","floor":38.0,"turns":6.0},{"damage":23,"enemies":"Writhing Mass","floor":41,"turns":7},{"damage":27,"enemies":"Maw","floor":44,"turns":6},{"damage":41,"enemies":"Transient","floor":48,"turns":6},{"damage":77,"enemies":"Donu and Deca","floor":50,"turns":8},{"damage":106,"enemies":"Awakened One","floor":51,"turns":10}],"seed_played":"8901782293552442548","potions_obtained":[{"floor":3.0,"key":"Fruit Juice"},{"floor":4.0,"key":"SteroidPotion"},{"floor":5.0,"key":"Dexterity Potion"},{"floor":11.0,"key":"EntropicBrew"},{"floor":19.0,"key":"PowerPotion"},{"floor":22.0,"key":"Swift Potion"},{"floor":29.0,"key":"Fire Potion"},{"floor":33.0,"key":"Energy Potion"},{"floor":41,"key":"SkillPotion"},{"floor":44,"key":"Block Potion"},{"floor":48,"key":"PowerPotion"}],"is_trial":false,"path_per_floor":["M","?","M","M","M","R","E","?","T","R","M","?","M","E","R","B",null,"M","M","$","?","?","R","?","R","T","R","M","M","?","M","R","B",null,"M","M","?","M","?","R","M","R","T","M","?","$","?","M","R","B","B"],"character_chosen":"IRONCLAD","items_purchased":["Peace Pipe","Fruit Juice","SteroidPotion"],"campfire_rested":1,"item_purchase_floors":[20,46,46],"current_hp_per_floor":[65,65,70,73,76,76,53,53,53,53,58,64,54,46,46,9,77,26,8,8,8,31,52,52,52,58,58,57,50,50,52,52,13,58,50,59,59,44,44,44,45,45,51,54,54,59,82,83,83,54,0],"gold":64,"neow_bonus":"TRANSFORM_CARD","is_prod":false,"is_daily":false,"chose_seed":false,"campfire_upgraded":6,"win_rate":0,"timestamp":1557869542,"path_taken":["M","?","M","M","M","R","E","?","T","R","M","?","M","E","R","BOSS","M","M","$","?","?","R","?","R","T","R","?","M","?","M","R","BOSS","M","M","?","M","?","R","M","R","T","M","?","$","?","M","R","BOSS","BOSS"],"build_version":"2019-05-07","purchased_purges":2,"victory":false,"max_hp_per_floor":[75,75,80,80,80,80,80,80,80,80,80,86,86,100,100,100,100,100,100,100,70,70,70,70,70,76,73,73,73,73,73,73,73,73,73,73,73,73,73,73,79,76,82,82,82,84,90,90,90,90,90],"card_choices":[{"not_picked":["Wild Strike","Rage"],"picked":"Headbutt","floor":1.0},{"not_picked":["Wild Strike","True Grit"],"picked":"Clothesline","floor":3.0},{"not_picked":["Sword Boomerang","Anger"],"picked":"Pummel","floor":4.0},{"not_picked":["Clothesline","Searing Blow","Iron Wave"],"picked":"SKIP","floor":5.0},{"not_picked":["Warcry","Flex","Fire Breathing"],"picked":"SKIP","floor":7.0},{"not_picked":["Perfected Strike","Flex"],"picked":"Intimidate","floor":11.0},{"not_picked":["Shrug It Off","Seeing Red"],"picked":"Demon Form","floor":13.0},{"not_picked":["Intimidate","True Grit"],"picked":"Shrug It Off","floor":14.0},{"not_picked":["Demon Form","Bludgeon"],"picked":"Offering","floor":16.0},{"not_picked":["Headbutt","Clothesline"],"picked":"Ghostly Armor","floor":18.0},{"not_picked":["Armaments","Flex"],"picked":"Pommel Strike","floor":19.0},{"not_picked":["Clash","Cleave"],"picked":"Sentinel","floor":22.0},{"not_picked":["Shockwave","Headbutt"],"picked":"Feel No Pain","floor":28.0},{"not_picked":["Heavy Blade","Infernal Blade"],"picked":"Spot Weakness","floor":29.0},{"not_picked":["Evolve","Wild Strike","Rampage"],"picked":"SKIP","floor":31.0},{"not_picked":["Demon Form","Exhume"],"picked":"Juggernaut","floor":33.0},{"not_picked":["Twin Strike","Pommel Strike"],"picked":"True Grit","floor":35.0},{"not_picked":["Dropkick","Searing Blow","Rage+1"],"picked":"SKIP","floor":36.0},{"not_picked":["Entrench","Armaments"],"picked":"Shockwave","floor":38.0},{"not_picked":["Anger+1","Flex+1","Second Wind"],"picked":"SKIP","floor":41},{"not_picked":["Carnage","Body Slam","Cleave"],"picked":"SKIP","floor":44},{"not_picked":["Panacea","Bandage Up"],"picked":"Enlightenment","floor":45},{"not_picked":["Clothesline","Warcry"],"picked":"Shrug It Off+1","floor":48}],"player_experience":709352,"relics_obtained":[{"floor":7.0,"key":"Bottled Flame"},{"floor":9.0,"key":"Darkstone Periapt"},{"floor":14.0,"key":"Mango"},{"floor":22.0,"key":"StoneCalendar"},{"floor":22.0,"key":"Self Forming Clay"},{"floor":26.0,"key":"The Courier"},{"floor":43,"key":"Mummified Hand"}],"event_choices":[{"damage_healed":0.0,"max_hp_gain":0.0,"max_hp_loss":0.0,"gold_gain":0.0,"event_name":"Big Fish","player_choice":"Box","floor":2.0,"gold_loss":0.0,"damage_taken":0.0,"relics_obtained":["Gremlin Horn"],"cards_obtained":["Regret"]},{"cards_removed":["Regret"],"damage_healed":0.0,"max_hp_gain":0.0,"max_hp_loss":0.0,"gold_gain":0.0,"event_name":"Living Wall","player_choice":"Forget","floor":8.0,"gold_loss":0.0,"damage_taken":0.0},{"damage_healed":0.0,"max_hp_gain":0.0,"max_hp_loss":0.0,"gold_gain":150.0,"event_name":"Liars Game","player_choice":"AGREE","floor":12.0,"gold_loss":0.0,"damage_taken":0.0,"cards_obtained":["Doubt"]},{"damage_healed":0.0,"max_hp_gain":0.0,"max_hp_loss":30.0,"gold_gain":0.0,"event_name":"Vampires","player_choice":"Became a vampire","floor":21.0,"gold_loss":0.0,"damage_taken":0.0,"cards_obtained":["Bite","Bite","Bite","Bite","Bite"]},{"damage_healed":0.0,"max_hp_gain":0.0,"max_hp_loss":0.0,"gold_gain":0.0,"event_name":"Colosseum","player_choice":"Fight","floor":22.0,"gold_loss":0.0,"damage_taken":0.0},{"damage_healed":0.0,"max_hp_gain":0.0,"max_hp_loss":0.0,"gold_gain":0.0,"event_name":"Colosseum","player_choice":"Fought Nobs","floor":22.0,"gold_loss":0.0,"damage_taken":0.0},{"damage_healed":0.0,"max_hp_gain":0.0,"max_hp_loss":0.0,"gold_gain":0.0,"event_name":"The Joust","player_choice":"Bet on Murderer","floor":24.0,"gold_loss":50.0,"damage_taken":0.0},{"damage_healed":0.0,"max_hp_gain":0.0,"max_hp_loss":0.0,"gold_gain":0.0,"event_name":"The Library","player_choice":"Read","floor":30.0,"gold_loss":0.0,"damage_taken":0.0,"cards_obtained":["Reaper"]},{"damage_healed":0.0,"max_hp_gain":0.0,"max_hp_loss":0.0,"gold_gain":0.0,"event_name":"Tomb of Lord Red Mask","player_choice":"Ignored","floor":37.0,"gold_loss":0.0,"damage_taken":0.0},{"damage_healed":0,"gold_gain":0,"player_choice":"Ignored","damage_taken":0,"max_hp_gain":0,"max_hp_loss":0,"event_name":"Mysterious Sphere","floor":39,"gold_loss":0},{"damage_healed":0,"gold_gain":0,"player_choice":"Memory 1","damage_taken":0,"max_hp_gain":0,"max_hp_loss":0,"event_name":"SensoryStone","floor":45,"gold_loss":0},{"damage_healed":17,"gold_gain":0,"player_choice":"Writhe","damage_taken":0,"max_hp_gain":0,"max_hp_loss":0,"event_name":"Winding Halls","floor":47,"gold_loss":0,"cards_obtained":["Writhe"]}],"is_beta":true,"boss_relics":[{"not_picked":["Astrolabe","Calling Bell"],"picked":"Cursed Key"},{"not_picked":["Philosopher\u0027s Stone","Eternal Feather"],"picked":"Coffee Dripper"}],"items_purged_floors":[20,46],"is_endless":false,"potions_floor_spawned":[3,4,5,11,19,22,22,29,33,35,41,44,48],"killed_by":"Awakened One","ascension_level":20}