{"gold_per_floor":[119,133,143,161,175,204,215,215,283,308,327,327,339,349,349,349],"floor_reached":16,"playtime":1042,"items_purged":[],"score":171,"play_id":"d718028f-7f30-46b4-b1e5-58bafef02f67","local_time":"20190606001821","is_ascension_mode":true,"campfire_choices":[{"floor":8.0,"key":"REST"},{"floor":12.0,"key":"REST"},{"data":"Neutralize","floor":15.0,"key":"SMITH"}],"neow_cost":"NONE","seed_source_timestamp":1379704263521996,"circlet_count":0,"master_deck":["Defend_G","Defend_G","Defend_G","Defend_G","Defend_G","Strike_G","Strike_G","Strike_G","Strike_G","Strike_G","Survivor","Neutralize+1","Flying Knee","Dagger Spray","Wraith Form v2","Escape Plan","Crippling Poison","Cloak And Dagger","Dash","Escape Plan+1","Backflip+1","Prepared+1","Blade Dance+1"],"special_seed":0,"relics":["Ring of the Snake","NeowsBlessing","The Specimen","Toxic Egg 2","Frozen Egg 2"],"potions_floor_usage":[16,16],"damage_taken":[{"damage":0.0,"enemies":"Cultist","floor":1.0,"turns":1.0},{"damage":0.0,"enemies":"Jaw Worm","floor":2.0,"turns":1.0},{"damage":0.0,"enemies":"2 Louse","floor":3.0,"turns":1.0},{"damage":7.0,"enemies":"Blue Slaver","floor":4.0,"turns":5.0},{"damage":1.0,"enemies":"Large Slime","floor":5.0,"turns":9.0},{"damage":35.0,"enemies":"Gremlin Nob","floor":6.0,"turns":6.0},{"damage":5.0,"enemies":"Looter","floor":7.0,"turns":4.0},{"damage":22.0,"enemies":"3 Sentries","floor":10.0,"turns":10.0},{"damage":5.0,"enemies":"3 Louse","floor":11.0,"turns":2.0},{"damage":8.0,"enemies":"Lots of Slimes","floor":13.0,"turns":2.0},{"damage":0.0,"enemies":"Exordium Wildlife","floor":14.0,"turns":2.0},{"damage":27,"enemies":"The Guardian","floor":16,"turns":10}],"seed_played":"2657720174081423707","potions_obtained":[{"floor":2.0,"key":"Explosive Potion"},{"floor":7.0,"key":"Weak Potion"},{"floor":10.0,"key":"SkillPotion"},{"floor":11.0,"key":"GamblersBrew"},{"floor":13.0,"key":"Ancient Potion"}],"is_trial":false,"path_per_floor":["M","M","M","M","M","E","M","R","T","E","M","R","M","M","R","B"],"character_chosen":"THE_SILENT","items_purchased":[],"campfire_rested":2,"item_purchase_floors":[],"current_hp_per_floor":[63,63,63,56,55,20,15,36,36,14,9,30,22,22,22,0],"gold":349,"neow_bonus":"THREE_ENEMY_KILL","is_prod":false,"is_daily":false,"chose_seed":false,"campfire_upgraded":1,"win_rate":0,"timestamp":1559801901,"path_taken":["M","M","M","M","M","E","M","R","T","E","M","R","M","M","R","BOSS"],"build_version":"2019-01-23","purchased_purges":0,"victory":false,"max_hp_per_floor":[70,70,70,70,70,70,70,70,70,70,70,70,70,70,70,70],"card_choices":[{"not_picked":["Outmaneuver","Acrobatics"],"picked":"Flying Knee","floor":1.0},{"not_picked":["Flying Knee","Riddle With Holes"],"picked":"Dagger Spray","floor":2.0},{"not_picked":["Dagger Throw","Sucker Punch"],"picked":"Wraith Form v2","floor":3.0},{"not_picked":["Heel Hook","Quick Slash"],"picked":"Escape Plan","floor":4.0},{"not_picked":["Concentrate","Dagger Spray"],"picked":"Crippling Poison","floor":5.0},{"not_picked":["Doppelganger","Slice"],"picked":"Cloak And Dagger","floor":6.0},{"not_picked":["Prepared","Infinite Blades"],"picked":"Dash","floor":7.0},{"not_picked":["Skewer","Flying Knee"],"picked":"Escape Plan+1","floor":10.0},{"not_picked":["Outmaneuver+1","Dagger Spray"],"picked":"Backflip+1","floor":11.0},{"not_picked":["Riddle With Holes","Endless Agony"],"picked":"Prepared+1","floor":13.0},{"not_picked":["Bane","Quick Slash"],"picked":"Blade Dance+1","floor":14.0}],"player_experience":316633,"relics_obtained":[{"floor":6.0,"key":"The Specimen"},{"floor":9.0,"key":"Toxic Egg 2"},{"floor":10.0,"key":"Frozen Egg 2"}],"event_choices":[],"is_beta":false,"boss_relics":[],"items_purged_floors":[],"is_endless":false,"potions_floor_spawned":[2,7,10,11,13],"killed_by":"The Guardian","ascension_level":9}