{"gold_per_floor":[360,360,378,32,44,69,69,104,104,104],"floor_reached":10,"playtime":554,"items_purged":[],"score":99,"play_id":"59763add-8fea-4d87-ba78-8af2db4112dc","local_time":"20190612181706","is_ascension_mode":true,"campfire_choices":[{"data":"Zap","floor":7,"key":"SMITH"}],"neow_cost":"PERCENT_DAMAGE","seed_source_timestamp":49980938734294,"circlet_count":0,"master_deck":["Strike_B","Strike_B+1","Strike_B","Defend_B","Defend_B","Defend_B","Defend_B","Zap+1","Dualcast","Scrape","Sweeping Beam","Sweeping Beam+1","White Noise","Master of Strategy","Self Repair","Cold Snap","Conserve Battery","Genetic Algorithm+1"],"relics":["Cracked Core","Whetstone","Toxic Egg 2","Sundial"],"potions_floor_usage":[6],"damage_taken":[{"damage":7,"enemies":"2 Louse","floor":1,"turns":2},{"damage":0,"enemies":"Cultist","floor":3,"turns":3},{"damage":4,"enemies":"Jaw Worm","floor":5,"turns":5},{"damage":30,"enemies":"Gremlin Nob","floor":6,"turns":4},{"damage":22,"enemies":"3 Sentries","floor":8,"turns":6},{"damage":16,"enemies":"Lots of Slimes","floor":10,"turns":1}],"seed_played":"-3040537289164680122","potions_obtained":[{"floor":1,"key":"LiquidBronze"},{"floor":5,"key":"Regen Potion"}],"is_trial":false,"path_per_floor":["M","?","M","$","M","E","R","E","T","M"],"character_chosen":"DEFECT","items_purchased":["Sweeping Beam","White Noise","Master of Strategy","Self Repair"],"campfire_rested":0,"item_purchase_floors":[4,4,4,4],"current_hp_per_floor":[43,43,43,43,46,28,28,13,13,0],"gold":104,"neow_bonus":"TWO_FIFTY_GOLD","is_prod":false,"is_daily":false,"chose_seed":false,"campfire_upgraded":1,"win_rate":0,"timestamp":1560385026,"path_taken":["M","?","M","$","M","E","R","E","T","?"],"build_version":"2019-01-23","purchased_purges":0,"victory":false,"max_hp_per_floor":[75,75,75,75,75,75,75,75,75,75],"card_choices":[{"not_picked":["Streamline","Compile Driver"],"picked":"Scrape","floor":1},{"not_picked":["Ball Lightning","Go for the Eyes"],"picked":"Sweeping Beam","floor":3},{"not_picked":["Turbo","Redo"],"picked":"Cold Snap","floor":5},{"not_picked":["Redo","Stack"],"picked":"Conserve Battery","floor":6},{"not_picked":["Beam Cell","Skim"],"picked":"Genetic Algorithm","floor":8}],"player_experience":350606,"relics_obtained":[{"floor":6,"key":"Whetstone"},{"floor":8,"key":"Toxic Egg 2"},{"floor":9,"key":"Sundial"}],"event_choices":[{"cards_removed":["Strike_B"],"damage_healed":0,"gold_gain":0,"player_choice":"Purged","damage_taken":0,"max_hp_gain":0,"max_hp_loss":0,"event_name":"Purifier","floor":2,"gold_loss":0}],"is_beta":false,"boss_relics":[],"items_purged_floors":[],"is_endless":false,"potions_floor_spawned":[1,5],"killed_by":"Lots of Slimes","ascension_level":6}