{"gold_per_floor":[113,113,133,149,159,159,170,202,225,225,240,240,240,255,255,255],"floor_reached":16,"playtime":495,"items_purged":[],"score":203,"play_id":"c7f7d619-6855-4d85-a473-63b9704a95e1","local_time":"20190609181343","is_ascension_mode":true,"campfire_choices":[{"floor":6,"key":"REST"},{"floor":10,"key":"REST"},{"data":"Leg Sweep","floor":12,"key":"SMITH"},{"data":"Neutralize","floor":15,"key":"SMITH"}],"neow_cost":"NONE","seed_source_timestamp":560388510251399,"circlet_count":0,"master_deck":["AscendersBane","Strike_G+1","Strike_G","Strike_G","Strike_G","Strike_G","Defend_G","Defend_G","Defend_G","Defend_G","Defend_G","Survivor","Neutralize+1","Skewer+1","Poisoned Stab","Riddle With Holes","Predator","Leg Sweep+1","Backflip"],"relics":["Ring of the Snake","Anchor","Art of War"],"potions_floor_usage":[8,8,16,16],"damage_taken":[{"damage":1,"enemies":"Cultist","floor":1,"turns":5},{"damage":0,"enemies":"2 Louse","floor":3,"turns":3},{"damage":2,"enemies":"Jaw Worm","floor":4,"turns":4},{"damage":7,"enemies":"Large Slime","floor":5,"turns":6},{"damage":2,"enemies":"2 Fungi Beasts","floor":7,"turns":3},{"damage":40,"enemies":"3 Sentries","floor":8,"turns":9},{"damage":4,"enemies":"Red Slaver","floor":11,"turns":2},{"damage":10,"enemies":"Gremlin Gang","floor":14,"turns":5},{"damage":64,"enemies":"Slime Boss","floor":16,"turns":12}],"seed_played":"7363637662658670025","potions_obtained":[{"floor":1,"key":"Dexterity Potion"},{"floor":3,"key":"FearPotion"},{"floor":8,"key":"Block Potion"},{"floor":14,"key":"Regen Potion"}],"is_trial":false,"path_per_floor":["M","?","M","M","M","R","M","E","T","R","M","R","?","M","R","B"],"character_chosen":"THE_SILENT","items_purchased":[],"campfire_rested":2,"item_purchase_floors":[],"current_hp_per_floor":[64,42,42,40,33,54,52,12,12,33,29,29,53,43,43,0],"gold":255,"neow_bonus":"TEN_PERCENT_HP_BONUS","is_prod":false,"is_daily":false,"chose_seed":false,"campfire_upgraded":2,"win_rate":0,"timestamp":1560096823,"path_taken":["M","?","M","M","M","R","M","E","T","R","M","R","?","M","R","BOSS"],"build_version":"2019-06-07","purchased_purges":0,"victory":false,"max_hp_per_floor":[72,72,72,72,72,72,72,72,72,72,72,72,72,72,72,72],"card_choices":[{"not_picked":["Eviscerate","Blur"],"picked":"Skewer","floor":1},{"not_picked":["Backflip","Dodge and Roll"],"picked":"Poisoned Stab","floor":3},{"not_picked":["Escape Plan","Dodge and Roll"],"picked":"Riddle With Holes","floor":4},{"not_picked":["Deadly Poison","Choke","Dagger Throw"],"picked":"SKIP","floor":5},{"not_picked":["PiercingWail","Flying Knee"],"picked":"Predator","floor":7},{"not_picked":["Catalyst","Bouncing Flask"],"picked":"Leg Sweep","floor":8},{"not_picked":["Underhanded Strike","Prepared","Sucker Punch"],"picked":"SKIP","floor":11},{"not_picked":["Dagger Spray","Dagger Throw"],"picked":"Backflip","floor":14}],"player_experience":807058,"relics_obtained":[{"floor":8,"key":"Anchor"},{"floor":9,"key":"Art of War"}],"event_choices":[{"damage_healed":0,"gold_gain":0,"player_choice":"Entered Light","damage_taken":22,"max_hp_gain":0,"max_hp_loss":0,"event_name":"Shining Light","floor":2,"gold_loss":0,"cards_upgraded":["Strike_G","Skewer"]},{"damage_healed":24,"gold_gain":0,"player_choice":"Banana","damage_taken":0,"max_hp_gain":0,"max_hp_loss":0,"event_name":"Big Fish","floor":13,"gold_loss":0}],"is_beta":true,"boss_relics":[],"items_purged_floors":[],"is_endless":false,"potions_floor_spawned":[1,3,8,14],"killed_by":"Slime Boss","ascension_level":19}