{"gold_per_floor":[117,130,55,72,91,91,116,130,130,93,107,107,124,134,134,213,213,227,240,260,276,276,276,304,304,304,304,323,358,372,404,404,404],"floor_reached":33,"playtime":1247,"items_purged":[],"score":635,"play_id":"baff03bc-6a6e-4c82-8f5e-42ab8eeab01a","local_time":"20190624170405","is_ascension_mode":true,"campfire_choices":[{"data":"Zap","floor":6,"key":"SMITH"},{"floor":12,"key":"REST"},{"floor":15,"key":"REST"},{"floor":23,"key":"REST"},{"floor":25,"key":"REST"},{"floor":27,"key":"REST"},{"floor":32,"key":"RECALL"}],"neow_cost":"NONE","seed_source_timestamp":55322385599600,"circlet_count":0,"master_deck":["AscendersBane","Defend_B","Defend_B","Defend_B+1","Defend_B","Zap+1","Dualcast","Rebound","Coolheaded","Leap+1","Ball Lightning","Loop","Cold Snap","Genetic Algorithm","Ball Lightning","Compile Driver","Biased Cognition","Leap+1","Coolheaded","Coolheaded+1","Hologram","Bite","Bite","Bite","Bite","Bite","Conserve Battery","Rainbow","Compile Driver"],"relics":["Cracked Core","Torii","Dodecahedron","Fusion Hammer","Cables","Dead Branch","Matryoshka","War Paint"],"potions_floor_usage":[7,16,16,24,24,29,31,33],"damage_taken":[{"damage":2,"enemies":"Jaw Worm","floor":1,"turns":4},{"damage":11,"enemies":"Small Slimes","floor":2,"turns":3},{"damage":7,"enemies":"2 Louse","floor":4,"turns":2},{"damage":9,"enemies":"2 Fungi Beasts","floor":5,"turns":3},{"damage":32,"enemies":"Gremlin Nob","floor":7,"turns":4},{"damage":1,"enemies":"Looter","floor":8,"turns":3},{"damage":7,"enemies":"Red Slaver","floor":11,"turns":3},{"damage":2,"enemies":"3 Louse","floor":13,"turns":3},{"damage":0,"enemies":"2 Fungi Beasts","floor":14,"turns":3},{"damage":17,"enemies":"The Guardian","floor":16,"turns":12},{"damage":6,"enemies":"Chosen","floor":18,"turns":5},{"damage":15,"enemies":"3 Byrds","floor":19,"turns":5},{"damage":21,"enemies":"Centurion and Healer","floor":20,"turns":9},{"damage":18,"enemies":"Shelled Parasite and Fungi","floor":21,"turns":6},{"damage":10,"enemies":"Slavers","floor":24,"turns":7},{"damage":17,"enemies":"Snake Plant","floor":28,"turns":4},{"damage":14,"enemies":"Book of Stabbing","floor":29,"turns":7},{"damage":1,"enemies":"Sentry and Sphere","floor":30,"turns":3},{"damage":1,"enemies":"Gremlin Leader","floor":31,"turns":8},{"damage":67,"enemies":"Collector","floor":33,"turns":11}],"seed_played":"-76071732526022755","potions_obtained":[{"floor":1,"key":"SteroidPotion"},{"floor":2,"key":"AttackPotion"},{"floor":11,"key":"FearPotion"},{"floor":13,"key":"GamblersBrew"},{"floor":16,"key":"Poison Potion"},{"floor":19,"key":"Dexterity Potion"},{"floor":21,"key":"Fire Potion"},{"floor":24,"key":"Regen Potion"},{"floor":28,"key":"Energy Potion"},{"floor":29,"key":"EssenceOfSteel"}],"is_trial":false,"path_per_floor":["M","M","?","M","M","R","E","M","T","?","M","R","M","M","R","B",null,"M","M","M","M","?","R","E","R","T","R","M","E","M","E","R","B"],"character_chosen":"DEFECT","items_purchased":[],"campfire_rested":5,"item_purchase_floors":[],"current_hp_per_floor":[69,58,58,51,42,42,10,9,9,9,2,25,23,23,46,29,66,60,45,24,6,6,22,24,40,40,54,39,53,53,54,54,0],"gold":404,"neow_bonus":"TEN_PERCENT_HP_BONUS","is_prod":false,"is_daily":false,"chose_seed":false,"campfire_upgraded":1,"win_rate":0,"timestamp":1561388645,"path_taken":["M","M","?","M","M","R","E","M","T","?","M","R","M","M","R","BOSS","M","M","M","M","?","R","E","R","T","R","M","E","M","E","R","BOSS"],"build_version":"2019-06-21","purchased_purges":0,"victory":false,"max_hp_per_floor":[78,78,78,78,78,78,78,78,78,78,78,78,78,78,78,78,78,78,78,78,78,54,54,54,54,54,54,54,54,54,54,54,54],"card_choices":[{"not_picked":["Beam Cell","Steam"],"picked":"Rebound","floor":1},{"not_picked":["Reprogram","Redo"],"picked":"Coolheaded","floor":2},{"not_picked":["Streamline","Steam"],"picked":"Leap","floor":4},{"not_picked":["Streamline","Capacitor"],"picked":"Ball Lightning","floor":5},{"not_picked":["Doom and Gloom","Leap"],"picked":"Loop","floor":7},{"not_picked":["Stack","Reboot"],"picked":"Cold Snap","floor":8},{"not_picked":["BootSequence","Lockon"],"picked":"Genetic Algorithm","floor":11},{"not_picked":["Barrage","Rebound"],"picked":"Ball Lightning","floor":13},{"not_picked":["Undo","Ball Lightning"],"picked":"Compile Driver","floor":14},{"not_picked":["All For One","Buffer"],"picked":"Biased Cognition","floor":16},{"not_picked":["Turbo","Lockon"],"picked":"Leap+1","floor":18},{"not_picked":["Lockon","Doom and Gloom"],"picked":"Coolheaded","floor":19},{"not_picked":["Storm","Doom and Gloom"],"picked":"Coolheaded+1","floor":20},{"not_picked":["Sunder+1","Fusion"],"picked":"Hologram","floor":21},{"not_picked":["Fission","Barrage"],"picked":"Conserve Battery","floor":24},{"not_picked":["Scrape","Rebound","Gash"],"picked":"SKIP","floor":28},{"not_picked":["White Noise","Beam Cell"],"picked":"Rainbow","floor":29},{"not_picked":["Ball Lightning","Sweeping Beam"],"picked":"Compile Driver","floor":30},{"not_picked":["Steam Power","Conserve Battery","Barrage"],"picked":"SKIP","floor":31}],"player_experience":879753,"relics_obtained":[{"floor":7,"key":"Torii"},{"floor":9,"key":"Dodecahedron"},{"floor":24,"key":"Cables"},{"floor":26,"key":"Dead Branch"},{"floor":29,"key":"Matryoshka"},{"floor":31,"key":"War Paint"}],"event_choices":[{"cards_removed":["Strike_B"],"damage_healed":0,"gold_gain":0,"player_choice":"Card Removal","damage_taken":0,"max_hp_gain":0,"max_hp_loss":0,"event_name":"The Cleric","floor":3,"gold_loss":75},{"damage_healed":0,"gold_gain":0,"player_choice":"Left Gold","damage_taken":0,"max_hp_gain":0,"max_hp_loss":0,"event_name":"World of Goop","floor":10,"gold_loss":37},{"damage_healed":0,"gold_gain":0,"player_choice":"Became a vampire","damage_taken":0,"max_hp_gain":0,"max_hp_loss":24,"event_name":"Vampires","floor":22,"gold_loss":0,"cards_obtained":["Bite","Bite","Bite","Bite","Bite"]}],"is_beta":true,"boss_relics":[{"not_picked":["Busted Crown","Eternal Feather"],"picked":"Fusion Hammer"}],"items_purged_floors":[],"is_endless":false,"potions_floor_spawned":[1,2,11,13,16,19,21,24,28,29],"killed_by":"Collector","ascension_level":19}