{"gold_per_floor":[118,136,61,61,74,74,349,349,349,366,400,418,451,465,465,542,542,559,559],"floor_reached":19,"playtime":681,"items_purged":[],"score":458,"play_id":"11696999-aa4a-4556-ae31-3fbeca0e50d4","local_time":"20190514133711","is_ascension_mode":true,"campfire_choices":[{"data":"Reckless Charge","floor":6,"key":"SMITH"},{"data":"Cleave","floor":8,"key":"SMITH"},{"floor":15,"key":"REST"}],"neow_cost":"NONE","seed_source_timestamp":72781694016800,"circlet_count":0,"master_deck":["AscendersBane","Strike_R","Strike_R+1","Strike_R","Defend_R","Defend_R","Defend_R","Defend_R","Bash+1","Berserk","Wild Strike","Reckless Charge+1","Cleave+1","Regret","Metallicize","Ghostly Armor","Corruption","Pommel Strike","Limit Break","Decay","Doubt","Writhe","Entrench"],"relics":["Burning Blood","Bag of Marbles","Blue Candle","Thread and Needle","Calling Bell","Ancient Tea Set","Kunai","Torii"],"potions_floor_usage":[11,18,19],"damage_taken":[{"damage":13,"enemies":"2 Louse","floor":1,"turns":3},{"damage":1,"enemies":"Cultist","floor":2,"turns":3},{"damage":7,"enemies":"Small Slimes","floor":5,"turns":3},{"damage":4,"enemies":"Exordium Thugs","floor":10,"turns":4},{"damage":5,"enemies":"Gremlin Nob","floor":11,"turns":3},{"damage":0,"enemies":"Blue Slaver","floor":12,"turns":1},{"damage":30,"enemies":"3 Sentries","floor":13,"turns":8},{"damage":6,"enemies":"Red Slaver","floor":14,"turns":3},{"damage":47,"enemies":"Slime Boss","floor":16,"turns":12},{"damage":35,"enemies":"Chosen","floor":18,"turns":6},{"damage":44,"enemies":"3 Byrds","floor":19,"turns":3}],"seed_played":"-2785688767036011939","potions_obtained":[{"floor":5,"key":"SteroidPotion"},{"floor":10,"key":"SpeedPotion"},{"floor":13,"key":"SpeedPotion"},{"floor":16,"key":"AttackPotion"},{"floor":18,"key":"Regen Potion"}],"is_trial":false,"path_per_floor":["M","M","?","?","M","R","?","R","T","M","E","M","E","M","R","B",null,"M","M"],"character_chosen":"IRONCLAD","items_purchased":[],"campfire_rested":1,"item_purchase_floors":[],"current_hp_per_floor":[61,66,66,43,42,42,42,42,42,44,45,51,27,27,49,8,58,29,0],"gold":559,"neow_bonus":"TRANSFORM_CARD","is_prod":false,"is_daily":false,"chose_seed":false,"campfire_upgraded":2,"win_rate":0,"timestamp":1557833831,"path_taken":["M","M","?","?","M","R","?","R","T","M","E","M","E","M","R","BOSS","M","M"],"build_version":"2019-05-07","purchased_purges":0,"victory":false,"max_hp_per_floor":[75,75,75,75,75,75,75,75,75,75,75,75,75,75,75,75,75,75,75],"card_choices":[{"not_picked":["Flex","Dropkick"],"picked":"Wild Strike","floor":1},{"not_picked":["Anger","Iron Wave"],"picked":"Reckless Charge","floor":2},{"not_picked":["Heavy Blade","Sword Boomerang"],"picked":"Cleave","floor":5},{"not_picked":["Body Slam","Pummel"],"picked":"Metallicize","floor":10},{"not_picked":["Twin Strike","True Grit"],"picked":"Ghostly Armor","floor":11},{"not_picked":["Infernal Blade","Corruption","Warcry"],"picked":"SKIP","floor":12},{"not_picked":["Double Tap","Combust"],"picked":"Corruption","floor":13},{"not_picked":["Cleave","Rage"],"picked":"Pommel Strike","floor":14},{"not_picked":["Bludgeon","Fiend Fire"],"picked":"Limit Break","floor":16},{"not_picked":["Dropkick","Cleave"],"picked":"Entrench","floor":18}],"player_experience":706443,"relics_obtained":[{"floor":9,"key":"Bag of Marbles"},{"floor":11,"key":"Blue Candle"},{"floor":13,"key":"Thread and Needle"},{"floor":17,"key":"Ancient Tea Set"},{"floor":17,"key":"Kunai"},{"floor":17,"key":"Torii"}],"event_choices":[{"cards_removed":["Strike_R"],"damage_healed":0,"gold_gain":0,"player_choice":"Card Removal","damage_taken":0,"max_hp_gain":0,"max_hp_loss":0,"event_name":"The Cleric","floor":3,"gold_loss":75},{"damage_healed":0,"gold_gain":0,"player_choice":"Entered Light","damage_taken":23,"max_hp_gain":0,"max_hp_loss":0,"event_name":"Shining Light","floor":4,"gold_loss":0,"cards_upgraded":["Strike_R","Bash"]},{"damage_healed":0,"gold_gain":275,"player_choice":"Desecrate","damage_taken":0,"max_hp_gain":0,"max_hp_loss":0,"event_name":"Golden Shrine","floor":7,"gold_loss":0,"cards_obtained":["Regret"]}],"is_beta":true,"boss_relics":[{"not_picked":["Fusion Hammer","Runic Pyramid"],"picked":"Calling Bell"}],"items_purged_floors":[],"is_endless":false,"potions_floor_spawned":[5,10,13,16,18],"killed_by":"3 Byrds","ascension_level":20}