{"gold_per_floor":[119,119,89,106,117,151,151,166,166,69,96,17,35,35,35,106,106,121,121,138,155,155,183,183,201,250,250,165,115,127,127,127,127],"floor_reached":33,"playtime":1192,"items_purged":["Regret","Pain"],"score":520,"play_id":"914f1a34-e47e-498a-be98-cdb9528dfb25","local_time":"20190507101109","is_ascension_mode":true,"campfire_choices":[{"floor":7.0,"key":"REST"},{"floor":15.0,"key":"REST"},{"floor":24.0,"key":"REST"},{"data":"Turbo","floor":27.0,"key":"SMITH"},{"floor":32.0,"key":"REST"}],"neow_cost":"NONE","seed_source_timestamp":91991645181300,"circlet_count":0,"master_deck":["AscendersBane","Defend_B","Defend_B","Defend_B","Defend_B","Zap","Dualcast","Fission","Compile Driver","Go for the Eyes","Ball Lightning","Cold Snap+1","Genetic Algorithm","Hologram","Ball Lightning+1","FTL+1","Compile Driver+1","Biased Cognition","Compile Driver+1","Cold Snap+1","Chaos","Rip and Tear+1","Go for the Eyes+1","Compile Driver+1","Turbo+1","Leap"],"special_seed":0,"relics":["Cracked Core","Shuriken","Molten Egg 2","Symbiotic Virus","Nunchaku","Empty Cage","WarpedTongs","Dream Catcher","Potion Belt","Smiling Mask"],"potions_floor_usage":[33],"damage_taken":[{"damage":1.0,"enemies":"2 Louse","floor":1.0,"turns":3.0},{"damage":4.0,"enemies":"Cultist","floor":4.0,"turns":3.0},{"damage":3.0,"enemies":"Small Slimes","floor":5.0,"turns":3.0},{"damage":28.0,"enemies":"Lagavulin","floor":6.0,"turns":5.0},{"damage":7.0,"enemies":"Red Slaver","floor":8.0,"turns":3.0},{"damage":14.0,"enemies":"Gremlin Nob","floor":11.0,"turns":4.0},{"damage":6.0,"enemies":"Lots of Slimes","floor":13.0,"turns":3.0},{"damage":25.0,"enemies":"Hexaghost","floor":16.0,"turns":6.0},{"damage":0.0,"enemies":"Spheric Guardian","floor":18.0,"turns":1.0},{"damage":12.0,"enemies":"2 Thieves","floor":20.0,"turns":3.0},{"damage":7.0,"enemies":"Snecko","floor":21.0,"turns":4.0},{"damage":4.0,"enemies":"Gremlin Leader","floor":23.0,"turns":5.0},{"damage":15.0,"enemies":"Centurion and Healer","floor":25.0,"turns":4.0},{"damage":16.0,"enemies":"3 Cultists","floor":30.0,"turns":4.0},{"damage":62,"enemies":"Automaton","floor":33,"turns":6}],"seed_played":"4437447603688892816","potions_obtained":[{"floor":3.0,"key":"FocusPotion"},{"floor":3.0,"key":"LiquidBronze"},{"floor":6.0,"key":"Strength Potion"},{"floor":11.0,"key":"SmokeBomb"},{"floor":18.0,"key":"Block Potion"},{"floor":21.0,"key":"Dexterity Potion"},{"floor":25.0,"key":"FearPotion"}],"is_trial":false,"path_per_floor":["M","?","?","M","M","E","R","M","T","$","E","$","M","?","R","B",null,"M","?","M","M","?","E","R","M","T","R","?","$","M","?","R","B"],"character_chosen":"DEFECT","items_purchased":["Hologram","FTL+1"],"campfire_rested":4,"item_purchase_floors":[10,12],"current_hp_per_floor":[67,67,67,63,60,32,54,47,47,47,33,33,27,27,49,24,62,62,62,50,43,43,39,61,46,46,46,46,46,30,30,52,0],"gold":127,"neow_bonus":"TRANSFORM_CARD","is_prod":false,"is_daily":false,"chose_seed":false,"campfire_upgraded":1,"win_rate":0,"timestamp":1557216669,"path_taken":["M","?","?","M","?","E","R","M","T","$","E","$","M","?","R","BOSS","M","?","M","?","?","E","R","M","T","R","?","$","M","?","R","BOSS"],"build_version":"2019-04-23","purchased_purges":2,"victory":false,"max_hp_per_floor":[75,75,75,75,75,75,75,75,75,75,75,75,75,75,75,75,75,75,75,75,75,75,75,75,75,75,75,75,75,75,75,75,75],"card_choices":[{"not_picked":["Rebound","Streamline"],"picked":"Compile Driver","floor":1.0},{"not_picked":["Barrage","Compile Driver"],"picked":"Go for the Eyes","floor":4.0},{"not_picked":["Skim","Gash"],"picked":"Ball Lightning","floor":5.0},{"not_picked":["FTL","Glacier"],"picked":"Cold Snap","floor":6.0},{"not_picked":["Rebound+1","Steam Power"],"picked":"Genetic Algorithm","floor":8.0},{"not_picked":["Beam Cell+1","Fission"],"picked":"Ball Lightning+1","floor":11.0},{"not_picked":["Steam","Steam Power"],"picked":"Compile Driver+1","floor":13.0},{"not_picked":["Multi-Cast","Electrodynamics"],"picked":"Biased Cognition","floor":16.0},{"not_picked":["Heatsinks","Glacier"],"picked":"Compile Driver+1","floor":18.0},{"not_picked":["Melter+1","Ball Lightning+1"],"picked":"Cold Snap+1","floor":20.0},{"not_picked":["Force Field","Conserve Battery","Gash+1"],"picked":"SKIP","floor":21.0},{"not_picked":["Streamline+1","Hyperbeam+1"],"picked":"Go for the Eyes+1","floor":23.0},{"not_picked":["Tempest","Streamline+1"],"picked":"Compile Driver+1","floor":24.0},{"not_picked":["Beam Cell+1","Redo"],"picked":"Turbo","floor":25.0},{"not_picked":["Turbo","Hello World","Streamline+1"],"picked":"SKIP","floor":30.0},{"not_picked":["Lockon+1","Hologram"],"picked":"Leap","floor":32.0}],"player_experience":578244,"relics_obtained":[{"floor":6.0,"key":"Molten Egg 2"},{"floor":9.0,"key":"Symbiotic Virus"},{"floor":11.0,"key":"Nunchaku"},{"floor":23.0,"key":"Dream Catcher"},{"floor":26.0,"key":"Potion Belt"}],"event_choices":[{"damage_healed":0.0,"max_hp_gain":0.0,"max_hp_loss":0.0,"gold_gain":0.0,"event_name":"Big Fish","player_choice":"Box","floor":2.0,"gold_loss":0.0,"damage_taken":0.0,"relics_obtained":["Shuriken"],"cards_obtained":["Regret"]},{"damage_healed":0.0,"max_hp_gain":0.0,"max_hp_loss":0.0,"gold_gain":0.0,"event_name":"The Woman in Blue","player_choice":"Bought 2 Potions","floor":3.0,"gold_loss":0.0,"damage_taken":0.0},{"damage_healed":0.0,"max_hp_gain":0.0,"max_hp_loss":0.0,"gold_gain":0.0,"event_name":"Wheel of Change","player_choice":"Cursed","floor":14.0,"gold_loss":0.0,"damage_taken":0.0,"cards_obtained":["Decay"]},{"damage_healed":0.0,"max_hp_gain":0.0,"max_hp_loss":0.0,"gold_gain":0.0,"event_name":"Accursed Blacksmith","player_choice":"Rummage","floor":19.0,"gold_loss":0.0,"damage_taken":0.0,"relics_obtained":["WarpedTongs"],"cards_obtained":["Pain"]},{"damage_healed":0.0,"max_hp_gain":0.0,"max_hp_loss":0.0,"gold_gain":0.0,"cards_transformed":["Strike_B","Strike_B"],"event_name":"Drug Dealer","player_choice":"Became Test Subject","floor":22.0,"gold_loss":0.0,"damage_taken":0.0,"cards_obtained":["Chaos","Rip and Tear"]},{"damage_healed":0.0,"max_hp_gain":0.0,"max_hp_loss":0.0,"gold_gain":0.0,"event_name":"Addict","player_choice":"Obtained Relic","floor":28.0,"gold_loss":85.0,"damage_taken":0.0,"relics_obtained":["Smiling Mask"]},{"damage_healed":0.0,"max_hp_gain":0.0,"max_hp_loss":0.0,"gold_gain":0.0,"event_name":"N\u0027loth","player_choice":"Ignored","floor":31.0,"gold_loss":0.0,"damage_taken":0.0}],"is_beta":true,"boss_relics":[{"not_picked":["Velvet Choker","Ectoplasm"],"picked":"Empty Cage"}],"items_purged_floors":[10,29],"is_endless":false,"potions_floor_spawned":[5,6,11,13,18,21,25],"killed_by":"Automaton","ascension_level":13}