{"gold_per_floor":[144,144,189,189,234,324,324,414,414,414,459,504,594,639,639,939,939,984,56,56,101,126,216,216,261,261,306,351,441,486,531,531,831,831,876,267,267,9,54,54,144,189,214,214,304,349,349,394,394,394],"floor_reached":51,"playtime":3372,"items_purged":[],"score":1146,"play_id":"b1c8abe9-fb9f-44ce-b1b6-f767353abd67","local_time":"20181011021109","daily_mods":["Cursed Run","ControlledChaos","Midas"],"is_ascension_mode":false,"campfire_choices":[{"floor":7,"key":"REST"},{"floor":15,"key":"REST"},{"floor":24,"key":"REST"},{"floor":32,"key":"REST"},{"floor":40,"key":"REST"},{"data":"1","floor":49,"key":"LIFT"}],"neow_cost":"","seed_source_timestamp":0,"circlet_count":0,"master_deck":["Strike_B+1","Strike_B","Strike_B","Strike_B+1","Defend_B","Defend_B","Defend_B","Zap","Dualcast","Storm+1","White Noise","FTL","Force Field","Gash","Heatsinks","Capacitor","Undo","Self Repair","Thunder Strike","Skim","Self Repair","Thunder Strike","Writhe","Stack+1","Regret","Genetic Algorithm+1","Barrage","Parasite","Core Surge","Compile Driver","Meteor Strike","Undo+1","Storm+1","Writhe","Fission+1","Sweeping Beam","Hello World","Magnetism","Magnetism","Finesse+1","Finesse+1","Capacitor","FTL","Flash of Steel","Capacitor+1","Capacitor+1","Conserve Battery+1","Doubt","Reinforced Body+1","Barrage","Barrage","Writhe","Compile Driver+1","Shame"],"special_seed":17815,"relics":["Cursed Key","Darkstone Periapt","Du-Vu Doll","Frozen Eye","Kunai","Omamori","Vajra","PreservedInsect","Fusion Hammer","Toxic Egg 2","Sling","Matryoshka","Mummified Hand","Bag of Preparation","Potion Belt","Bird Faced Urn","Art of War","Question Card","Juzu Bracelet","White Beast Statue","Runic Capacitor","Ancient Tea Set","Dream Catcher","Bag of Marbles","Girya","Anchor"],"potions_floor_usage":[6,16,16,21,27,33,42,44,45,46,48,50,50,50],"damage_taken":[{"damage":0,"enemies":"Small Slimes","floor":1,"turns":4},{"damage":0,"enemies":"2 Louse","floor":3,"turns":2},{"damage":0,"enemies":"Cultist","floor":5,"turns":3},{"damage":17,"enemies":"3 Sentries","floor":6,"turns":3},{"damage":13,"enemies":"Lagavulin","floor":8,"turns":5},{"damage":11,"enemies":"Large Slime","floor":11,"turns":3},{"damage":12,"enemies":"Blue Slaver","floor":12,"turns":3},{"damage":0,"enemies":"Gremlin Nob","floor":13,"turns":4},{"damage":0,"enemies":"Red Slaver","floor":14,"turns":3},{"damage":16,"enemies":"The Guardian","floor":16,"turns":6},{"damage":13,"enemies":"2 Thieves","floor":18,"turns":3},{"damage":10,"enemies":"3 Byrds","floor":21,"turns":2},{"damage":8,"enemies":"Book of Stabbing","floor":23,"turns":3},{"damage":1,"enemies":"3 Cultists","floor":25,"turns":3},{"damage":2,"enemies":"Chosen and Byrds","floor":27,"turns":3},{"damage":1,"enemies":"Cultist and Chosen","floor":28,"turns":4},{"damage":12,"enemies":"Slavers","floor":29,"turns":4},{"damage":15,"enemies":"Centurion and Healer","floor":30,"turns":5},{"damage":0,"enemies":"Snecko","floor":31,"turns":4},{"damage":25,"enemies":"Collector","floor":33,"turns":5},{"damage":10,"enemies":"Orb Walker","floor":35,"turns":2},{"damage":9,"enemies":"3 Darklings","floor":39,"turns":3},{"damage":0,"enemies":"Nemesis","floor":41,"turns":3},{"damage":31,"enemies":"Sphere and 2 Shapes","floor":42,"turns":4},{"damage":6,"enemies":"Mind Bloom Boss Battle","floor":44,"turns":3},{"damage":16,"enemies":"2 Orb Walkers","floor":45,"turns":2},{"damage":0,"enemies":"4 Shapes","floor":46,"turns":2},{"damage":0,"enemies":"Transient","floor":48,"turns":5},{"damage":21,"enemies":"Time Eater","floor":50,"turns":4}],"seed_played":"-6142696012314150549","potions_obtained":[{"floor":1,"key":"PowerPotion"},{"floor":8,"key":"Energy Potion"},{"floor":13,"key":"Swift Potion"},{"floor":14,"key":"FearPotion"},{"floor":18,"key":"PowerPotion"},{"floor":25,"key":"SkillPotion"},{"floor":30,"key":"FocusPotion"},{"floor":31,"key":"FearPotion"},{"floor":35,"key":"Poison Potion"},{"floor":39,"key":"AttackPotion"},{"floor":41,"key":"Dexterity Potion"},{"floor":42,"key":"SteroidPotion"},{"floor":44,"key":"SkillPotion"},{"floor":45,"key":"FearPotion"},{"floor":46,"key":"Energy Potion"},{"floor":48,"key":"EssenceOfSteel"}],"is_trial":false,"path_per_floor":["M","?","M","?","M","E","R","E","T","?","M","M","E","M","R","B",null,"M","$","?","M","T","E","R","M","T","M","M","E","M","M","R","B",null,"M","$","?","$","M","R","E","M","T","?","E","M","?","M","R","B"],"character_chosen":"DEFECT","items_purchased":["Toxic Egg 2","Sling","Matryoshka","Self Repair","Thunder Strike","Hello World","Magnetism","Runic Capacitor","Ancient Tea Set","Capacitor","FTL","Flash of Steel"],"campfire_rested":5,"item_purchase_floors":[19,19,19,19,19,36,36,36,36,38,38,38],"current_hp_per_floor":[75,60,60,60,60,43,65,52,52,52,41,29,29,29,51,42,75,69,69,75,65,71,77,87,87,93,93,93,93,93,93,93,94,99,98,98,88,88,99,99,99,79,85,98,97,105,111,111,111,106],"gold":394,"neow_bonus":"","is_prod":false,"is_daily":true,"chose_seed":false,"campfire_upgraded":0,"win_rate":0,"timestamp":1539245469,"path_taken":["M","?","M","?","M","E","R","E","T","?","?","M","E","M","R","BOSS","M","$","?","M","?","E","R","?","T","M","?","E","M","M","R","BOSS","M","$","?","$","M","R","E","M","T","?","E","M","?","M","R","BOSS"],"build_version":"2018-10-04v2","purchased_purges":0,"victory":true,"max_hp_per_floor":[75,75,75,75,75,75,75,75,75,75,75,75,75,75,75,75,75,75,75,81,81,87,87,87,87,93,93,93,93,93,93,93,99,99,99,99,99,99,99,99,99,99,105,105,105,105,111,111,111,117],"card_choices":[{"not_picked":["White Noise","Ball Lightning"],"picked":"Storm","floor":1},{"not_picked":["Rebound","Glacier"],"picked":"White Noise","floor":3},{"not_picked":["Rebound","Cold Snap"],"picked":"FTL","floor":5},{"not_picked":["Cold Snap","Conserve Battery"],"picked":"Force Field","floor":6},{"not_picked":["Hologram","Go for the Eyes"],"picked":"Gash","floor":8},{"not_picked":["Seek","Cold Snap"],"picked":"Heatsinks","floor":11},{"not_picked":["Turbo","Defragment"],"picked":"Capacitor","floor":12},{"not_picked":["Sunder","Barrage"],"picked":"Undo","floor":13},{"not_picked":["Streamline","Turbo"],"picked":"Self Repair","floor":14},{"not_picked":["Hyperbeam","Fission"],"picked":"Thunder Strike","floor":16},{"not_picked":["Gash+1","Redo"],"picked":"Skim","floor":18},{"not_picked":["Go for the Eyes","Cold Snap"],"picked":"Stack+1","floor":21},{"not_picked":["Darkness+1","Beam Cell"],"picked":"Genetic Algorithm+1","floor":23},{"not_picked":["Gash+1","Rebound"],"picked":"Barrage","floor":25},{"not_picked":["Turbo+1","Melter+1","Cold Snap"],"picked":"Core Surge","floor":27},{"not_picked":["Rip and Tear","Beam Cell","Redo+1"],"picked":"Compile Driver","floor":28},{"not_picked":["Sunder+1","Core Surge","Cold Snap"],"picked":"Meteor Strike","floor":29},{"not_picked":["Compile Driver","Steam+1","Leap+1"],"picked":"Undo+1","floor":30},{"not_picked":["Steam+1","Leap+1","Auto Shields+1"],"picked":"Storm+1","floor":31},{"not_picked":["All For One","Hyperbeam","Core Surge"],"picked":"Fission+1","floor":33},{"not_picked":["Steam+1","Genetic Algorithm+1","Aggregate+1"],"picked":"Sweeping Beam","floor":35},{"not_picked":["Forethought+1","Enlightenment+1","Blind+1"],"picked":"Magnetism","floor":37},{"not_picked":["The Bomb+1","Secret Weapon+1","Forethought+1"],"picked":"Finesse+1","floor":37},{"not_picked":["Secret Technique+1","Dark Shackles+1","Swift Strike"],"picked":"Finesse+1","floor":37},{"not_picked":["Lockon","Chill+1","Melter+1"],"picked":"Capacitor+1","floor":39},{"not_picked":["Amplify+1","Reinforced Body+1","Static Discharge+1"],"picked":"Capacitor+1","floor":41},{"not_picked":["Ball Lightning","BootSequence+1","Steam+1"],"picked":"Conserve Battery+1","floor":42},{"not_picked":["BootSequence+1","Streamline+1","Go for the Eyes+1"],"picked":"Reinforced Body+1","floor":44},{"not_picked":["Redo+1","Streamline+1","Undo+1"],"picked":"Barrage","floor":45},{"not_picked":["Gash+1","Beam Cell+1","Scrape"],"picked":"Barrage","floor":46},{"not_picked":["Redo+1","Hologram+1","Rebound+1"],"picked":"Compile Driver+1","floor":48}],"player_experience":93021,"relics_obtained":[{"floor":6,"key":"Kunai"},{"floor":8,"key":"Omamori"},{"floor":9,"key":"Vajra"},{"floor":13,"key":"PreservedInsect"},{"floor":22,"key":"Bag of Preparation"},{"floor":22,"key":"Potion Belt"},{"floor":23,"key":"Bird Faced Urn"},{"floor":26,"key":"Art of War"},{"floor":26,"key":"Question Card"},{"floor":29,"key":"Juzu Bracelet"},{"floor":41,"key":"Dream Catcher"},{"floor":43,"key":"Bag of Marbles"},{"floor":44,"key":"Girya"},{"floor":45,"key":"Anchor"}],"event_choices":[{"event_name":"Shining Light","player_choice":"Entered Light","floor":2,"damage_taken":0},{"event_name":"Purifier","player_choice":"One Purge","floor":4,"damage_taken":0},{"event_name":"Living Wall","player_choice":"Grow","floor":10,"damage_taken":0},{"event_name":"The Mausoleum","player_choice":"Yes","floor":20,"damage_taken":0},{"event_name":"SensoryStone","player_choice":"Memory 3","floor":37,"damage_taken":0},{"event_name":"MindBloom","player_choice":"Fight","floor":44,"damage_taken":0},{"event_name":"Winding Halls","player_choice":"Writhe","floor":47,"damage_taken":0}],"is_beta":false,"boss_relics":[{"not_picked":["Coffee Dripper","Empty Cage"],"picked":"Fusion Hammer"},{"not_picked":["Astrolabe","Philosopher\u0027s Stone"],"picked":"White Beast Statue"}],"items_purged_floors":[],"is_endless":false,"potions_floor_spawned":[1,8,13,14,18,25,30,31,35,39,41,42,44,45,46,48],"ascension_level":0}