{"gold_per_floor":[117,128,53,73,93,93,105,133,184,217,232,232,232,244,244,322,322,339,339,357,282,163,197,197,217,243,81,97,130,230,230,230,230],"floor_reached":33,"playtime":1092,"items_purged":[],"score":659,"play_id":"d932d213-d934-4250-bc71-0e6995dfcf93","local_time":"20190618005407","is_ascension_mode":true,"campfire_choices":[{"data":"Zap","floor":6,"key":"SMITH"},{"floor":13,"key":"REST"},{"floor":15,"key":"REST"},{"data":"Storm","floor":24,"key":"SMITH"},{"floor":32,"key":"REST"}],"neow_cost":"NONE","seed_source_timestamp":398398110414300,"circlet_count":0,"master_deck":["AscendersBane","Zap+1","Dualcast","Ball Lightning","Go for the Eyes","Static Discharge","Compile Driver","Ball Lightning","Chaos","Ball Lightning","Self Repair","Conserve Battery","Core Surge","Rip and Tear","Storm+1","Rainbow","Conserve Battery","Force Field","Reprogram+1","Beam Cell","Undo","BootSequence+1","Glacier","Sweeping Beam","Compile Driver+1","Compile Driver+1","Heatsinks","Double Energy","Defragment","Capacitor"],"relics":["Cracked Core","DataDisk","Juzu Bracelet","Art of War","Mummified Hand","Pandora\u0027s Box","Vajra","Calipers","Bag of Preparation","War Paint","Girya","Ornamental Fan"],"potions_floor_usage":[11,16,16,18,29,30],"damage_taken":[{"damage":1,"enemies":"Cultist","floor":1,"turns":3},{"damage":6,"enemies":"Small Slimes","floor":2,"turns":3},{"damage":0,"enemies":"2 Louse","floor":4,"turns":1},{"damage":12,"enemies":"Exordium Wildlife","floor":5,"turns":3},{"damage":13,"enemies":"Lots of Slimes","floor":7,"turns":4},{"damage":6,"enemies":"Gremlin Nob","floor":8,"turns":3},{"damage":20,"enemies":"3 Sentries","floor":10,"turns":5},{"damage":3,"enemies":"Large Slime","floor":11,"turns":3},{"damage":8,"enemies":"Looter","floor":14,"turns":2},{"damage":0,"enemies":"Slime Boss","floor":16,"turns":6},{"damage":0,"enemies":"3 Byrds","floor":18,"turns":2},{"damage":18,"enemies":"Shell Parasite","floor":20,"turns":3},{"damage":13,"enemies":"Gremlin Leader","floor":23,"turns":7},{"damage":5,"enemies":"Snecko","floor":25,"turns":5},{"damage":1,"enemies":"Centurion and Healer","floor":28,"turns":5},{"damage":34,"enemies":"Slavers","floor":29,"turns":4},{"damage":11,"enemies":"Colosseum Slavers","floor":30,"turns":2},{"damage":1,"enemies":"Colosseum Nobs","floor":30,"turns":3},{"damage":48,"enemies":"Champ","floor":33,"turns":7}],"seed_played":"-1719437548290544175","potions_obtained":[{"floor":7,"key":"PowerPotion"},{"floor":10,"key":"Energy Potion"},{"floor":11,"key":"Weak Potion"},{"floor":14,"key":"PowerPotion"},{"floor":16,"key":"LiquidBronze"},{"floor":28,"key":"AttackPotion"},{"floor":29,"key":"Poison Potion"}],"is_trial":false,"path_per_floor":["M","M","?","M","M","R","M","E","T","E","M","?","R","M","R","B",null,"M","?","M","?","$","E","R","M","T","$","M","E","?","?","R","B"],"character_chosen":"DEFECT","items_purchased":["Glacier","Sweeping Beam","Heatsinks","Double Energy"],"campfire_rested":3,"item_purchase_floors":[22,22,27,27],"current_hp_per_floor":[63,57,57,57,45,45,32,26,26,6,3,3,24,16,37,51,66,71,71,60,60,60,54,54,56,56,56,62,35,30,10,32,0],"gold":230,"neow_bonus":"RANDOM_COMMON_RELIC","is_prod":false,"is_daily":false,"chose_seed":false,"campfire_upgraded":2,"win_rate":0,"timestamp":1560812047,"path_taken":["M","?","?","M","M","R","M","E","T","E","M","?","R","M","R","BOSS","M","?","M","?","$","E","R","M","T","?","M","E","?","?","R","BOSS"],"build_version":"2019-06-13","purchased_purges":0,"victory":false,"max_hp_per_floor":[71,71,71,71,71,71,71,71,71,71,71,71,71,71,71,71,71,71,71,71,71,71,71,71,71,71,71,71,71,71,76,76,76],"card_choices":[{"not_picked":["Compile Driver","Darkness"],"picked":"Ball Lightning","floor":1},{"not_picked":["Scrape","Steam"],"picked":"Go for the Eyes","floor":2},{"not_picked":["Rip and Tear","Skim"],"picked":"Static Discharge","floor":4},{"not_picked":["Ball Lightning","Go for the Eyes"],"picked":"Compile Driver","floor":5},{"not_picked":["Sunder","Go for the Eyes"],"picked":"Ball Lightning","floor":7},{"not_picked":["Steam","Go for the Eyes"],"picked":"Chaos","floor":8},{"not_picked":["Go for the Eyes","Redo"],"picked":"Ball Lightning","floor":10},{"not_picked":["Coolheaded","Glacier"],"picked":"Self Repair","floor":11},{"not_picked":["Leap","Steam"],"picked":"Conserve Battery","floor":14},{"not_picked":["Machine Learning","All For One"],"picked":"Core Surge","floor":16},{"not_picked":["Leap","Redo"],"picked":"Undo","floor":18},{"not_picked":["Glacier","Undo"],"picked":"BootSequence","floor":20},{"not_picked":["Gash","Ball Lightning"],"picked":"Compile Driver+1","floor":23},{"not_picked":["Beam Cell","Multi-Cast"],"picked":"Compile Driver+1","floor":25},{"not_picked":["Go for the Eyes","Gash","Glacier"],"picked":"SKIP","floor":28},{"not_picked":["Genetic Algorithm","Conserve Battery+1"],"picked":"Defragment","floor":29},{"not_picked":["Coolheaded","Static Discharge"],"picked":"Capacitor","floor":30}],"player_experience":858358,"relics_obtained":[{"floor":8,"key":"Juzu Bracelet"},{"floor":9,"key":"Art of War"},{"floor":10,"key":"Mummified Hand"},{"floor":23,"key":"Calipers"},{"floor":26,"key":"Bag of Preparation"},{"floor":29,"key":"War Paint"},{"floor":30,"key":"Girya"},{"floor":30,"key":"Ornamental Fan"}],"event_choices":[{"cards_removed":["Strike_B"],"damage_healed":0,"gold_gain":0,"player_choice":"Card Removal","damage_taken":0,"max_hp_gain":0,"max_hp_loss":0,"event_name":"The Cleric","floor":3,"gold_loss":75},{"damage_healed":0,"gold_gain":0,"player_choice":"Ignored","damage_taken":0,"max_hp_gain":0,"max_hp_loss":0,"event_name":"Golden Wing","floor":12,"gold_loss":0},{"damage_healed":0,"gold_gain":0,"player_choice":"Opened","damage_taken":0,"relics_obtained":["Vajra"],"max_hp_gain":0,"max_hp_loss":0,"event_name":"The Mausoleum","floor":19,"gold_loss":0,"cards_obtained":["Writhe"]},{"cards_removed":["Writhe"],"damage_healed":0,"gold_gain":0,"player_choice":"Gave Gold","damage_taken":0,"max_hp_gain":0,"max_hp_loss":0,"event_name":"Beggar","floor":21,"gold_loss":75},{"damage_healed":0,"gold_gain":0,"player_choice":"Fight","damage_taken":0,"max_hp_gain":0,"max_hp_loss":0,"event_name":"Colosseum","floor":30,"gold_loss":0},{"damage_healed":0,"gold_gain":0,"player_choice":"Fought Nobs","damage_taken":0,"max_hp_gain":0,"max_hp_loss":0,"event_name":"Colosseum","floor":30,"gold_loss":0},{"damage_healed":0,"gold_gain":0,"player_choice":"Shed Blood","damage_taken":25,"max_hp_gain":5,"max_hp_loss":0,"event_name":"Forgotten Altar","floor":31,"gold_loss":0}],"is_beta":true,"boss_relics":[{"not_picked":["FrozenCore","White Beast Statue"],"picked":"Pandora\u0027s Box"}],"items_purged_floors":[],"is_endless":false,"potions_floor_spawned":[7,10,11,14,16,28,29,30],"killed_by":"Champ","ascension_level":18}