{"gold_per_floor":[368,368,44,68,68,68,98,98,98,98,112,112,129,143,143,219,219,234,234,245,258,293,293,328,328,354,354,354],"floor_reached":28,"playtime":845,"items_purged":["Strike_B"],"score":398,"play_id":"2ec46466-d9dc-49c0-893c-8657e9a6f4d0","local_time":"20190507235336","is_ascension_mode":true,"campfire_choices":[{"data":"Zap","floor":6.0,"key":"SMITH"},{"floor":8.0,"key":"REST"},{"data":"Defragment","floor":10.0,"key":"SMITH"},{"data":"Barrage","floor":12.0,"key":"SMITH"},{"floor":15.0,"key":"REST"},{"floor":23,"key":"REST"},{"floor":25,"key":"REST"}],"neow_cost":"CURSE","seed_source_timestamp":0,"circlet_count":0,"master_deck":["AscendersBane","Defend_B+1","Defend_B+1","Zap+1","Dualcast","Tempest","Regret","Defragment+1","Barrage+1","Reprogram","Cold Snap","Biased Cognition","Streamline+1","BootSequence+1","Reboot+1","Defragment","Hologram","Go for the Eyes","Fission","Biased Cognition+1"],"special_seed":0,"relics":["Cracked Core","Membership Card","War Paint","Blood Vial","Centennial Puzzle","Question Card","Cables","Astrolabe","Ginger","Red Mask","Frozen Egg 2","Pen Nib"],"potions_floor_usage":[22,28],"damage_taken":[{"damage":8.0,"enemies":"Small Slimes","floor":1.0,"turns":3.0},{"damage":35.0,"enemies":"3 Sentries","floor":7.0,"turns":8.0},{"damage":2.0,"enemies":"Cultist","floor":11.0,"turns":3.0},{"damage":4.0,"enemies":"Jaw Worm","floor":13.0,"turns":2.0},{"damage":13.0,"enemies":"Exordium Wildlife","floor":14.0,"turns":4.0},{"damage":25.0,"enemies":"Hexaghost","floor":16.0,"turns":9.0},{"damage":13,"enemies":"Spheric Guardian","floor":18,"turns":4},{"damage":8,"enemies":"Shell Parasite","floor":20,"turns":4},{"damage":15,"enemies":"3 Cultists","floor":21,"turns":6},{"damage":16,"enemies":"Masked Bandits","floor":22,"turns":3},{"damage":20,"enemies":"Gremlin Leader","floor":24,"turns":7},{"damage":44,"enemies":"Slavers","floor":28,"turns":4}],"seed_played":"-3799169188386767290","potions_obtained":[{"floor":1.0,"key":"SpeedPotion"},{"floor":13.0,"key":"Explosive Potion"},{"floor":22,"key":"Energy Potion"}],"is_trial":false,"path_per_floor":["M","?","$","T","?","R","E","R","T","R","M","R","M","M","R","B",null,"M","?","M","M","?","R","E","R","T","?","E"],"character_chosen":"DEFECT","items_purchased":["Membership Card","War Paint"],"campfire_rested":4,"item_purchase_floors":[3,3],"current_hp_per_floor":[56,56,56,56,56,56,23,44,44,44,44,44,42,31,52,29,61,50,50,44,31,17,38,20,41,41,41,0],"gold":354,"neow_bonus":"TWO_FIFTY_GOLD","is_prod":false,"is_daily":false,"chose_seed":false,"campfire_upgraded":3,"win_rate":0,"timestamp":1557266016,"path_taken":["M","?","$","?","?","R","E","R","T","R","M","R","M","?","R","BOSS","M","?","?","M","?","R","E","R","T","?","E"],"build_version":"2019-04-23","purchased_purges":1,"victory":false,"max_hp_per_floor":[71,71,71,71,71,71,71,71,71,71,71,71,71,71,71,71,71,71,71,71,71,71,71,71,71,71,71,71],"card_choices":[{"not_picked":["Chill","Blizzard"],"picked":"Tempest","floor":1.0},{"not_picked":["Reprogram","Chaos"],"picked":"Defragment","floor":7.0},{"not_picked":["Stack","Steam","Hologram"],"picked":"Barrage","floor":11.0},{"not_picked":["Rip and Tear","Steam Power","Streamline"],"picked":"Reprogram","floor":13.0},{"not_picked":["Coolheaded","Double Energy","Leap"],"picked":"Cold Snap","floor":14.0},{"not_picked":["Buffer","Echo Form","Multi-Cast"],"picked":"Biased Cognition","floor":16.0},{"not_picked":["Stack","Rebound","Turbo"],"picked":"Defragment","floor":18},{"not_picked":["Undo","Redo","FTL","Melter"],"picked":"SKIP","floor":20},{"not_picked":["Force Field","Heatsinks","Rebound"],"picked":"Hologram","floor":21},{"not_picked":["Turbo","Static Discharge","Coolheaded"],"picked":"Go for the Eyes","floor":22},{"not_picked":["Barrage","Cold Snap","Hello World","Static Discharge"],"picked":"SKIP","floor":24}],"player_experience":595573,"relics_obtained":[{"floor":4.0,"key":"Blood Vial"},{"floor":7.0,"key":"Question Card"},{"floor":9.0,"key":"Cables"},{"floor":19,"key":"Ginger"},{"floor":22,"key":"Red Mask"},{"floor":24,"key":"Frozen Egg 2"},{"floor":26,"key":"Pen Nib"}],"event_choices":[{"cards_removed":["Shame"],"damage_healed":0.0,"max_hp_gain":0.0,"max_hp_loss":0.0,"gold_gain":0.0,"event_name":"Fountain of Cleansing","player_choice":"Removed Curses","floor":2.0,"gold_loss":0.0,"damage_taken":0.0},{"damage_healed":0.0,"max_hp_gain":0.0,"max_hp_loss":0.0,"gold_gain":0.0,"event_name":"Big Fish","player_choice":"Box","floor":5.0,"gold_loss":0.0,"damage_taken":0.0,"relics_obtained":["Centennial Puzzle"],"cards_obtained":["Regret"]},{"damage_healed":0,"gold_gain":0,"player_choice":"Relic","damage_taken":0,"max_hp_gain":0,"max_hp_loss":0,"event_name":"Wheel of Change","floor":19,"gold_loss":0},{"damage_healed":0,"gold_gain":0,"player_choice":"Fought Bandits","damage_taken":0,"max_hp_gain":0,"max_hp_loss":0,"event_name":"Masked Bandits","floor":22,"gold_loss":0},{"damage_healed":0,"gold_gain":0,"cards_transformed":["Defend_B","Defend_B"],"player_choice":"Became Test Subject","damage_taken":0,"max_hp_gain":0,"max_hp_loss":0,"event_name":"Drug Dealer","floor":27,"gold_loss":0,"cards_obtained":["Fission","Biased Cognition"]}],"is_beta":true,"boss_relics":[{"not_picked":["Busted Crown","FrozenCore"],"picked":"Astrolabe"}],"items_purged_floors":[3],"is_endless":false,"potions_floor_spawned":[1,13,21,22],"killed_by":"Slavers","ascension_level":14}