{"gold_per_floor":[118,118,130,130,140,170,170,203,203,203,215,22,45,96,96,96],"floor_reached":16,"playtime":515,"items_purged":["Regret"],"score":178,"play_id":"0253034c-736c-41ec-b8fa-02695d5154cb","local_time":"20190502085057","is_ascension_mode":true,"campfire_choices":[{"floor":7,"key":"REST"},{"floor":10,"key":"REST"},{"data":"Sweeping Beam","floor":15,"key":"SMITH"}],"neow_cost":"NONE","seed_source_timestamp":341890895317300,"circlet_count":0,"master_deck":["AscendersBane","Strike_B","Strike_B","Strike_B","Strike_B","Defend_B","Defend_B","Defend_B","Defend_B","Zap","Dualcast","Sweeping Beam+1","Double Energy","Recycle","Coolheaded","Leap","Leap+1","Panacea+1","Hologram+1","Rainbow+1"],"relics":["Cracked Core","FaceOfCleric","Blood Vial","Bottled Flame","Pen Nib","Toxic Egg 2","Odd Mushroom","Potion Belt"],"potions_floor_usage":[8,16],"damage_taken":[{"damage":8,"enemies":"Jaw Worm","floor":1,"turns":4},{"damage":1,"enemies":"Cultist","floor":3,"turns":3},{"damage":6,"enemies":"Small Slimes","floor":5,"turns":3},{"damage":46,"enemies":"Lagavulin","floor":6,"turns":9},{"damage":39,"enemies":"3 Sentries","floor":8,"turns":9},{"damage":6,"enemies":"Blue Slaver","floor":11,"turns":4},{"damage":3,"enemies":"The Mushroom Lair","floor":13,"turns":5},{"damage":49,"enemies":"Slime Boss","floor":16,"turns":9}],"seed_played":"-5560659690787589871","potions_obtained":[{"floor":6,"key":"Regen Potion"},{"floor":11,"key":"Swift Potion"}],"is_trial":false,"path_per_floor":["M","?","M","?","M","E","R","E","T","R","M","$","?","T","R","B"],"character_chosen":"DEFECT","items_purchased":["Panacea+1","Hologram+1"],"campfire_rested":2,"item_purchase_floors":[12,12],"current_hp_per_floor":[67,67,67,67,64,21,46,25,25,50,47,47,47,47,47,0],"gold":96,"neow_bonus":"TEN_PERCENT_HP_BONUS","is_prod":false,"is_daily":false,"chose_seed":false,"campfire_upgraded":1,"win_rate":0,"timestamp":1556779857,"path_taken":["M","?","?","?","M","E","R","E","T","R","M","$","?","?","R","BOSS"],"build_version":"2019-04-23","purchased_purges":1,"victory":false,"max_hp_per_floor":[82,82,83,83,84,85,85,86,86,86,87,87,88,88,88,88],"card_choices":[{"not_picked":["Conserve Battery","Rebound"],"picked":"Sweeping Beam","floor":1},{"not_picked":["Steam","Streamline"],"picked":"Double Energy","floor":3},{"not_picked":["Blizzard","Streamline"],"picked":"Recycle","floor":5},{"not_picked":["Cold Snap","Turbo"],"picked":"Coolheaded","floor":6},{"not_picked":["Skim","Hologram"],"picked":"Leap","floor":8},{"not_picked":["Hello World","Coolheaded+1"],"picked":"Leap+1","floor":11},{"not_picked":["Coolheaded+1","Chill+1"],"picked":"Rainbow+1","floor":13}],"player_experience":538637,"relics_obtained":[{"floor":6,"key":"Bottled Flame"},{"floor":8,"key":"Pen Nib"},{"floor":9,"key":"Toxic Egg 2"},{"floor":13,"key":"Odd Mushroom"},{"floor":14,"key":"Potion Belt"}],"event_choices":[{"damage_healed":0,"gold_gain":0,"player_choice":"Trade","damage_taken":0,"relics_obtained":["FaceOfCleric"],"max_hp_gain":0,"max_hp_loss":0,"event_name":"FaceTrader","floor":2,"gold_loss":0},{"damage_healed":0,"gold_gain":0,"player_choice":"Box","damage_taken":0,"relics_obtained":["Blood Vial"],"max_hp_gain":0,"max_hp_loss":0,"event_name":"Big Fish","floor":4,"gold_loss":0,"cards_obtained":["Regret"]},{"damage_healed":0,"gold_gain":0,"player_choice":"Fought Mushrooms","damage_taken":0,"max_hp_gain":0,"max_hp_loss":0,"event_name":"Mushrooms","floor":13,"gold_loss":0}],"is_beta":true,"boss_relics":[],"items_purged_floors":[12],"is_endless":false,"potions_floor_spawned":[6,11],"killed_by":"Slime Boss","ascension_level":13}