{"gold_per_floor":[113,133,133,150,29,29,61,61,61,136,151,23,23,48,48,145,145,163,195,294,3,21,21,36,36,36,67,83,83,118,135,135,135],"floor_reached":33,"playtime":2163,"items_purged":["Strike_G"],"score":446,"play_id":"27ea88d3-1b7c-4a5f-862f-530b3381582a","local_time":"20190617210857","is_ascension_mode":true,"campfire_choices":[{"data":"Sucker Punch","floor":6,"key":"SMITH"},{"floor":15,"key":"REST"},{"data":"Adrenaline","floor":23,"key":"SMITH"},{"data":"After Image","floor":25,"key":"SMITH"},{"data":"Burst","floor":29,"key":"SMITH"},{"floor":32,"key":"REST"}],"neow_cost":"NONE","seed_source_timestamp":16808418799233,"circlet_count":0,"master_deck":["Defend_G","Defend_G","Defend_G+1","Defend_G","Defend_G","Strike_G","Strike_G","Strike_G","Strike_G","Survivor","Neutralize+1","Adrenaline+1","Predator","PiercingWail","Dash","Sucker Punch+1","Malaise+1","Backstab","Footwork","After Image","Burst+1","Sucker Punch","Prepared","After Image+1","Finisher+1","Leg Sweep","Acrobatics"],"relics":["Ring of the Snake","Gremlin Horn","War Paint","Pantograph","Sozu","Red Mask","Calipers","Bottled Flame","Anchor"],"potions_floor_usage":[14,19],"damage_taken":[{"damage":9,"enemies":"Jaw Worm","floor":1,"turns":8},{"damage":0,"enemies":"Cultist","floor":2,"turns":3},{"damage":0,"enemies":"2 Louse","floor":4,"turns":2},{"damage":22,"enemies":"3 Sentries","floor":7,"turns":9},{"damage":4,"enemies":"Large Slime","floor":11,"turns":4},{"damage":4,"enemies":"Lagavulin","floor":14,"turns":8},{"damage":0,"enemies":"The Guardian","floor":16,"turns":17},{"damage":1,"enemies":"Spheric Guardian","floor":18,"turns":4},{"damage":12,"enemies":"Masked Bandits","floor":19,"turns":7},{"damage":0,"enemies":"2 Thieves","floor":22,"turns":5},{"damage":0,"enemies":"Snake Plant","floor":24,"turns":8},{"damage":12,"enemies":"Book of Stabbing","floor":27,"turns":9},{"damage":0,"enemies":"Sentry and Sphere","floor":28,"turns":7},{"damage":23,"enemies":"Slavers","floor":30,"turns":9},{"damage":0,"enemies":"Centurion and Healer","floor":31,"turns":13},{"damage":69,"enemies":"Automaton","floor":33,"turns":20}],"seed_played":"-999512042455762521","potions_obtained":[{"floor":1,"key":"Weak Potion"},{"floor":4,"key":"SpeedPotion"},{"floor":16,"key":"Block Potion"}],"is_trial":false,"path_per_floor":["M","M","?","M","$","R","E","?","T","?","M","$","?","E","R","B",null,"M","?","?","$","M","R","M","R","T","E","M","R","E","M","R","B"],"character_chosen":"THE_SILENT","items_purchased":["Sucker Punch","Footwork","Block Potion","Calipers"],"campfire_rested":2,"item_purchase_floors":[5,12,12,21],"current_hp_per_floor":[54,54,54,54,54,54,32,32,32,21,17,17,17,13,34,59,67,66,54,54,54,54,54,54,54,54,42,42,42,19,19,40,0],"gold":135,"neow_bonus":"ONE_RANDOM_RARE_CARD","is_prod":false,"is_daily":false,"chose_seed":false,"campfire_upgraded":4,"win_rate":0,"timestamp":1560830937,"path_taken":["M","M","?","?","$","R","E","?","T","?","M","$","?","E","R","BOSS","M","?","?","?","M","R","M","R","T","E","M","R","E","M","R","BOSS"],"build_version":"2019-01-23","purchased_purges":1,"victory":false,"max_hp_per_floor":[70,70,70,70,70,70,70,70,70,70,70,70,70,70,70,70,70,70,70,70,70,70,70,70,70,70,70,70,70,70,70,70,70],"card_choices":[{"not_picked":["Dagger Throw","Finisher"],"picked":"Predator","floor":1},{"not_picked":["Terror","Accuracy"],"picked":"PiercingWail","floor":2},{"not_picked":["Outmaneuver","Bane"],"picked":"Dash","floor":4},{"not_picked":["Heel Hook","Backstab"],"picked":"Malaise","floor":7},{"not_picked":["Acrobatics","Deadly Poison"],"picked":"Backstab","floor":11},{"not_picked":["Quick Slash","Distraction"],"picked":"After Image","floor":14},{"not_picked":["Bullet Time","Wraith Form v2"],"picked":"Burst","floor":16},{"not_picked":["PiercingWail","Catalyst"],"picked":"Sucker Punch","floor":18},{"not_picked":["Acrobatics","Tactician"],"picked":"Prepared","floor":19},{"not_picked":["Crippling Poison+1","Prepared"],"picked":"After Image","floor":22},{"not_picked":["Flechettes","Masterful Stab","Deadly Poison"],"picked":"SKIP","floor":24},{"not_picked":["Prepared","Slice"],"picked":"Finisher+1","floor":27},{"not_picked":["Heel Hook","Backstab"],"picked":"Leg Sweep","floor":28},{"not_picked":["Unload","Setup","Flechettes"],"picked":"SKIP","floor":30},{"not_picked":["Bane+1","Concentrate+1"],"picked":"Acrobatics","floor":31}],"player_experience":339497,"relics_obtained":[{"floor":7,"key":"Gremlin Horn"},{"floor":9,"key":"War Paint"},{"floor":14,"key":"Pantograph"},{"floor":19,"key":"Red Mask"},{"floor":27,"key":"Bottled Flame"},{"floor":30,"key":"Anchor"}],"event_choices":[{"damage_healed":0,"gold_gain":0,"player_choice":"Upgraded","damage_taken":0,"max_hp_gain":0,"max_hp_loss":0,"event_name":"Upgrade Shrine","floor":3,"gold_loss":0,"cards_upgraded":["Neutralize"]},{"damage_healed":0,"gold_gain":0,"player_choice":"Ignored","damage_taken":0,"max_hp_gain":0,"max_hp_loss":0,"event_name":"Shining Light","floor":8,"gold_loss":0},{"damage_healed":0,"gold_gain":75,"player_choice":"Gather Gold","damage_taken":11,"max_hp_gain":0,"max_hp_loss":0,"event_name":"World of Goop","floor":10,"gold_loss":0},{"damage_healed":0,"gold_gain":0,"player_choice":"Leave","damage_taken":0,"max_hp_gain":0,"max_hp_loss":0,"event_name":"The Cleric","floor":13,"gold_loss":0},{"damage_healed":0,"gold_gain":0,"player_choice":"Fought Bandits","damage_taken":0,"max_hp_gain":0,"max_hp_loss":0,"event_name":"Masked Bandits","floor":19,"gold_loss":0},{"damage_healed":0,"gold_gain":99,"player_choice":"Stole From Cult","damage_taken":0,"max_hp_gain":0,"max_hp_loss":0,"event_name":"Nest","floor":20,"gold_loss":0}],"is_beta":false,"boss_relics":[{"not_picked":["Lizard Tail","Ring of the Serpent"],"picked":"Sozu"}],"items_purged_floors":[5],"is_endless":false,"potions_floor_spawned":[1,4,16,19,28],"killed_by":"Automaton","ascension_level":6}