{"gold_per_floor":[110,128,128,146,165,165,165,177,203,203,230,241,269,269],"floor_reached":14,"playtime":815,"items_purged":[],"score":184,"play_id":"139aa38c-929a-432e-b659-ab25cea615d8","local_time":"20190617024656","is_ascension_mode":true,"campfire_choices":[{"floor":6,"key":"REST"},{"data":"Storm","floor":10,"key":"SMITH"}],"neow_cost":"PERCENT_DAMAGE","seed_source_timestamp":319041428412400,"circlet_count":0,"master_deck":["AscendersBane","Strike_B","Strike_B","Strike_B","Defend_B","Defend_B","Defend_B","Defend_B","Zap","Dualcast","BootSequence","Cold Snap","Chill","Defragment","Leap","Loop","Storm+1","Seek","Barrage","Sweeping Beam","Ball Lightning","Cold Snap"],"relics":["Cracked Core","Prayer Wheel","PreservedInsect","Bronze Scales","Ancient Tea Set"],"potions_floor_usage":[12,13],"damage_taken":[{"damage":7,"enemies":"Jaw Worm","floor":1,"turns":3},{"damage":13,"enemies":"Small Slimes","floor":2,"turns":3},{"damage":0,"enemies":"2 Louse","floor":4,"turns":3},{"damage":0,"enemies":"2 Fungi Beasts","floor":5,"turns":4},{"damage":0,"enemies":"3 Louse","floor":8,"turns":5},{"damage":12,"enemies":"3 Sentries","floor":11,"turns":7},{"damage":11,"enemies":"Lots of Slimes","floor":12,"turns":3},{"damage":12,"enemies":"Gremlin Nob","floor":13,"turns":3},{"damage":5,"enemies":"Exordium Thugs","floor":14,"turns":1}],"seed_played":"-6022615619350008311","potions_obtained":[{"floor":2,"key":"Weak Potion"},{"floor":5,"key":"SkillPotion"}],"is_trial":false,"path_per_floor":["M","M","?","M","M","R","?","M","T","R","E","M","E","M"],"character_chosen":"DEFECT","items_purchased":[],"campfire_rested":1,"item_purchase_floors":[],"current_hp_per_floor":[39,26,19,19,19,40,40,40,40,40,28,17,5,0],"gold":269,"neow_bonus":"ONE_RARE_RELIC","is_prod":false,"is_daily":false,"chose_seed":false,"campfire_upgraded":1,"win_rate":0,"timestamp":1560732416,"path_taken":["M","M","?","M","M","R","?","M","T","R","E","M","E","M"],"build_version":"2019-06-13","purchased_purges":0,"victory":false,"max_hp_per_floor":[71,71,71,71,71,71,71,71,71,71,71,71,71,71],"card_choices":[{"not_picked":["Coolheaded","Go for the Eyes"],"picked":"BootSequence","floor":1},{"not_picked":["Recycle","Hologram","Turbo"],"picked":"SKIP","floor":1},{"not_picked":["Go for the Eyes","Streamline"],"picked":"Cold Snap","floor":2},{"not_picked":["Capacitor","Heatsinks"],"picked":"Chill","floor":2},{"not_picked":["Rebound","Capacitor"],"picked":"Defragment","floor":4},{"not_picked":["Lockon","Storm"],"picked":"Leap","floor":4},{"not_picked":["Rebound","Steam Power"],"picked":"Loop","floor":5},{"not_picked":["Gash","Leap"],"picked":"Storm","floor":5},{"not_picked":["Glacier","Beam Cell"],"picked":"Seek","floor":8},{"not_picked":["Redo","Stack","Hologram"],"picked":"SKIP","floor":8},{"not_picked":["Fusion","Steam"],"picked":"Barrage","floor":11},{"not_picked":["Consume","Streamline"],"picked":"Sweeping Beam","floor":12},{"not_picked":["Hologram","Consume"],"picked":"Ball Lightning","floor":12},{"not_picked":["Steam","Chill"],"picked":"Cold Snap","floor":13}],"player_experience":852219,"relics_obtained":[{"floor":9,"key":"PreservedInsect"},{"floor":11,"key":"Bronze Scales"},{"floor":13,"key":"Ancient Tea Set"}],"event_choices":[{"cards_removed":["Strike_B"],"damage_healed":0,"gold_gain":0,"player_choice":"Card Removal","damage_taken":7,"max_hp_gain":0,"max_hp_loss":0,"event_name":"Golden Wing","floor":3,"gold_loss":0},{"damage_healed":0,"gold_gain":0,"player_choice":"Ignored","damage_taken":0,"max_hp_gain":0,"max_hp_loss":0,"event_name":"Shining Light","floor":7,"gold_loss":0}],"is_beta":true,"boss_relics":[],"items_purged_floors":[],"is_endless":false,"potions_floor_spawned":[2,5,11],"killed_by":"Exordium Thugs","ascension_level":16}