{"gold_per_floor":[166,15,35,35,48,48,79,79,79,79,95,128,148,161,161,256,256,267,283,300,300,80,80,80],"floor_reached":24,"playtime":2485,"items_purged":["Strike_B"],"score":218,"play_id":"8a64d0a0-f577-4628-ab01-6721a0fc8cc6","local_time":"20190626225030","is_ascension_mode":true,"campfire_choices":[{"data":"Zap","floor":6,"key":"SMITH"},{"floor":8,"key":"REST"},{"data":"Go for the Eyes","floor":10,"key":"SMITH"},{"data":"Consume","floor":15,"key":"SMITH"},{"floor":23,"key":"REST"}],"neow_cost":"NONE","seed_source_timestamp":967039566944367,"circlet_count":0,"master_deck":["Strike_B","Strike_B+1","Defend_B","Defend_B","Defend_B","Defend_B","Zap+1","Dualcast","Auto Shields","Cold Snap","Barrage","Go for the Eyes+1","Consume+1","Ball Lightning","Rebound","Buffer","Capacitor+1"],"relics":["Tiny House","Omamori","Question Card","Bag of Marbles","Ginger","Busted Crown","MutagenicStrength","Bag of Preparation"],"potions_floor_usage":[7,11,18,18,18],"damage_taken":[{"damage":1,"enemies":"Jaw Worm","floor":1,"turns":3},{"damage":0,"enemies":"2 Louse","floor":3,"turns":4},{"damage":0,"enemies":"Cultist","floor":5,"turns":4},{"damage":23,"enemies":"Lagavulin","floor":7,"turns":9},{"damage":0,"enemies":"3 Louse","floor":11,"turns":2},{"damage":6,"enemies":"3 Sentries","floor":12,"turns":14},{"damage":11,"enemies":"Gremlin Gang","floor":13,"turns":4},{"damage":1,"enemies":"Exordium Wildlife","floor":14,"turns":6},{"damage":4,"enemies":"Slime Boss","floor":16,"turns":10},{"damage":2,"enemies":"3 Byrds","floor":18,"turns":7},{"damage":0,"enemies":"Chosen","floor":19,"turns":4},{"damage":48,"enemies":"3 Cultists","floor":20,"turns":6},{"damage":57,"enemies":"Gremlin Leader","floor":24,"turns":6}],"seed_played":"1732608042295638285","potions_obtained":[{"floor":0,"key":"Explosive Potion"},{"floor":3,"key":"Ancient Potion"},{"floor":12,"key":"Block Potion"},{"floor":14,"key":"SpeedPotion"},{"floor":16,"key":"SkillPotion"},{"floor":20,"key":"SmokeBomb"}],"is_trial":false,"path_per_floor":["M","$","M","?","M","R","E","R","T","R","M","E","M","M","R","B",null,"M","M","M","?","$","R","E"],"character_chosen":"DEFECT","items_purchased":["Omamori","Bag of Preparation"],"campfire_rested":2,"item_purchase_floors":[2,22],"current_hp_per_floor":[79,79,79,72,72,72,49,73,73,73,73,67,56,55,55,51,80,78,78,30,30,30,54,0],"gold":80,"neow_bonus":"BOSS_RELIC","is_prod":false,"is_daily":false,"chose_seed":false,"campfire_upgraded":3,"win_rate":0,"timestamp":1561603830,"path_taken":["M","$","M","?","M","R","E","R","T","R","M","E","M","M","R","BOSS","M","M","M","?","$","R","E"],"build_version":"2019-01-23","purchased_purges":1,"victory":false,"max_hp_per_floor":[80,80,80,80,80,80,80,80,80,80,80,80,80,80,80,80,80,80,80,80,80,80,80,80],"card_choices":[{"not_picked":["Stack","Streamline"],"picked":"Auto Shields","floor":0},{"not_picked":["Hologram","Chaos"],"picked":"Cold Snap","floor":1},{"not_picked":["Coolheaded","Sweeping Beam"],"picked":"Barrage","floor":3},{"not_picked":["Aggregate","Streamline","Meteor Strike"],"picked":"SKIP","floor":5},{"not_picked":["Sweeping Beam","Compile Driver"],"picked":"Go for the Eyes","floor":7},{"not_picked":["Coolheaded","Leap","Heatsinks"],"picked":"Consume","floor":11},{"not_picked":["Compile Driver","Melter","Skim"],"picked":"Ball Lightning","floor":12},{"not_picked":["Redo","Hologram","Streamline","Gash"],"picked":"SKIP","floor":13},{"not_picked":["Stack","BootSequence","Streamline"],"picked":"Rebound","floor":14},{"not_picked":["Hyperbeam","Biased Cognition","Multi-Cast"],"picked":"Buffer","floor":16},{"not_picked":["Beam Cell","Rebound"],"picked":"SKIP","floor":18},{"not_picked":["Coolheaded"],"picked":"Capacitor+1","floor":19},{"not_picked":["BootSequence+1","Chill"],"picked":"SKIP","floor":20}],"player_experience":141557,"relics_obtained":[{"floor":7,"key":"Question Card"},{"floor":9,"key":"Bag of Marbles"},{"floor":12,"key":"Ginger"}],"event_choices":[{"cards_removed":["Strike_B"],"damage_healed":0,"gold_gain":0,"player_choice":"Card Removal","damage_taken":7,"max_hp_gain":0,"max_hp_loss":0,"event_name":"Golden Wing","floor":4,"gold_loss":0},{"damage_healed":0,"gold_gain":0,"player_choice":"Inject Mutagens","damage_taken":0,"relics_obtained":["MutagenicStrength"],"max_hp_gain":0,"max_hp_loss":0,"event_name":"Drug Dealer","floor":21,"gold_loss":0}],"is_beta":false,"boss_relics":[{"not_picked":["Astrolabe","Empty Cage"],"picked":"Busted Crown"}],"items_purged_floors":[22],"is_endless":false,"potions_floor_spawned":[3,12,14,16,20],"killed_by":"Gremlin Leader","ascension_level":1}