{"gold_per_floor":[109,109,79,90,104,104,129,129,129,129,149,168,168,202,202,279,279,298,312,9,27,27,59,74,74,101,136,136],"floor_reached":28,"playtime":1021,"items_purged":[],"score":456,"play_id":"6965d8e8-216b-4bdb-b214-deb91dfc2ee5","local_time":"20190508114345","is_ascension_mode":true,"campfire_choices":[{"data":"Go for the Eyes","floor":6,"key":"SMITH"},{"floor":8,"key":"REST"},{"data":"Genetic Algorithm","floor":10,"key":"SMITH"},{"floor":15,"key":"REST"}],"neow_cost":"NONE","seed_source_timestamp":184285038720000,"circlet_count":0,"master_deck":["AscendersBane","Strike_B","Defend_B","Defend_B","Defend_B","Defend_B","Zap","Dualcast+1","Echo Form","Go for the Eyes+1","Genetic Algorithm+1","Sweeping Beam","Multi-Cast+1","Self Repair","Cold Snap","White Noise","Core Surge","Steam","Heatsinks+1","Force Field+1","Recycle","Normality"],"relics":["Cracked Core","Mercury Hourglass","Mummified Hand","Vajra","Cursed Key","Ice Cream","Sundial","FossilizedHelix","Blood Vial","War Paint"],"potions_floor_usage":[7,14,16,18,23],"damage_taken":[{"damage":8,"enemies":"2 Louse","floor":1,"turns":4},{"damage":0,"enemies":"Cultist","floor":4,"turns":3},{"damage":5,"enemies":"Jaw Worm","floor":5,"turns":4},{"damage":15,"enemies":"Lagavulin","floor":7,"turns":7},{"damage":10,"enemies":"Lots of Slimes","floor":11,"turns":2},{"damage":5,"enemies":"Red Slaver","floor":12,"turns":3},{"damage":19,"enemies":"3 Sentries","floor":14,"turns":6},{"damage":9,"enemies":"The Guardian","floor":16,"turns":11},{"damage":4,"enemies":"Spheric Guardian","floor":18,"turns":3},{"damage":0,"enemies":"Chosen","floor":19,"turns":4},{"damage":4,"enemies":"Sentry and Sphere","floor":21,"turns":5},{"damage":28,"enemies":"Book of Stabbing","floor":23,"turns":5},{"damage":22,"enemies":"Snake Plant","floor":24,"turns":4},{"damage":30,"enemies":"Gremlin Leader","floor":27,"turns":6},{"damage":15,"enemies":"Shelled Parasite and Fungi","floor":28,"turns":2}],"seed_played":"2260245241828421435","potions_obtained":[{"floor":3,"key":"AttackPotion"},{"floor":3,"key":"Explosive Potion"},{"floor":4,"key":"Energy Potion"},{"floor":14,"key":"Fire Potion"},{"floor":16,"key":"AttackPotion"},{"floor":21,"key":"AttackPotion"},{"floor":23,"key":"Strength Potion"},{"floor":24,"key":"Dexterity Potion"}],"is_trial":false,"path_per_floor":["M","?","?","M","M","R","E","R","T","R","M","M","?","E","R","B",null,"M","M","$","M","?","E","M","?","T","E","M"],"character_chosen":"DEFECT","items_purchased":["Ice Cream"],"campfire_rested":2,"item_purchase_floors":[20],"current_hp_per_floor":[56,49,49,49,44,44,29,50,50,50,40,42,42,23,44,42,64,71,71,71,71,58,37,29,29,29,8,0],"gold":136,"neow_bonus":"TRANSFORM_CARD","is_prod":false,"is_daily":false,"chose_seed":false,"campfire_upgraded":2,"win_rate":0,"timestamp":1557308625,"path_taken":["M","?","?","M","?","R","E","R","T","R","M","M","?","E","R","BOSS","M","?","?","?","?","E","M","?","T","E","?"],"build_version":"2019-05-07","purchased_purges":0,"victory":false,"max_hp_per_floor":[71,71,71,71,71,71,71,71,71,71,71,71,71,71,71,71,71,71,71,71,71,76,76,76,76,76,76,76],"card_choices":[{"not_picked":["Sweeping Beam","Hologram"],"picked":"Go for the Eyes","floor":1},{"not_picked":["Hologram","Self Repair"],"picked":"Genetic Algorithm","floor":4},{"not_picked":["Reprogram","Conserve Battery"],"picked":"Sweeping Beam","floor":5},{"not_picked":["Compile Driver","Chaos"],"picked":"Multi-Cast","floor":7},{"not_picked":["Gash","Stack"],"picked":"Self Repair","floor":11},{"not_picked":["Hologram","Glacier"],"picked":"Cold Snap","floor":12},{"not_picked":["Go for the Eyes","Lockon"],"picked":"White Noise","floor":14},{"not_picked":["Rainbow","Creative AI"],"picked":"Core Surge","floor":16},{"not_picked":["Aggregate","Beam Cell"],"picked":"Steam","floor":18},{"not_picked":["Fusion","Conserve Battery"],"picked":"Heatsinks+1","floor":19},{"not_picked":["Conserve Battery","Turbo"],"picked":"Force Field+1","floor":21},{"not_picked":["Glacier","Reprogram","Steam"],"picked":"SKIP","floor":23},{"not_picked":["Compile Driver","Cold Snap"],"picked":"Recycle","floor":24},{"not_picked":["Turbo","Sweeping Beam","Capacitor"],"picked":"SKIP","floor":27}],"player_experience":605895,"relics_obtained":[{"floor":7,"key":"Mercury Hourglass"},{"floor":9,"key":"Mummified Hand"},{"floor":14,"key":"Vajra"},{"floor":23,"key":"Sundial"},{"floor":26,"key":"Blood Vial"},{"floor":27,"key":"War Paint"}],"event_choices":[{"cards_removed":["Strike_B"],"damage_healed":0,"gold_gain":0,"player_choice":"Card Removal","damage_taken":7,"max_hp_gain":0,"max_hp_loss":0,"event_name":"Golden Wing","floor":2,"gold_loss":0},{"damage_healed":0,"gold_gain":0,"player_choice":"Bought 2 Potions","damage_taken":0,"max_hp_gain":0,"max_hp_loss":0,"event_name":"The Woman in Blue","floor":3,"gold_loss":0},{"cards_removed":["Strike_B"],"damage_healed":0,"gold_gain":0,"player_choice":"Purged","damage_taken":0,"max_hp_gain":0,"max_hp_loss":0,"event_name":"Purifier","floor":13,"gold_loss":0},{"damage_healed":0,"gold_gain":0,"player_choice":"Shed Blood","damage_taken":18,"max_hp_gain":5,"max_hp_loss":0,"event_name":"Forgotten Altar","floor":22,"gold_loss":0},{"damage_healed":0,"gold_gain":0,"player_choice":"Gave Potion","damage_taken":0,"relics_obtained":["FossilizedHelix"],"max_hp_gain":0,"max_hp_loss":0,"event_name":"WeMeetAgain","floor":25,"gold_loss":0}],"is_beta":true,"boss_relics":[{"not_picked":["Busted Crown","Runic Dome"],"picked":"Cursed Key"}],"items_purged_floors":[],"is_endless":false,"potions_floor_spawned":[4,5,14,16,21,23,24],"killed_by":"Shelled Parasite and Fungi","ascension_level":14}