{"gold_per_floor":[115,115,133,147,168,201,201,239,239,264,342,366,386,386,386,510,510,534,534,22,22,22,22,366,366],"floor_reached":25,"playtime":2079,"items_purged":[],"score":254,"play_id":"0d381077-4461-40a7-b475-c98b75256f71","local_time":"20181011223027","is_ascension_mode":true,"campfire_choices":[{"floor":7,"key":"REST"},{"floor":15,"key":"REST"},{"floor":23,"key":"REST"}],"neow_cost":"","seed_source_timestamp":67634641710758,"circlet_count":0,"master_deck":["Defend_G+1","Defend_G+1","Defend_G+1","Defend_G+1","Defend_G+1","Strike_G+1","Strike_G+1","Strike_G+1","Strike_G+1","Strike_G+1","Survivor","Neutralize","Blade Dance","Endless Agony","Backstab","PiercingWail","PiercingWail","Concentrate+1","Slice","All Out Attack","Acrobatics","Unload","Underhanded Strike","Well Laid Plans","Magnetism","Impatience","Tactician","Expertise"],"relics":["Ring of the Snake","Golden Idol","Girya","Darkstone Periapt","Incense Burner","Bottled Lightning","Cursed Key","War Paint","Old Coin"],"potions_floor_usage":[5,6,16,16,25],"damage_taken":[{"damage":10,"enemies":"Small Slimes","floor":1,"turns":4},{"damage":0,"enemies":"2 Louse","floor":3,"turns":2},{"damage":0,"enemies":"Cultist","floor":4,"turns":3},{"damage":22,"enemies":"Exordium Thugs","floor":5,"turns":7},{"damage":27,"enemies":"Gremlin Nob","floor":6,"turns":5},{"damage":31,"enemies":"3 Sentries","floor":8,"turns":12},{"damage":6,"enemies":"2 Fungi Beasts","floor":10,"turns":3},{"damage":0,"enemies":"3 Louse","floor":12,"turns":3},{"damage":0,"enemies":"Red Slaver","floor":13,"turns":4},{"damage":28,"enemies":"The Guardian","floor":16,"turns":14},{"damage":43,"enemies":"Spheric Guardian","floor":18,"turns":6},{"damage":42,"enemies":"Gremlin Leader","floor":24,"turns":11},{"damage":12,"enemies":"Shell Parasite","floor":25,"turns":5}],"seed_played":"7609679294057186887","potions_obtained":[{"floor":1,"key":"LiquidBronze"},{"floor":5,"key":"Regen Potion"},{"floor":10,"key":"SkillPotion"},{"floor":12,"key":"PowerPotion"},{"floor":24,"key":"SkillPotion"}],"is_trial":false,"path_per_floor":["M","?","M","M","M","E","R","E","T","M","T","M","M","?","R","B",null,"M","?","$","?","?","R","E"],"character_chosen":"THE_SILENT","items_purchased":["Well Laid Plans","War Paint","Magnetism","Impatience"],"campfire_rested":3,"item_purchase_floors":[20,20,20,20],"current_hp_per_floor":[60,60,60,60,38,25,44,13,13,7,7,7,7,13,34,6,71,28,28,28,28,28,49,7,0],"gold":366,"neow_bonus":"","is_prod":false,"is_daily":false,"chose_seed":false,"campfire_upgraded":0,"win_rate":0,"timestamp":1539318627,"path_taken":["M","?","M","M","M","E","R","E","T","?","?","M","M","?","R","BOSS","M","?","$","?","?","R","E","M"],"build_version":"2018-10-11","purchased_purges":0,"victory":false,"max_hp_per_floor":[70,65,65,65,65,65,65,65,65,65,65,65,65,71,71,71,71,71,71,71,71,71,71,71,71],"card_choices":[{"not_picked":["Flechettes","Footwork"],"picked":"Blade Dance","floor":1},{"not_picked":["Bane","Outmaneuver"],"picked":"Endless Agony","floor":3},{"not_picked":["Deflect","Prepared"],"picked":"Backstab","floor":4},{"not_picked":["Eviscerate","Sucker Punch"],"picked":"PiercingWail","floor":5},{"not_picked":["Distraction","Burst"],"picked":"PiercingWail","floor":6},{"not_picked":["Eviscerate","Bouncing Flask"],"picked":"Concentrate","floor":8},{"not_picked":["Acrobatics","Poisoned Stab"],"picked":"Slice","floor":10},{"not_picked":["Heel Hook","Predator"],"picked":"All Out Attack","floor":12},{"not_picked":["Poisoned Stab","Calculated Gamble"],"picked":"Acrobatics","floor":13},{"not_picked":["Malaise","Night Terror"],"picked":"Unload","floor":16},{"not_picked":["Dodge and Roll+1","Skewer"],"picked":"Underhanded Strike","floor":18},{"not_picked":["Dagger Throw","Bane+1"],"picked":"Expertise","floor":24}],"player_experience":100862,"relics_obtained":[{"floor":6,"key":"Girya"},{"floor":8,"key":"Darkstone Periapt"},{"floor":9,"key":"Incense Burner"},{"floor":11,"key":"Bottled Lightning"},{"floor":24,"key":"Old Coin"}],"event_choices":[{"event_name":"Golden Idol","player_choice":"Lose Max HP","floor":2,"damage_taken":0},{"event_name":"Wheel of Change","player_choice":"Curse","floor":14,"damage_taken":0},{"event_name":"Purifier","player_choice":"One Purge","floor":19,"damage_taken":0},{"event_name":"Back to Basics","player_choice":"Simplicity","floor":21,"damage_taken":0},{"event_name":"The Library","player_choice":"Read","floor":22,"damage_taken":0}],"is_beta":false,"boss_relics":[{"not_picked":["Tiny House","Black Star"],"picked":"Cursed Key"}],"items_purged_floors":[],"is_endless":false,"potions_floor_spawned":[1,5,10,12,24],"killed_by":"Shell Parasite","ascension_level":2}