{"gold_per_floor":[116,131,148,223,233,233,249,249,249,262,187,187],"floor_reached":12,"playtime":410,"items_purged":["Strike_G"],"score":140,"play_id":"7cf13e76-59ea-4226-92ee-627cfd9852ed","local_time":"20190610100039","is_ascension_mode":true,"campfire_choices":[{"floor":6,"key":"REST"}],"neow_cost":"NONE","seed_source_timestamp":617294781427200,"circlet_count":0,"master_deck":["AscendersBane","Strike_G","Strike_G","Strike_G","Strike_G","Defend_G","Defend_G","Defend_G","Defend_G","Defend_G","Survivor","Neutralize","Dash","Quick Slash","All Out Attack","Poisoned Stab+1","Backflip+1"],"relics":["Ring of the Snake","Regal Pillow","Orichalcum"],"potions_floor_usage":[],"damage_taken":[{"damage":9,"enemies":"Small Slimes","floor":1,"turns":5},{"damage":6,"enemies":"Jaw Worm","floor":2,"turns":6},{"damage":0,"enemies":"Cultist","floor":3,"turns":3},{"damage":23,"enemies":"Exordium Wildlife","floor":5,"turns":8},{"damage":6,"enemies":"2 Fungi Beasts","floor":7,"turns":3},{"damage":0,"enemies":"Red Slaver","floor":10,"turns":4},{"damage":18,"enemies":"Gremlin Gang","floor":12,"turns":3}],"seed_played":"4132155889273638063","potions_obtained":[{"floor":3,"key":"Strength Potion"},{"floor":5,"key":"GamblersBrew"}],"is_trial":false,"path_per_floor":["M","M","M","?","M","R","M","?","T","M","$","M"],"character_chosen":"THE_SILENT","items_purchased":[],"campfire_rested":1,"item_purchase_floors":[],"current_hp_per_floor":[50,44,44,33,10,44,38,18,18,18,18,0],"gold":187,"neow_bonus":"RANDOM_COMMON_RELIC","is_prod":false,"is_daily":false,"chose_seed":false,"campfire_upgraded":0,"win_rate":0,"timestamp":1560153639,"path_taken":["M","M","M","?","M","R","M","?","T","M","$","M"],"build_version":"2019-06-07","purchased_purges":1,"victory":false,"max_hp_per_floor":[66,66,66,66,66,66,66,66,66,66,66,66],"card_choices":[{"not_picked":["Underhanded Strike","Bane"],"picked":"Dash","floor":1},{"not_picked":["Deflect","Blade Dance"],"picked":"Quick Slash","floor":2},{"not_picked":["Quick Slash","Dodge and Roll"],"picked":"All Out Attack","floor":3},{"not_picked":["PiercingWail","Riddle With Holes"],"picked":"Poisoned Stab","floor":5},{"not_picked":["Deflect","Underhanded Strike"],"picked":"Backflip","floor":7},{"not_picked":["Backflip","Prepared","Riddle With Holes"],"picked":"SKIP","floor":10}],"player_experience":809880,"relics_obtained":[{"floor":9,"key":"Orichalcum"}],"event_choices":[{"damage_healed":0,"gold_gain":75,"player_choice":"Gather Gold","damage_taken":11,"max_hp_gain":0,"max_hp_loss":0,"event_name":"World of Goop","floor":4,"gold_loss":0},{"damage_healed":0,"gold_gain":0,"player_choice":"Entered Light","damage_taken":20,"max_hp_gain":0,"max_hp_loss":0,"event_name":"Shining Light","floor":8,"gold_loss":0,"cards_upgraded":["Backflip","Poisoned Stab"]}],"is_beta":true,"boss_relics":[],"items_purged_floors":[11],"is_endless":false,"potions_floor_spawned":[3,5],"killed_by":"Gremlin Gang","ascension_level":19}