{"gold_per_floor":[114,39,214,214,224,252,263,280,280,298,298,298,298,314,314,389,389,354,364,364,230,230,230],"floor_reached":23,"playtime":763,"items_purged":["Regret","Strike_B"],"score":356,"play_id":"b6efc23a-b8d5-4232-a5a2-c8df6fd10a8a","local_time":"20190502090434","is_ascension_mode":true,"campfire_choices":[{"floor":12,"key":"REST"},{"floor":15,"key":"REST"}],"neow_cost":"CURSE","seed_source_timestamp":342438431567800,"circlet_count":0,"master_deck":["AscendersBane","Strike_B","Strike_B","Defend_B","Defend_B","Defend_B","Defend_B","Zap","Dualcast","Blind","Jack Of All Trades","Conserve Battery","Leap","Meteor Strike","Redo","Turbo","Machine Learning","Creative AI","White Noise+1","BootSequence","Doom and Gloom+1"],"special_seed":0,"relics":["Cracked Core","Matryoshka","Strawberry","Molten Egg 2","Bag of Marbles","Nuclear Battery"],"potions_floor_usage":[6,16,23,23],"damage_taken":[{"damage":0.0,"enemies":"Small Slimes","floor":1.0,"turns":3.0},{"damage":1.0,"enemies":"2 Louse","floor":5.0,"turns":2.0},{"damage":0,"enemies":"3 Sentries","floor":6,"turns":5},{"damage":3,"enemies":"Jaw Worm","floor":7,"turns":4},{"damage":3,"enemies":"Looter","floor":8,"turns":4},{"damage":9,"enemies":"Large Slime","floor":10,"turns":7},{"damage":0,"enemies":"2 Fungi Beasts","floor":14,"turns":4},{"damage":65,"enemies":"Hexaghost","floor":16,"turns":15},{"damage":12,"enemies":"2 Thieves","floor":18,"turns":5},{"damage":43,"enemies":"Shell Parasite","floor":19,"turns":6},{"damage":17,"enemies":"Book of Stabbing","floor":23,"turns":4}],"seed_played":"5047192875521320185","potions_obtained":[{"floor":5.0,"key":"AttackPotion"},{"floor":6,"key":"Energy Potion"},{"floor":10,"key":"Explosive Potion"},{"floor":16,"key":"FocusPotion"}],"is_trial":false,"path_per_floor":["M","$","?","?","M","E","M","M","T","M","?","R","?","M","R","B",null,"M","M","?","$","?","E"],"character_chosen":"DEFECT","items_purchased":["Doom and Gloom+1"],"campfire_rested":2,"item_purchase_floors":[21],"current_hp_per_floor":[68,68,68,73,72,72,69,66,73,64,31,57,57,57,83,18,70,58,15,15,15,15,0],"gold":230,"neow_bonus":"RANDOM_COLORLESS_2","is_prod":false,"is_daily":false,"chose_seed":false,"campfire_upgraded":0,"win_rate":0,"timestamp":1556780674,"path_taken":["M","$","?","?","M","E","M","M","T","M","?","R","?","?","R","BOSS","M","M","?","$","?","E"],"build_version":"2019-04-23","purchased_purges":2,"victory":false,"max_hp_per_floor":[75,75,75,80,80,80,80,80,87,87,87,87,87,87,87,87,87,87,87,87,87,87,87],"card_choices":[{"not_picked":["Redo","Coolheaded"],"picked":"Conserve Battery","floor":1.0},{"not_picked":["Conserve Battery","Streamline"],"picked":"Leap","floor":5.0},{"not_picked":["Conserve Battery","Streamline"],"picked":"Meteor Strike","floor":6},{"not_picked":["Coolheaded","Beam Cell"],"picked":"Redo","floor":7},{"not_picked":["Capacitor","Chaos"],"picked":"Turbo","floor":8},{"not_picked":["Coolheaded","Streamline+1"],"picked":"Machine Learning","floor":10},{"not_picked":["Barrage+1","Hologram","Turbo"],"picked":"SKIP","floor":14},{"not_picked":["Thunder Strike+1","Electrodynamics"],"picked":"Creative AI","floor":16},{"not_picked":["Steam","Barrage+1"],"picked":"White Noise+1","floor":18},{"not_picked":["Redo","Leap"],"picked":"BootSequence","floor":19}],"player_experience":539152,"relics_obtained":[{"floor":6,"key":"Matryoshka"},{"floor":9,"key":"Strawberry"},{"floor":9,"key":"Molten Egg 2"}],"event_choices":[{"damage_healed":0.0,"max_hp_gain":0.0,"max_hp_loss":0.0,"gold_gain":175.0,"event_name":"Liars Game","player_choice":"AGREE","floor":3.0,"gold_loss":0.0,"damage_taken":0.0,"cards_obtained":["Doubt"]},{"damage_healed":0.0,"max_hp_gain":5.0,"max_hp_loss":0.0,"gold_gain":0.0,"event_name":"Big Fish","player_choice":"Donut","floor":4.0,"gold_loss":0.0,"damage_taken":0.0},{"damage_healed":0,"gold_gain":0,"player_choice":"Success","damage_taken":33,"relics_obtained":["Bag of Marbles"],"max_hp_gain":0,"max_hp_loss":0,"event_name":"Scrap Ooze","floor":11,"gold_loss":0},{"cards_removed":["Doubt"],"damage_healed":0,"gold_gain":0,"player_choice":"Forget","damage_taken":0,"max_hp_gain":0,"max_hp_loss":0,"event_name":"Living Wall","floor":13,"gold_loss":0},{"cards_removed":["Strike_B"],"damage_healed":0,"gold_gain":0,"player_choice":"Elegance","damage_taken":0,"max_hp_gain":0,"max_hp_loss":0,"event_name":"Back to Basics","floor":20,"gold_loss":0},{"damage_healed":0,"gold_gain":0,"player_choice":"Ignored","damage_taken":0,"max_hp_gain":0,"max_hp_loss":0,"event_name":"Ghosts","floor":22,"gold_loss":0}],"is_beta":true,"boss_relics":[{"not_picked":["Sozu","Orrery"],"picked":"Nuclear Battery"}],"items_purged_floors":[2,21],"is_endless":false,"potions_floor_spawned":[5,6,10,16],"killed_by":"Book of Stabbing","ascension_level":13}