{"gold_per_floor":[112,187,462,475,495,154,182,1,75,75,75,95,131,150,150,239,239,264,264,288,308,91,91,126,28,340,352],"floor_reached":27,"playtime":979,"items_purged":["Strike_G","Strike_G"],"score":495,"play_id":"7c15ee8a-1fa2-45fc-83b5-0f25464953d7","local_time":"20190610095339","is_ascension_mode":true,"campfire_choices":[{"floor":10.0,"key":"REST"},{"floor":15.0,"key":"REST"},{"floor":23.0,"key":"REST"}],"neow_cost":"NONE","seed_source_timestamp":616230975003100,"circlet_count":0,"master_deck":["AscendersBane","Strike_G","Strike_G","Defend_G","Defend_G","Defend_G","Defend_G","Defend_G","Survivor","Neutralize","Finisher","Dagger Throw","Terror","Unload","Well Laid Plans","Choke","Crippling Poison","Blade Dance+1","Bullet Time","Predator+1","Dodge and Roll","Panache+1"],"special_seed":0,"relics":["Ring of the Snake","Omamori","Ornamental Fan","Bag of Marbles","Frozen Egg 2","Golden Idol","Bottled Flame","Snecko Eye","Necronomicon","MawBank","Old Coin"],"potions_floor_usage":[24,27],"damage_taken":[{"damage":0.0,"enemies":"2 Louse","floor":1.0,"turns":4.0},{"damage":1.0,"enemies":"Jaw Worm","floor":4.0,"turns":3.0},{"damage":1.0,"enemies":"Cultist","floor":5.0,"turns":3.0},{"damage":31.0,"enemies":"3 Sentries","floor":7.0,"turns":16.0},{"damage":2.0,"enemies":"Lots of Slimes","floor":12.0,"turns":4.0},{"damage":11.0,"enemies":"Lagavulin","floor":13.0,"turns":5.0},{"damage":8.0,"enemies":"Exordium Wildlife","floor":14.0,"turns":4.0},{"damage":26.0,"enemies":"Slime Boss","floor":16.0,"turns":7.0},{"damage":6.0,"enemies":"Shell Parasite","floor":18.0,"turns":2.0},{"damage":0.0,"enemies":"3 Byrds","floor":20.0,"turns":4.0},{"damage":1.0,"enemies":"Centurion and Healer","floor":21.0,"turns":2.0},{"damage":10,"enemies":"Book of Stabbing","floor":24,"turns":2},{"damage":28,"enemies":"Sentry and Sphere","floor":27,"turns":5}],"seed_played":"-3285494482923571323","potions_obtained":[{"floor":1.0,"key":"Poison Potion"},{"floor":12.0,"key":"Dexterity Potion"},{"floor":16.0,"key":"Poison Potion"},{"floor":24,"key":"Block Potion"}],"is_trial":false,"path_per_floor":["M","?","?","M","M","$","E","$","T","R","?","M","E","M","R","B",null,"M","?","M","M","$","R","E","?","T","M"],"character_chosen":"THE_SILENT","items_purchased":["Ornamental Fan","Well Laid Plans","Panache+1"],"campfire_rested":3,"item_purchase_floors":[6,8,22],"current_hp_per_floor":[59,48,48,47,46,46,15,15,15,34,34,32,21,13,31,5,46,40,19,19,18,18,36,26,26,26,0],"gold":352,"neow_bonus":"RANDOM_COMMON_RELIC","is_prod":false,"is_daily":false,"chose_seed":false,"campfire_upgraded":0,"win_rate":0,"timestamp":1560153219,"path_taken":["M","?","?","M","?","?","E","$","T","R","?","?","E","M","R","BOSS","M","?","M","M","?","R","E","?","T","?"],"build_version":"2019-06-07","purchased_purges":2,"victory":false,"max_hp_per_floor":[66,66,66,66,66,66,66,66,66,66,60,60,60,60,60,60,60,60,60,60,60,60,60,60,60,60,60],"card_choices":[{"not_picked":["Concentrate","Dagger Spray"],"picked":"Finisher","floor":1.0},{"not_picked":["Flying Knee","Backflip"],"picked":"Dagger Throw","floor":4.0},{"not_picked":["Deadly Poison","Escape Plan"],"picked":"Terror","floor":5.0},{"not_picked":["Underhanded Strike","Quick Slash"],"picked":"Unload","floor":7.0},{"not_picked":["Eviscerate","Poisoned Stab"],"picked":"Choke","floor":12.0},{"not_picked":["Dash","Flechettes"],"picked":"Crippling Poison","floor":13.0},{"not_picked":["Expertise","Deflect"],"picked":"Blade Dance","floor":14.0},{"not_picked":["Phantasmal Killer","Wraith Form v2+1"],"picked":"Bullet Time","floor":16.0},{"not_picked":["Deadly Poison","Quick Slash+1"],"picked":"Predator+1","floor":18.0},{"not_picked":["Blade Dance","Dagger Spray"],"picked":"Dodge and Roll","floor":20.0},{"not_picked":["Dagger Throw","Dagger Spray","Flying Knee"],"picked":"SKIP","floor":21.0},{"not_picked":["Eviscerate","Bouncing Flask","Deadly Poison"],"picked":"SKIP","floor":24}],"player_experience":808901,"relics_obtained":[{"floor":7.0,"key":"Bag of Marbles"},{"floor":9.0,"key":"Frozen Egg 2"},{"floor":13.0,"key":"Bottled Flame"},{"floor":19.0,"key":"Necronomicon"},{"floor":24,"key":"MawBank"},{"floor":26,"key":"Old Coin"}],"event_choices":[{"damage_healed":0.0,"max_hp_gain":0.0,"max_hp_loss":0.0,"gold_gain":75.0,"event_name":"World of Goop","player_choice":"Gather Gold","floor":2.0,"gold_loss":0.0,"damage_taken":11.0},{"damage_healed":0.0,"max_hp_gain":0.0,"max_hp_loss":0.0,"gold_gain":275.0,"event_name":"Golden Shrine","player_choice":"Desecrate","floor":3.0,"gold_loss":0.0,"damage_taken":0.0,"cards_obtained":["Regret"]},{"damage_healed":0.0,"max_hp_gain":0.0,"max_hp_loss":6.0,"gold_gain":0.0,"event_name":"Golden Idol","player_choice":"Lose Max HP","floor":11.0,"gold_loss":0.0,"damage_taken":0.0,"relics_obtained":["Golden Idol"]},{"damage_healed":0.0,"max_hp_gain":0.0,"max_hp_loss":0.0,"gold_gain":0.0,"event_name":"Cursed Tome","player_choice":"Obtained Book","floor":19.0,"gold_loss":0.0,"damage_taken":21.0},{"cards_removed":["Strike_G"],"damage_healed":0,"gold_gain":0,"player_choice":"Upgrade and Remove","damage_taken":0,"max_hp_gain":0,"max_hp_loss":0,"event_name":"Designer","floor":25,"gold_loss":110,"cards_upgraded":["Blade Dance"]}],"is_beta":true,"boss_relics":[{"not_picked":["Coffee Dripper","Philosopher\u0027s Stone"],"picked":"Snecko Eye"}],"items_purged_floors":[6,8],"is_endless":false,"potions_floor_spawned":[1,12,16,24],"killed_by":"Sentry and Sphere","ascension_level":19}