{"gold_per_floor":[110,129,29,48,48,48,48,66,66,81,111,128,49,81,81,152,152,166,178,178],"floor_reached":20,"playtime":573,"items_purged":["Strike_B"],"score":363,"play_id":"91c8f1fb-72a0-4b76-a4e9-3c52cea1dd78","local_time":"20190623112726","is_ascension_mode":true,"campfire_choices":[{"data":"Dualcast","floor":6.0,"key":"SMITH"},{"floor":15.0,"key":"REST"}],"neow_cost":"NONE","seed_source_timestamp":868897977451400,"circlet_count":0,"master_deck":["AscendersBane","Strike_B","Strike_B","Strike_B","Defend_B","Defend_B+1","Defend_B","Defend_B","Zap+1","Dualcast+1","Barrage+1","Ball Lightning","Sweeping Beam","Cold Snap","Compile Driver","Core Surge","FTL","Undo","Machine Learning","Hologram","Consume"],"special_seed":0,"relics":["Cracked Core","Pear","Juzu Bracelet","Torii","Inserter"],"potions_floor_usage":[16,16],"damage_taken":[{"damage":1.0,"enemies":"Cultist","floor":1.0,"turns":3.0},{"damage":4.0,"enemies":"Small Slimes","floor":2.0,"turns":3.0},{"damage":6.0,"enemies":"2 Louse","floor":4.0,"turns":2.0},{"damage":6.0,"enemies":"Blue Slaver","floor":8.0,"turns":2.0},{"damage":2.0,"enemies":"3 Louse","floor":10.0,"turns":2.0},{"damage":4.0,"enemies":"Gremlin Nob","floor":11.0,"turns":3.0},{"damage":7.0,"enemies":"2 Fungi Beasts","floor":12.0,"turns":3.0},{"damage":14.0,"enemies":"Lagavulin","floor":14.0,"turns":3.0},{"damage":28,"enemies":"Slime Boss","floor":16,"turns":9},{"damage":16,"enemies":"Chosen","floor":18,"turns":5},{"damage":22,"enemies":"Shell Parasite","floor":19,"turns":4},{"damage":24,"enemies":"Snake Plant","floor":20,"turns":4}],"seed_played":"1339335156895555324","potions_obtained":[{"floor":1.0,"key":"Explosive Potion"},{"floor":8.0,"key":"EssenceOfSteel"},{"floor":10.0,"key":"FocusPotion"},{"floor":11.0,"key":"FearPotion"},{"floor":14.0,"key":"Weak Potion"},{"floor":19,"key":"LiquidBronze"}],"is_trial":false,"path_per_floor":["M","M","$","M","?","R","?","M","T","M","E","M","$","E","R","B",null,"M","M","M"],"character_chosen":"DEFECT","items_purchased":["Sweeping Beam","FTL"],"campfire_rested":1,"item_purchase_floors":[3,13],"current_hp_per_floor":[63,59,59,53,53,53,32,26,36,34,30,23,23,9,33,5,62,46,24,0],"gold":178,"neow_bonus":"UPGRADE_CARD","is_prod":false,"is_daily":false,"chose_seed":false,"campfire_upgraded":1,"win_rate":0,"timestamp":1561282046,"path_taken":["M","M","?","M","?","R","?","M","T","M","E","M","?","E","R","BOSS","M","M","M"],"build_version":"2019-06-21","purchased_purges":1,"victory":false,"max_hp_per_floor":[71,71,71,71,71,71,71,71,81,81,81,81,81,81,81,81,81,81,81,81],"card_choices":[{"not_picked":["Streamline","Hologram"],"picked":"Barrage","floor":1.0},{"not_picked":["Compile Driver","Hologram"],"picked":"Ball Lightning","floor":2.0},{"not_picked":["Turbo","Barrage"],"picked":"Cold Snap","floor":4.0},{"not_picked":["Cold Snap","Double Energy"],"picked":"Compile Driver","floor":8.0},{"not_picked":["Meteor Strike","Redo","Stack"],"picked":"SKIP","floor":10.0},{"not_picked":["Recycle","Gash","Streamline"],"picked":"SKIP","floor":11.0},{"not_picked":["Compile Driver","Stack"],"picked":"Core Surge","floor":12.0},{"not_picked":["Recycle","Tempest"],"picked":"Undo","floor":14.0},{"not_picked":["Multi-Cast","Thunder Strike"],"picked":"Machine Learning","floor":16},{"not_picked":["Stack","Heatsinks"],"picked":"Hologram","floor":18},{"not_picked":["Stack+1","Sweeping Beam"],"picked":"Consume","floor":19}],"player_experience":872256,"relics_obtained":[{"floor":9.0,"key":"Pear"},{"floor":11.0,"key":"Juzu Bracelet"},{"floor":14.0,"key":"Torii"}],"event_choices":[{"damage_healed":0.0,"max_hp_gain":0.0,"max_hp_loss":0.0,"gold_gain":0.0,"event_name":"Liars Game","player_choice":"Ignored","floor":5.0,"gold_loss":0.0,"damage_taken":0.0},{"damage_healed":0.0,"max_hp_gain":0.0,"max_hp_loss":0.0,"gold_gain":0.0,"event_name":"Shining Light","player_choice":"Entered Light","floor":7.0,"gold_loss":0.0,"damage_taken":21.0,"cards_upgraded":["Defend_B","Barrage"]}],"is_beta":true,"boss_relics":[{"not_picked":["Fusion Hammer","Runic Pyramid"],"picked":"Inserter"}],"items_purged_floors":[3],"is_endless":false,"potions_floor_spawned":[1,8,10,11,14,19],"killed_by":"Snake Plant","ascension_level":19}