{"gold_per_floor":[11,21,21,35,35,35,49,49,49,49,65,100,100,123,123,200,200,215,231,113,125,400,400,400],"floor_reached":24,"playtime":885,"items_purged":[],"score":333,"play_id":"ad162c61-7ee4-40aa-816d-10a7f6f7ff0b","local_time":"20190508123047","is_ascension_mode":true,"campfire_choices":[{"data":"Zap","floor":6.0,"key":"SMITH"},{"data":"Rainbow","floor":8.0,"key":"SMITH"},{"data":"Cold Snap","floor":10.0,"key":"SMITH"},{"floor":15.0,"key":"REST"},{"data":"Compile Driver","floor":23,"key":"SMITH"}],"neow_cost":"NO_GOLD","seed_source_timestamp":187078470342200,"circlet_count":0,"master_deck":["AscendersBane","Defend_B","Defend_B","Defend_B+1","Zap+1","Dualcast","Ball Lightning+1","Cold Snap+1","Conserve Battery","Rainbow+1","Sweeping Beam","Recycle+1","Fusion","Rainbow","Melter+1","Fusion+1","Force Field+1","Conserve Battery","Capacitor","Core Surge","Steam","Compile Driver+1","Regret"],"special_seed":0,"relics":["Cracked Core","Ginger","Dead Branch","Odd Mushroom","Astrolabe"],"potions_floor_usage":[21,24],"damage_taken":[{"damage":3.0,"enemies":"2 Louse","floor":1.0,"turns":3.0},{"damage":1.0,"enemies":"Cultist","floor":2.0,"turns":3.0},{"damage":3.0,"enemies":"Small Slimes","floor":4.0,"turns":3.0},{"damage":10.0,"enemies":"Gremlin Gang","floor":7.0,"turns":4.0},{"damage":0.0,"enemies":"3 Louse","floor":11.0,"turns":3.0},{"damage":8.0,"enemies":"3 Sentries","floor":12.0,"turns":5.0},{"damage":2.0,"enemies":"The Mushroom Lair","floor":14.0,"turns":3.0},{"damage":41,"enemies":"Hexaghost","floor":16,"turns":12},{"damage":2,"enemies":"Chosen","floor":18,"turns":5},{"damage":0,"enemies":"Spheric Guardian","floor":19,"turns":1},{"damage":0,"enemies":"Cultist and Chosen","floor":21,"turns":4},{"damage":67,"enemies":"Gremlin Leader","floor":24,"turns":7}],"seed_played":"8935505483280494764","potions_obtained":[{"floor":2.0,"key":"AttackPotion"},{"floor":7.0,"key":"FearPotion"},{"floor":16,"key":"Block Potion"},{"floor":18,"key":"Ancient Potion"},{"floor":21,"key":"Swift Potion"}],"is_trial":false,"path_per_floor":["M","M","?","M","$","R","M","R","T","R","M","E","?","?","R","B",null,"M","M","$","M","?","R","E"],"character_chosen":"DEFECT","items_purchased":["Core Surge","Steam"],"campfire_rested":1,"item_purchase_floors":[20,20],"current_hp_per_floor":[61,60,60,57,57,57,47,47,47,47,47,39,25,23,44,3,54,52,52,52,52,52,52,0],"gold":400,"neow_bonus":"REMOVE_TWO","is_prod":false,"is_daily":false,"chose_seed":false,"campfire_upgraded":4,"win_rate":0,"timestamp":1557311447,"path_taken":["M","M","?","M","?","R","M","R","T","R","M","E","?","?","R","BOSS","M","M","$","M","?","R","E"],"build_version":"2019-05-07","purchased_purges":0,"victory":false,"max_hp_per_floor":[71,71,71,71,71,71,71,71,71,71,71,71,71,71,71,71,71,71,71,71,71,71,71,71],"card_choices":[{"not_picked":["Stack","Beam Cell"],"picked":"Ball Lightning","floor":1.0},{"not_picked":["Redo","Leap"],"picked":"Cold Snap","floor":2.0},{"not_picked":["Gash","Redo"],"picked":"Conserve Battery","floor":4.0},{"not_picked":["Leap","Steam"],"picked":"Rainbow","floor":7.0},{"not_picked":["Self Repair","Reprogram"],"picked":"Sweeping Beam","floor":11.0},{"not_picked":["Turbo","Stack"],"picked":"Recycle","floor":12.0},{"not_picked":["Hologram","Stack"],"picked":"Fusion","floor":14.0},{"not_picked":["Amplify","Creative AI"],"picked":"Rainbow","floor":16},{"not_picked":["Stack","Leap"],"picked":"Conserve Battery","floor":18},{"not_picked":["Darkness","Force Field"],"picked":"Capacitor","floor":19},{"not_picked":["Genetic Algorithm","Go for the Eyes"],"picked":"Compile Driver","floor":21}],"player_experience":608621,"relics_obtained":[{"floor":9.0,"key":"Ginger"},{"floor":12.0,"key":"Dead Branch"},{"floor":14.0,"key":"Odd Mushroom"}],"event_choices":[{"damage_healed":0.0,"max_hp_gain":0.0,"max_hp_loss":0.0,"gold_gain":0.0,"event_name":"Upgrade Shrine","player_choice":"Upgraded","floor":3.0,"gold_loss":0.0,"damage_taken":0.0,"cards_upgraded":["Ball Lightning"]},{"damage_healed":0.0,"max_hp_gain":0.0,"max_hp_loss":0.0,"gold_gain":0.0,"event_name":"Shining Light","player_choice":"Entered Light","floor":13.0,"gold_loss":0.0,"damage_taken":14.0,"cards_upgraded":["Recycle","Defend_B"]},{"damage_healed":0.0,"max_hp_gain":0.0,"max_hp_loss":0.0,"gold_gain":0.0,"event_name":"Mushrooms","player_choice":"Fought Mushrooms","floor":14.0,"gold_loss":0.0,"damage_taken":0.0},{"damage_healed":0,"gold_gain":275,"player_choice":"Desecrate","damage_taken":0,"max_hp_gain":0,"max_hp_loss":0,"event_name":"Golden Shrine","floor":22,"gold_loss":0,"cards_obtained":["Regret"]}],"is_beta":true,"boss_relics":[{"not_picked":["Busted Crown","Ectoplasm"],"picked":"Astrolabe"}],"items_purged_floors":[],"is_endless":false,"potions_floor_spawned":[2,7,16,18,21],"killed_by":"Gremlin Leader","ascension_level":14}