{"gold_per_floor":[110,128,147,161,179,179,210,210,210,242,242,259,294,309,309,382,382,382,382,382,1,1,1,1,1,1,1,1,1,1,1,1,1,1,1,1,1,1,1,1,1,1,1,1,1,1,1],"floor_reached":48,"playtime":2382,"items_purged":[],"score":1463,"play_id":"aabaf2d4-0cce-44a3-97b1-0db3337e123d","local_time":"20190617193749","is_ascension_mode":true,"campfire_choices":[{"floor":6,"key":"REST"},{"floor":11,"key":"REST"},{"data":"FTL","floor":15,"key":"SMITH"},{"floor":23,"key":"REST"},{"data":"Coolheaded","floor":25,"key":"SMITH"},{"floor":28,"key":"REST"},{"data":"Biased Cognition","floor":32,"key":"SMITH"},{"floor":45,"key":"REST"}],"neow_cost":"NONE","seed_source_timestamp":378122563463700,"circlet_count":0,"master_deck":["AscendersBane","Zap+1","Dualcast","Go for the Eyes","Compile Driver","Sweeping Beam","FTL+1","Chill","Conserve Battery","Reinforced Body","Coolheaded","Leap","Auto Shields","Go for the Eyes","Creative AI","Ball Lightning+1","Double Energy","Core Surge","Coolheaded+1","Hologram+1","Capacitor","Biased Cognition+1","Electrodynamics","Conserve Battery+1","Sunder+1","Gash+1","Ball Lightning+1","Reprogram+1","Coolheaded+1","Conserve Battery+1","Lockon+1","Seek+1","Steam+1","Storm","Defragment+1"],"relics":["Cracked Core","War Paint","Ancient Tea Set","Centennial Puzzle","Sundial","Ectoplasm","Chemical X","Oddly Smooth Stone","PreservedInsect","Ginger","Toxic Egg 2","Meat on the Bone","Molten Egg 2","Pandora\u0027s Box","Letter Opener","Bottled Tornado","DataDisk"],"potions_floor_usage":[7,10,13,16,16,33,47,47],"damage_taken":[{"damage":5,"enemies":"Cultist","floor":1,"turns":4},{"damage":0,"enemies":"Jaw Worm","floor":2,"turns":3},{"damage":1,"enemies":"2 Louse","floor":3,"turns":2},{"damage":39,"enemies":"Lots of Slimes","floor":4,"turns":4},{"damage":7,"enemies":"Looter","floor":5,"turns":3},{"damage":3,"enemies":"3 Sentries","floor":7,"turns":7},{"damage":7,"enemies":"Gremlin Nob","floor":10,"turns":4},{"damage":0,"enemies":"Blue Slaver","floor":12,"turns":4},{"damage":0,"enemies":"Lagavulin","floor":13,"turns":8},{"damage":0,"enemies":"Red Slaver","floor":14,"turns":3},{"damage":32,"enemies":"Slime Boss","floor":16,"turns":14},{"damage":14,"enemies":"Shell Parasite","floor":18,"turns":7},{"damage":11,"enemies":"3 Byrds","floor":22,"turns":6},{"damage":11,"enemies":"Gremlin Leader","floor":24,"turns":5},{"damage":3,"enemies":"Colosseum Slavers","floor":27,"turns":4},{"damage":9,"enemies":"Colosseum Nobs","floor":27,"turns":4},{"damage":11,"enemies":"Book of Stabbing","floor":31,"turns":6},{"damage":29,"enemies":"Collector","floor":33,"turns":16},{"damage":7,"enemies":"3 Darklings","floor":35,"turns":3},{"damage":1,"enemies":"Orb Walker","floor":36,"turns":4},{"damage":3,"enemies":"Jaw Worm Horde","floor":37,"turns":3},{"damage":1,"enemies":"4 Shapes","floor":39,"turns":4},{"damage":36,"enemies":"Reptomancer","floor":40,"turns":5},{"damage":21,"enemies":"3 Darklings","floor":41,"turns":3},{"damage":0,"enemies":"Giant Head","floor":42,"turns":9},{"damage":13,"enemies":"Sphere and 2 Shapes","floor":44,"turns":4},{"damage":21,"enemies":"Time Eater","floor":47,"turns":6}],"seed_played":"-8476812578040149926","potions_obtained":[{"floor":1,"key":"SteroidPotion"},{"floor":4,"key":"Strength Potion"},{"floor":5,"key":"Ancient Potion"},{"floor":10,"key":"Block Potion"},{"floor":12,"key":"Weak Potion"},{"floor":14,"key":"SteroidPotion"},{"floor":24,"key":"SpeedPotion"},{"floor":31,"key":"Ancient Potion"},{"floor":39,"key":"Energy Potion"},{"floor":40,"key":"PowerPotion"},{"floor":42,"key":"PowerPotion"}],"is_trial":false,"path_per_floor":["M","M","M","M","M","R","E","?","T","E","R","M","E","M","R","B",null,"M","?","?","$","M","R","E","R","T","?","R","?","?","E","R","B",null,"M","M","M","?","M","E","M","E","T","M","R","?","B",null],"character_chosen":"DEFECT","items_purchased":["Chemical X","Double Energy","Core Surge"],"campfire_rested":5,"item_purchase_floors":[21,21,21],"current_hp_per_floor":[59,59,58,19,12,33,30,23,23,16,37,37,37,37,37,5,55,41,41,41,41,30,51,40,40,40,28,49,49,49,38,38,21,59,52,51,48,48,47,23,14,26,26,25,46,46,37],"gold":1,"neow_bonus":"THREE_CARDS","is_prod":false,"is_daily":false,"chose_seed":false,"campfire_upgraded":3,"win_rate":0,"timestamp":1560793069,"path_taken":["M","M","M","?","M","R","E","?","T","E","R","M","E","M","R","BOSS","M","?","?","$","?","R","E","R","T","?","R","?","?","E","R","BOSS","M","M","M","?","M","E","?","E","T","M","R","?","BOSS"],"build_version":"2019-06-13","purchased_purges":0,"victory":true,"max_hp_per_floor":[71,71,71,71,71,71,71,71,71,71,71,71,71,71,71,71,71,71,71,71,71,71,71,71,71,71,71,71,71,71,71,71,71,71,71,71,71,71,71,71,71,71,71,71,71,71,71],"card_choices":[{"not_picked":["Stack","Force Field"],"picked":"Go for the Eyes","floor":0},{"not_picked":["Steam","Redo"],"picked":"Compile Driver","floor":1},{"not_picked":["Streamline","Coolheaded"],"picked":"Sweeping Beam","floor":2},{"not_picked":["Chaos","Rebound"],"picked":"FTL","floor":3},{"not_picked":["Go for the Eyes","Gash"],"picked":"Chill","floor":4},{"not_picked":["Rebound","Hologram"],"picked":"Conserve Battery","floor":5},{"not_picked":["Conserve Battery","Leap"],"picked":"Reinforced Body","floor":7},{"not_picked":["Gash","Capacitor"],"picked":"Coolheaded","floor":10},{"not_picked":["Fission","Go for the Eyes"],"picked":"Leap","floor":12},{"not_picked":["Heatsinks","Coolheaded"],"picked":"Auto Shields","floor":13},{"not_picked":["Undo","Recycle"],"picked":"Go for the Eyes","floor":14},{"not_picked":["Multi-Cast","Fission"],"picked":"Creative AI","floor":16},{"not_picked":["Streamline","Fusion"],"picked":"Ball Lightning+1","floor":18},{"not_picked":["Sweeping Beam+1","Barrage"],"picked":"Coolheaded","floor":22},{"not_picked":["Cold Snap","Coolheaded"],"picked":"Hologram+1","floor":24},{"not_picked":["Hologram","Go for the Eyes"],"picked":"Capacitor","floor":27},{"not_picked":["Loop","Cold Snap"],"picked":"Biased Cognition","floor":31},{"not_picked":["Reboot+1","Machine Learning"],"picked":"Electrodynamics","floor":33},{"not_picked":["Go for the Eyes+1","Capacitor"],"picked":"Coolheaded+1","floor":35},{"not_picked":["Go for the Eyes+1","Coolheaded+1"],"picked":"Conserve Battery+1","floor":36},{"not_picked":["Auto Shields+1","Hello World"],"picked":"Lockon+1","floor":37},{"not_picked":["Coolheaded+1","Barrage+1","Ball Lightning+1"],"picked":"SKIP","floor":39},{"not_picked":["Sunder+1","Hologram+1"],"picked":"Seek+1","floor":40},{"not_picked":["Redo+1","Barrage+1"],"picked":"Steam+1","floor":41},{"not_picked":["Cold Snap+1","FTL+1"],"picked":"Storm","floor":42},{"not_picked":["Coolheaded+1","Cold Snap+1"],"picked":"Defragment+1","floor":44}],"player_experience":855976,"relics_obtained":[{"floor":7,"key":"War Paint"},{"floor":9,"key":"Ancient Tea Set"},{"floor":10,"key":"Centennial Puzzle"},{"floor":13,"key":"Sundial"},{"floor":24,"key":"Oddly Smooth Stone"},{"floor":26,"key":"PreservedInsect"},{"floor":27,"key":"Ginger"},{"floor":27,"key":"Toxic Egg 2"},{"floor":31,"key":"Molten Egg 2"},{"floor":40,"key":"Letter Opener"},{"floor":42,"key":"Bottled Tornado"},{"floor":43,"key":"DataDisk"}],"event_choices":[{"cards_removed":["Strike_B"],"damage_healed":0,"gold_gain":0,"player_choice":"Card Removal","damage_taken":7,"max_hp_gain":0,"max_hp_loss":0,"event_name":"Golden Wing","floor":8,"gold_loss":0},{"cards_removed":["Strike_B"],"damage_healed":0,"gold_gain":0,"player_choice":"Elegance","damage_taken":0,"max_hp_gain":0,"max_hp_loss":0,"event_name":"Back to Basics","floor":19,"gold_loss":0},{"cards_removed":["Strike_B"],"damage_healed":0,"gold_gain":0,"player_choice":"Offered Basic","damage_taken":0,"max_hp_gain":0,"max_hp_loss":0,"event_name":"Bonfire Elementals","floor":20,"gold_loss":0},{"damage_healed":0,"gold_gain":0,"player_choice":"Fight","damage_taken":0,"max_hp_gain":0,"max_hp_loss":0,"event_name":"Colosseum","floor":27,"gold_loss":0},{"damage_healed":0,"gold_gain":0,"player_choice":"Fought Nobs","damage_taken":0,"max_hp_gain":0,"max_hp_loss":0,"event_name":"Colosseum","floor":27,"gold_loss":0},{"damage_healed":0,"gold_gain":0,"player_choice":"Stole Relic","damage_taken":0,"relics_obtained":["Meat on the Bone"],"max_hp_gain":0,"max_hp_loss":0,"event_name":"Addict","floor":29,"gold_loss":0,"cards_obtained":["Shame"]},{"damage_healed":0,"gold_gain":0,"player_choice":"Ignored","damage_taken":0,"max_hp_gain":0,"max_hp_loss":0,"event_name":"Vampires","floor":30,"gold_loss":0},{"cards_removed":["Shame"],"damage_healed":0,"gold_gain":0,"player_choice":"Purged","damage_taken":0,"max_hp_gain":0,"max_hp_loss":0,"event_name":"Purifier","floor":38,"gold_loss":0},{"damage_healed":0,"gold_gain":0,"player_choice":"Took Portal","damage_taken":0,"max_hp_gain":0,"max_hp_loss":0,"event_name":"SecretPortal","floor":46,"gold_loss":0}],"is_beta":true,"boss_relics":[{"not_picked":["Empty Cage","Orrery"],"picked":"Ectoplasm"},{"not_picked":["Coffee Dripper","Fusion Hammer"],"picked":"Pandora\u0027s Box"}],"items_purged_floors":[],"is_endless":false,"potions_floor_spawned":[1,4,5,10,12,14,24,31,39,40,42,44],"ascension_level":17}