{"gold_per_floor":[114,129,81,81,81,81,111,111,136,151,166,181,46,61,61,161,161,176,49,64,164,124,124,139,139,164,179,194,209,239,254,254,354,354,369,369,384,399,499,529,529,544,569,584,584,599,599,143,143,143],"floor_reached":51,"playtime":3230,"items_purged":["Reboot"],"score":878,"play_id":"6fda3172-2c1f-47de-a460-b7045b3b6287","local_time":"20181110173134","daily_mods":["SealedDeck","Uncertain Future","Night Terrors"],"is_ascension_mode":false,"campfire_choices":[{"data":"Sweeping Beam","floor":6,"key":"SMITH"},{"data":"Streamline","floor":8,"key":"SMITH"},{"data":"All For One","floor":15,"key":"SMITH"},{"floor":23,"key":"REST"},{"data":"Streamline","floor":25,"key":"SMITH"},{"data":"Sweeping Beam","floor":32,"key":"SMITH"},{"data":"Hyperbeam","floor":41,"key":"SMITH"},{"data":"Stack","floor":47,"key":"SMITH"},{"data":"Secret Technique","floor":49,"key":"SMITH"}],"neow_cost":"","seed_source_timestamp":0,"circlet_count":0,"master_deck":["Rebound","Turbo+1","Stack","Stack","Steam Power+1","Beam Cell","Beam Cell","Rebound","Gash","Gash","Sweeping Beam+1","Auto Shields","Stack+1","Streamline+1","Sweeping Beam+1","Beam Cell","Steam","All For One+1","Stack+1","Steam Power+1","Gash","Stack","Streamline+1","Beam Cell+1","Conserve Battery+1","Steam+1","Go for the Eyes+1","Echo Form","Gash","Stack","Beam Cell+1","Sweeping Beam+1","Hyperbeam+1","Conserve Battery+1","Streamline","Steam","Meteor Strike","Stack","Streamline","Steam+1","Bandage Up","Swift Strike","Gash+1","FTL","Secret Technique+1","White Noise"],"special_seed":17845,"relics":["Cracked Core","Blood Vial","Dream Catcher","Philosopher\u0027s Stone","StoneCalendar","Gremlin Horn","War Paint","Dodecahedron","Eternal Feather","Gambling Chip","Potion Belt","Centennial Puzzle","Membership Card"],"potions_floor_usage":[16,18,29,30,40,50,50,50],"damage_taken":[{"damage":0,"enemies":"Small Slimes","floor":1,"turns":2},{"damage":0,"enemies":"Jaw Worm","floor":2,"turns":2},{"damage":0,"enemies":"3 Sentries","floor":7,"turns":6},{"damage":0,"enemies":"2 Louse","floor":10,"turns":2},{"damage":5,"enemies":"Lots of Slimes","floor":11,"turns":2},{"damage":0,"enemies":"Exordium Wildlife","floor":12,"turns":3},{"damage":4,"enemies":"Looter","floor":14,"turns":2},{"damage":31,"enemies":"Hexaghost","floor":16,"turns":6},{"damage":0,"enemies":"2 Thieves","floor":18,"turns":1},{"damage":12,"enemies":"Chosen","floor":20,"turns":2},{"damage":28,"enemies":"Colosseum Slavers","floor":21,"turns":4},{"damage":34,"enemies":"Colosseum Nobs","floor":21,"turns":4},{"damage":0,"enemies":"Sentry and Sphere","floor":24,"turns":2},{"damage":0,"enemies":"Centurion and Healer","floor":27,"turns":3},{"damage":11,"enemies":"Shelled Parasite and Fungi","floor":28,"turns":3},{"damage":0,"enemies":"3 Cultists","floor":29,"turns":2},{"damage":11,"enemies":"Slavers","floor":30,"turns":4},{"damage":3,"enemies":"Centurion and Healer","floor":31,"turns":3},{"damage":2,"enemies":"Automaton","floor":33,"turns":6},{"damage":10,"enemies":"3 Darklings","floor":35,"turns":3},{"damage":18,"enemies":"3 Shapes","floor":37,"turns":5},{"damage":0,"enemies":"3 Darklings","floor":38,"turns":4},{"damage":0,"enemies":"Mind Bloom Boss Battle","floor":39,"turns":4},{"damage":23,"enemies":"Reptomancer","floor":40,"turns":4},{"damage":0,"enemies":"Jaw Worm Horde","floor":42,"turns":2},{"damage":1,"enemies":"Spire Growth","floor":44,"turns":3},{"damage":0,"enemies":"Sphere and 2 Shapes","floor":46,"turns":4},{"damage":50,"enemies":"Donu and Deca","floor":50,"turns":5}],"seed_played":"720756091651424505","potions_obtained":[{"floor":2,"key":"Weak Potion"},{"floor":10,"key":"Poison Potion"},{"floor":12,"key":"Strength Potion"},{"floor":14,"key":"SteroidPotion"},{"floor":20,"key":"FocusPotion"},{"floor":27,"key":"Dexterity Potion"},{"floor":28,"key":"Fire Potion"},{"floor":30,"key":"FearPotion"},{"floor":35,"key":"Ancient Potion"},{"floor":37,"key":"Dexterity Potion"},{"floor":44,"key":"FearPotion"}],"is_trial":false,"path_per_floor":["M","M","$","?","?","R","E","R","T","M","M","M","$","M","R","B",null,"M","$","M","?","?","R","M","R","T","M","M","M","E","M","R","B",null,"M","?","M","M","?","E","R","M","T","M","?","M","R","$","R","B",null],"character_chosen":"DEFECT","items_purchased":["Stack","All For One","Gash","Stack","Streamline","Membership Card","FTL","Secret Technique","White Noise","Strength Potion","Block Potion"],"campfire_rested":1,"item_purchase_floors":[3,13,19,19,19,48,48,48,48,48,48],"current_hp_per_floor":[75,75,75,75,75,75,75,75,75,75,70,72,72,70,70,41,75,75,75,63,5,5,70,70,70,70,70,59,61,52,51,51,51,70,60,60,44,46,48,27,48,50,50,51,46,48,70,70,70,24],"gold":143,"neow_bonus":"","is_prod":false,"is_daily":true,"chose_seed":false,"campfire_upgraded":8,"win_rate":0,"timestamp":1541896294,"path_taken":["M","M","$","?","?","R","E","R","T","M","M","M","?","M","R","BOSS","M","$","M","?","?","R","M","R","T","M","M","M","E","?","R","BOSS","M","?","M","M","?","E","R","M","T","M","?","M","R","$","R","BOSS"],"build_version":"2018-11-08","purchased_purges":1,"victory":true,"max_hp_per_floor":[75,75,75,75,75,75,75,75,75,75,75,75,75,75,75,75,75,75,75,75,75,75,70,70,70,70,70,70,70,70,70,70,70,70,70,70,70,70,70,70,70,70,70,70,70,70,70,70,70,70],"card_choices":[{"not_picked":["Beam Cell","Leap"],"picked":"Sweeping Beam","floor":1},{"not_picked":["BootSequence","Steam"],"picked":"Auto Shields","floor":2},{"not_picked":["Barrage","Rainbow"],"picked":"Streamline","floor":7},{"not_picked":["Beam Cell","Stack"],"picked":"Sweeping Beam","floor":10},{"not_picked":["Multi-Cast","Consume"],"picked":"Beam Cell","floor":11},{"not_picked":["Cold Snap","Turbo"],"picked":"Steam","floor":12},{"not_picked":["Steam","Cold Snap"],"picked":"Stack","floor":14},{"not_picked":["Fission","Rainbow"],"picked":"Reboot","floor":16},{"not_picked":["Barrage","Turbo+1"],"picked":"Steam Power","floor":18},{"not_picked":["Ball Lightning+1","Loop"],"picked":"Beam Cell+1","floor":20},{"not_picked":["Loop+1","Sweeping Beam"],"picked":"Conserve Battery+1","floor":21},{"not_picked":["Ball Lightning","Fusion"],"picked":"Steam+1","floor":23},{"not_picked":["Chaos","Rip and Tear+1"],"picked":"Go for the Eyes+1","floor":24},{"not_picked":["Tempest","Fusion"],"picked":"Echo Form","floor":27},{"not_picked":["Compile Driver","Stack"],"picked":"Gash","floor":28},{"not_picked":["Ball Lightning+1","Glacier+1"],"picked":"Stack","floor":29},{"not_picked":["Doom and Gloom","Tempest"],"picked":"Beam Cell+1","floor":30},{"not_picked":["Chaos","Multi-Cast"],"picked":"Sweeping Beam+1","floor":31},{"not_picked":["Multi-Cast","Echo Form"],"picked":"Hyperbeam","floor":33},{"not_picked":["Sweeping Beam","Redo+1"],"picked":"Conserve Battery+1","floor":35},{"not_picked":["Conserve Battery+1","Beam Cell"],"picked":"Streamline","floor":37},{"not_picked":["Genetic Algorithm","Defragment"],"picked":"Steam","floor":38},{"not_picked":["Beam Cell","Undo"],"picked":"Meteor Strike","floor":39},{"not_picked":["Barrage+1","Coolheaded+1"],"picked":"Stack","floor":40},{"not_picked":["Consume+1","Heatsinks+1"],"picked":"Streamline","floor":42},{"not_picked":["Rebound+1","White Noise"],"picked":"Steam+1","floor":44},{"not_picked":["Forethought","Purity"],"picked":"Bandage Up","floor":45},{"not_picked":["Dramatic Entrance","Jack Of All Trades"],"picked":"Swift Strike","floor":45},{"not_picked":["Barrage","Steam Power"],"picked":"Gash+1","floor":46}],"player_experience":138738,"relics_obtained":[{"floor":7,"key":"Blood Vial"},{"floor":9,"key":"Dream Catcher"},{"floor":21,"key":"StoneCalendar"},{"floor":21,"key":"Gremlin Horn"},{"floor":26,"key":"War Paint"},{"floor":30,"key":"Dodecahedron"},{"floor":39,"key":"Gambling Chip"},{"floor":40,"key":"Potion Belt"},{"floor":43,"key":"Centennial Puzzle"}],"event_choices":[{"damage_healed":0,"gold_gain":0,"player_choice":"Grow","damage_taken":0,"max_hp_gain":0,"max_hp_loss":0,"event_name":"Living Wall","floor":4,"gold_loss":0,"cards_upgraded":["Steam Power"]},{"damage_healed":0,"gold_gain":0,"player_choice":"Ignored","damage_taken":0,"max_hp_gain":0,"max_hp_loss":0,"event_name":"Liars Game","floor":5,"gold_loss":0},{"damage_healed":0,"gold_gain":0,"player_choice":"Fight","damage_taken":0,"max_hp_gain":0,"max_hp_loss":0,"event_name":"Colosseum","floor":21,"gold_loss":0},{"damage_healed":0,"gold_gain":0,"player_choice":"Fought Nobs","damage_taken":0,"max_hp_gain":0,"max_hp_loss":0,"event_name":"Colosseum","floor":21,"gold_loss":0},{"damage_healed":0,"gold_gain":0,"player_choice":"Upgrade","damage_taken":0,"max_hp_gain":0,"max_hp_loss":0,"event_name":"Designer","floor":22,"gold_loss":40,"cards_upgraded":["Steam Power"]},{"damage_healed":0,"gold_gain":0,"player_choice":"Ignored","damage_taken":0,"max_hp_gain":0,"max_hp_loss":0,"event_name":"Tomb of Lord Red Mask","floor":36,"gold_loss":0},{"damage_healed":0,"gold_gain":0,"player_choice":"Fight","damage_taken":0,"max_hp_gain":0,"max_hp_loss":0,"event_name":"MindBloom","floor":39,"gold_loss":0},{"damage_healed":0,"gold_gain":0,"player_choice":"Memory 2","damage_taken":5,"max_hp_gain":0,"max_hp_loss":0,"event_name":"SensoryStone","floor":45,"gold_loss":0}],"is_beta":false,"boss_relics":[{"not_picked":["Tiny House","Pandora\u0027s Box"],"picked":"Philosopher\u0027s Stone"},{"not_picked":["Velvet Choker","Snecko Eye"],"picked":"Eternal Feather"}],"items_purged_floors":[48],"is_endless":false,"potions_floor_spawned":[2,10,12,14,20,21,27,28,30,35,37,44],"ascension_level":0}