{"gold_per_floor":[12,30,48,63,77,111,111,121,189,189,207,236,246,278,278,378,378,389,389],"floor_reached":19,"playtime":1857,"items_purged":[],"score":232,"play_id":"ecf2b344-9038-4c4a-8516-8e339443ff69","local_time":"20190605172553","is_ascension_mode":true,"campfire_choices":[{"data":"Creative AI","floor":7,"key":"SMITH"},{"floor":10,"key":"REST"},{"floor":15,"key":"REST"}],"neow_cost":"NO_GOLD","seed_source_timestamp":1354265475628998,"circlet_count":0,"master_deck":["Strike_B","Strike_B","Strike_B","Strike_B","Defend_B","Defend_B","Defend_B","Defend_B","Zap","Dualcast","Creative AI+1","Loop","Sunder","BootSequence","Core Surge","Cold Snap","Cold Snap","Chill","Conserve Battery","Sweeping Beam","Redo","White Noise","Electrodynamics","Blizzard+1"],"relics":["Cracked Core","Bag of Preparation","Pantograph","Shuriken","Shovel","Black Star"],"potions_floor_usage":[6,12,12,14,19],"damage_taken":[{"damage":3,"enemies":"Small Slimes","floor":1,"turns":4},{"damage":4,"enemies":"Jaw Worm","floor":2,"turns":5},{"damage":1,"enemies":"Cultist","floor":3,"turns":3},{"damage":30,"enemies":"Exordium Wildlife","floor":4,"turns":5},{"damage":0,"enemies":"3 Louse","floor":5,"turns":2},{"damage":19,"enemies":"Lagavulin","floor":6,"turns":6},{"damage":13,"enemies":"Exordium Thugs","floor":8,"turns":4},{"damage":0,"enemies":"Looter","floor":11,"turns":2},{"damage":4,"enemies":"Gremlin Nob","floor":12,"turns":4},{"damage":0,"enemies":"3 Louse","floor":13,"turns":2},{"damage":7,"enemies":"Lagavulin","floor":14,"turns":8},{"damage":40,"enemies":"The Guardian","floor":16,"turns":11},{"damage":17,"enemies":"2 Thieves","floor":18,"turns":3},{"damage":31,"enemies":"Colosseum Slavers","floor":19,"turns":4},{"damage":34,"enemies":"Colosseum Nobs","floor":19,"turns":4}],"seed_played":"2798130455847026749","potions_obtained":[{"floor":1,"key":"LiquidBronze"},{"floor":2,"key":"FocusPotion"},{"floor":5,"key":"Swift Potion"},{"floor":8,"key":"GamblersBrew"},{"floor":11,"key":"Swift Potion"},{"floor":18,"key":"EssenceOfSteel"}],"is_trial":false,"path_per_floor":["M","M","M","M","M","E","R","M","T","R","M","E","M","E","R","B",null,"M","?"],"character_chosen":"DEFECT","items_purchased":[],"campfire_rested":2,"item_purchase_floors":[],"current_hp_per_floor":[72,68,67,37,37,18,18,5,5,27,27,23,23,16,38,23,75,58,0],"gold":389,"neow_bonus":"THREE_RARE_CARDS","is_prod":false,"is_daily":false,"chose_seed":false,"campfire_upgraded":1,"win_rate":0,"timestamp":1559777153,"path_taken":["M","M","M","M","M","E","R","M","T","R","M","E","M","E","R","BOSS","M","?"],"build_version":"2019-01-23","purchased_purges":0,"victory":false,"max_hp_per_floor":[75,75,75,75,75,75,75,75,75,75,75,75,75,75,75,75,75,75,75],"card_choices":[{"not_picked":["Machine Learning","Core Surge"],"picked":"Creative AI","floor":0},{"not_picked":["Force Field","Beam Cell"],"picked":"Loop","floor":1},{"not_picked":["Turbo","Coolheaded"],"picked":"Sunder","floor":2},{"not_picked":["Stack","Steam"],"picked":"BootSequence","floor":3},{"not_picked":["Sweeping Beam","Leap"],"picked":"Core Surge","floor":4},{"not_picked":["Redo","Compile Driver"],"picked":"Cold Snap","floor":5},{"not_picked":["Conserve Battery","FTL"],"picked":"Cold Snap","floor":6},{"not_picked":["White Noise","BootSequence"],"picked":"Chill","floor":8},{"not_picked":["Hologram","Darkness"],"picked":"Conserve Battery","floor":11},{"not_picked":["Hologram","Stack"],"picked":"Sweeping Beam","floor":12},{"not_picked":["Streamline","Go for the Eyes"],"picked":"Redo","floor":13},{"not_picked":["Turbo","Rebound"],"picked":"White Noise","floor":14},{"not_picked":["Hyperbeam","Rainbow"],"picked":"Electrodynamics","floor":16},{"not_picked":["Lockon","Rip and Tear"],"picked":"Blizzard+1","floor":18}],"player_experience":300778,"relics_obtained":[{"floor":6,"key":"Bag of Preparation"},{"floor":9,"key":"Pantograph"},{"floor":12,"key":"Shuriken"},{"floor":14,"key":"Shovel"}],"event_choices":[{"damage_healed":0,"gold_gain":0,"player_choice":"Fight","damage_taken":0,"max_hp_gain":0,"max_hp_loss":0,"event_name":"Colosseum","floor":19,"gold_loss":0},{"damage_healed":0,"gold_gain":0,"player_choice":"Fought Nobs","damage_taken":0,"max_hp_gain":0,"max_hp_loss":0,"event_name":"Colosseum","floor":19,"gold_loss":0}],"is_beta":false,"boss_relics":[{"not_picked":["Runic Pyramid","Ectoplasm"],"picked":"Black Star"}],"items_purged_floors":[],"is_endless":false,"potions_floor_spawned":[1,2,5,8,11,18,19],"killed_by":"Colosseum Nobs","ascension_level":4}