{"gold_per_floor":[114,133,133,133,148,148,183,196,246,264,264,295,319,392,392,488,488,508,189,104,104,104,104],"floor_reached":23,"playtime":653,"items_purged":["Strike_B"],"score":413,"play_id":"41ae1e8a-ea96-4c69-88c9-8dcd68ab63e7","local_time":"20190624182824","is_ascension_mode":true,"campfire_choices":[{"floor":6,"key":"REST"},{"floor":11,"key":"REST"},{"floor":15,"key":"REST"}],"neow_cost":"NONE","seed_source_timestamp":60961451145500,"circlet_count":0,"master_deck":["AscendersBane","Defend_B","Defend_B","Defend_B","Defend_B","Zap","Dualcast+1","Leap","Cold Snap","All For One","Go for the Eyes","Gash","Sweeping Beam","BootSequence","FTL","Echo Form","Leap+1","Bite","Bite","Bite","Bite","Bite"],"special_seed":0,"relics":["Cracked Core","Art of War","Golden Idol","Pear","Regal Pillow","The Courier","Black Star","Pen Nib","Bronze Scales","Juzu Bracelet"],"potions_floor_usage":[7,16,23],"damage_taken":[{"damage":6.0,"enemies":"Jaw Worm","floor":1.0,"turns":4.0},{"damage":4.0,"enemies":"Small Slimes","floor":2.0,"turns":3.0},{"damage":0,"enemies":"2 Louse","floor":5,"turns":2},{"damage":28,"enemies":"3 Sentries","floor":7,"turns":9},{"damage":0,"enemies":"2 Fungi Beasts","floor":8,"turns":4},{"damage":21,"enemies":"3 Louse","floor":10,"turns":3},{"damage":21,"enemies":"Lagavulin","floor":12,"turns":5},{"damage":0,"enemies":"Exordium Thugs","floor":13,"turns":5},{"damage":16,"enemies":"Gremlin Nob","floor":14,"turns":4},{"damage":6,"enemies":"Slime Boss","floor":16,"turns":8},{"damage":7,"enemies":"Chosen","floor":18,"turns":4},{"damage":49,"enemies":"Gremlin Leader","floor":23,"turns":2}],"seed_played":"1221663572681503663","potions_obtained":[{"floor":2.0,"key":"Regen Potion"},{"floor":8,"key":"PowerPotion"},{"floor":16,"key":"PowerPotion"},{"floor":18,"key":"Poison Potion"}],"is_trial":false,"path_per_floor":["M","M","?","?","M","R","E","M","T","M","R","E","M","?","R","B",null,"M","$","?","?","?","E"],"character_chosen":"DEFECT","items_purchased":["Pen Nib","Bronze Scales"],"campfire_rested":3,"item_purchase_floors":[19,19],"current_hp_per_floor":[58,54,33,9,9,30,27,27,27,6,45,24,26,12,51,47,73,68,68,68,68,45,0],"gold":104,"neow_bonus":"RANDOM_COMMON_RELIC","is_prod":false,"is_daily":false,"chose_seed":false,"campfire_upgraded":0,"win_rate":0,"timestamp":1561393704,"path_taken":["M","M","?","?","M","R","E","M","T","M","R","E","M","?","R","BOSS","M","$","?","?","?","E"],"build_version":"2019-06-21","purchased_purges":1,"victory":false,"max_hp_per_floor":[71,71,71,71,71,71,81,81,81,81,81,81,81,81,81,81,81,81,81,81,81,86,86],"card_choices":[{"not_picked":["Barrage","Conserve Battery"],"picked":"Leap","floor":1.0},{"not_picked":["Chill","Rebound"],"picked":"Cold Snap","floor":2.0},{"not_picked":["Heatsinks","Stack","Consume"],"picked":"SKIP","floor":5},{"not_picked":["Self Repair","Go for the Eyes"],"picked":"All For One","floor":7},{"not_picked":["Streamline","Cold Snap"],"picked":"Go for the Eyes","floor":8},{"not_picked":["Coolheaded","Leap"],"picked":"Gash","floor":10},{"not_picked":["Heatsinks","Aggregate"],"picked":"Sweeping Beam","floor":12},{"not_picked":["Undo","Barrage"],"picked":"BootSequence","floor":13},{"not_picked":["Cold Snap","Thunder Strike"],"picked":"FTL","floor":14},{"not_picked":["Meteor Strike","Electrodynamics"],"picked":"Echo Form","floor":16},{"not_picked":["Steam","Force Field"],"picked":"Leap+1","floor":18}],"player_experience":881000,"relics_obtained":[{"floor":7,"key":"Pear"},{"floor":9,"key":"Regal Pillow"},{"floor":12,"key":"Blood Vial"},{"floor":14,"key":"The Courier"}],"event_choices":[{"damage_healed":0.0,"max_hp_gain":0.0,"max_hp_loss":0.0,"gold_gain":0.0,"event_name":"Shining Light","player_choice":"Entered Light","floor":3.0,"gold_loss":0.0,"damage_taken":21.0,"cards_upgraded":["Dualcast","Strike_B"]},{"damage_healed":0,"gold_gain":0,"player_choice":"Take Damage","damage_taken":24,"relics_obtained":["Golden Idol"],"max_hp_gain":0,"max_hp_loss":0,"event_name":"Golden Idol","floor":4,"gold_loss":0},{"damage_healed":0,"gold_gain":30,"player_choice":"Searched \u00272\u0027 times","damage_taken":0,"max_hp_gain":0,"max_hp_loss":0,"event_name":"Dead Adventurer","floor":14,"gold_loss":0},{"damage_healed":0,"gold_gain":0,"player_choice":"Obtained Relic","damage_taken":0,"relics_obtained":["Juzu Bracelet"],"max_hp_gain":0,"max_hp_loss":0,"event_name":"Addict","floor":20,"gold_loss":85},{"damage_healed":0,"gold_gain":0,"player_choice":"Became a vampire (Vial)","damage_taken":0,"max_hp_gain":0,"max_hp_loss":0,"event_name":"Vampires","floor":21,"relics_lost":["Blood Vial"],"gold_loss":0,"cards_obtained":["Bite","Bite","Bite","Bite","Bite"]},{"damage_healed":0,"gold_gain":0,"player_choice":"Shed Blood","damage_taken":28,"max_hp_gain":5,"max_hp_loss":0,"event_name":"Forgotten Altar","floor":22,"gold_loss":0}],"is_beta":true,"boss_relics":[{"not_picked":["Velvet Choker","Busted Crown"],"picked":"Black Star"}],"items_purged_floors":[19],"is_endless":false,"potions_floor_spawned":[2,8,16,18],"killed_by":"Gremlin Leader","ascension_level":19}