{"gold_per_floor":[111,124,299,299,249,277,294,294,294,74,104,104],"floor_reached":12,"playtime":354,"items_purged":[],"score":167,"play_id":"b8a7391f-698c-42b2-a3d4-ed3502292020","local_time":"20190507093345","is_ascension_mode":true,"campfire_choices":[{"floor":8,"key":"REST"}],"neow_cost":"NONE","seed_source_timestamp":90745404422500,"circlet_count":0,"master_deck":["AscendersBane","Strike_B","Strike_B","Strike_B","Defend_B","Defend_B","Defend_B","Defend_B","Zap","Dualcast","Sunder","Turbo","Steam","Coolheaded","Meteor Strike","Genetic Algorithm"],"relics":["Cracked Core","Pear","MawBank","Blood Vial","Strawberry"],"potions_floor_usage":[11],"damage_taken":[{"damage":9,"enemies":"Small Slimes","floor":1,"turns":3},{"damage":3,"enemies":"2 Louse","floor":2,"turns":2},{"damage":54,"enemies":"Lagavulin","floor":6,"turns":7},{"damage":1,"enemies":"Cultist","floor":7,"turns":4},{"damage":29,"enemies":"3 Sentries","floor":11,"turns":8},{"damage":31,"enemies":"Large Slime","floor":12,"turns":6}],"seed_played":"1944511477659575578","potions_obtained":[{"floor":2,"key":"Strength Potion"},{"floor":7,"key":"EntropicBrew"}],"is_trial":false,"path_per_floor":["M","M","?","?","?","E","M","R","T","$","E","M"],"character_chosen":"DEFECT","items_purchased":["Meteor Strike","Blood Vial"],"campfire_rested":1,"item_purchase_floors":[10,10],"current_hp_per_floor":[66,63,63,63,63,19,18,45,45,45,25,0],"gold":104,"neow_bonus":"TEN_PERCENT_HP_BONUS","is_prod":false,"is_daily":false,"chose_seed":false,"campfire_upgraded":0,"win_rate":0,"timestamp":1557214425,"path_taken":["M","M","?","?","?","E","M","R","T","$","E","M"],"build_version":"2019-04-23","purchased_purges":0,"victory":false,"max_hp_per_floor":[82,82,82,82,82,92,92,92,92,92,99,99],"card_choices":[{"not_picked":["Ball Lightning","FTL"],"picked":"Sunder","floor":1},{"not_picked":["Gash","Consume"],"picked":"Turbo","floor":2},{"not_picked":["Turbo","Static Discharge"],"picked":"Steam","floor":6},{"not_picked":["Ball Lightning","Redo"],"picked":"Coolheaded","floor":7},{"not_picked":["Go for the Eyes","Self Repair"],"picked":"Genetic Algorithm","floor":11}],"player_experience":577076,"relics_obtained":[{"floor":6,"key":"Pear"},{"floor":9,"key":"MawBank"},{"floor":11,"key":"Strawberry"}],"event_choices":[{"damage_healed":0,"gold_gain":175,"player_choice":"AGREE","damage_taken":0,"max_hp_gain":0,"max_hp_loss":0,"event_name":"Liars Game","floor":3,"gold_loss":0,"cards_obtained":["Doubt"]},{"cards_removed":["Doubt"],"damage_healed":0,"gold_gain":0,"player_choice":"Forget","damage_taken":0,"max_hp_gain":0,"max_hp_loss":0,"event_name":"Living Wall","floor":4,"gold_loss":0},{"cards_removed":["Strike_B"],"damage_healed":0,"gold_gain":0,"player_choice":"Card Removal","damage_taken":0,"max_hp_gain":0,"max_hp_loss":0,"event_name":"The Cleric","floor":5,"gold_loss":50}],"is_beta":true,"boss_relics":[],"items_purged_floors":[],"is_endless":false,"potions_floor_spawned":[2,7],"killed_by":"Large Slime","ascension_level":13}