{"gold_per_floor":[113,113,113,127,11,11,29,57,82,102,82,98,98,115,115,191,191,203,203,218,235,254,284,300,300,300,300,300,333,333,365,365,365],"floor_reached":33,"playtime":1711,"items_purged":[],"score":598,"play_id":"9a824000-c92b-4045-a95c-2245ea5c75c4","local_time":"20190624160738","is_ascension_mode":true,"campfire_choices":[{"data":"White Noise","floor":6.0,"key":"SMITH"},{"floor":13.0,"key":"REST"},{"floor":15.0,"key":"REST"},{"floor":28,"key":"REST"},{"floor":30,"key":"REST"},{"floor":32,"key":"REST"}],"neow_cost":"NONE","seed_source_timestamp":0,"circlet_count":0,"master_deck":["AscendersBane","Strike_B","Strike_B","Defend_B","Defend_B","Defend_B","Defend_B","Zap","Dualcast","Glacier","Amplify","Cold Snap+1","White Noise+1","Force Field","Auto Shields","FTL","Ball Lightning","Static Discharge","Compile Driver","Buffer","Go for the Eyes","Compile Driver+1","Ball Lightning+1","Compile Driver","Chaos","FTL","Heatsinks"],"special_seed":0,"relics":["Cracked Core","Blood Vial","Boot","Cursed Key","Juzu Bracelet","Pear","Spirit Poop","Shovel","Whetstone"],"potions_floor_usage":[23,29,33],"damage_taken":[{"damage":2.0,"enemies":"Jaw Worm","floor":1.0,"turns":3.0},{"damage":2.0,"enemies":"Cultist","floor":4.0,"turns":4.0},{"damage":3.0,"enemies":"Small Slimes","floor":7.0,"turns":4.0},{"damage":32.0,"enemies":"Gremlin Nob","floor":8.0,"turns":4.0},{"damage":8.0,"enemies":"Blue Slaver","floor":10.0,"turns":5.0},{"damage":11.0,"enemies":"3 Louse","floor":12.0,"turns":2.0},{"damage":17.0,"enemies":"Lots of Slimes","floor":14.0,"turns":5.0},{"damage":61.0,"enemies":"Slime Boss","floor":16.0,"turns":10.0},{"damage":10,"enemies":"3 Byrds","floor":18,"turns":5},{"damage":15,"enemies":"Shell Parasite","floor":20,"turns":5},{"damage":11,"enemies":"Snake Plant","floor":21,"turns":5},{"damage":9,"enemies":"Snecko","floor":22,"turns":6},{"damage":20,"enemies":"Book of Stabbing","floor":23,"turns":5},{"damage":5,"enemies":"Chosen and Byrds","floor":24,"turns":5},{"damage":27,"enemies":"Slavers","floor":29,"turns":5},{"damage":24,"enemies":"Gremlin Leader","floor":31,"turns":7},{"damage":67,"enemies":"Collector","floor":33,"turns":6}],"seed_played":"-8662796972009907023","potions_obtained":[{"floor":1.0,"key":"EntropicBrew"},{"floor":4.0,"key":"SkillPotion"},{"floor":11.0,"key":"FearPotion"},{"floor":12.0,"key":"Weak Potion"},{"floor":14.0,"key":"Regen Potion"},{"floor":18,"key":"FearPotion"},{"floor":21,"key":"Energy Potion"},{"floor":24,"key":"PowerPotion"}],"is_trial":false,"path_per_floor":["M","?","?","M","$","R","M","E","T","M","?","M","R","M","R","B",null,"M","?","M","M","M","E","M","?","T","?","R","E","R","E","R","B"],"character_chosen":"DEFECT","items_purchased":["White Noise","Force Field"],"campfire_rested":5,"item_purchase_floors":[5,5],"current_hp_per_floor":[69,69,69,67,67,67,64,32,32,26,26,17,40,25,48,4,60,52,52,39,30,23,5,2,2,12,12,38,13,39,17,43,0],"gold":365,"neow_bonus":"TEN_PERCENT_HP_BONUS","is_prod":false,"is_daily":false,"chose_seed":false,"campfire_upgraded":1,"win_rate":0,"timestamp":1561385258,"path_taken":["M","?","?","M","?","R","?","E","T","M","?","M","R","?","R","BOSS","M","?","M","M","M","E","M","?","T","?","R","E","R","E","R","BOSS"],"build_version":"2019-06-21","purchased_purges":0,"victory":false,"max_hp_per_floor":[78,78,78,78,78,78,78,78,78,78,78,78,78,78,78,78,78,78,78,78,78,78,78,78,78,88,88,88,88,88,88,88,88],"card_choices":[{"not_picked":["Redo","Reinforced Body"],"picked":"Glacier","floor":1.0},{"not_picked":["Hologram","Conserve Battery"],"picked":"Cold Snap","floor":4.0},{"not_picked":["Coolheaded","Barrage"],"picked":"Auto Shields","floor":7.0},{"not_picked":["Barrage","Melter"],"picked":"FTL","floor":8.0},{"not_picked":["Meteor Strike","Stack"],"picked":"Ball Lightning","floor":10.0},{"not_picked":["Beam Cell","Ball Lightning"],"picked":"Static Discharge","floor":12.0},{"not_picked":["Skim","Leap"],"picked":"Compile Driver","floor":14.0},{"not_picked":["Fission","Thunder Strike"],"picked":"Buffer","floor":16.0},{"not_picked":["Beam Cell","Blizzard"],"picked":"Go for the Eyes","floor":18},{"not_picked":["Ball Lightning","Gash"],"picked":"Compile Driver","floor":20},{"not_picked":["Rebound","Machine Learning"],"picked":"Ball Lightning+1","floor":21},{"not_picked":["Turbo","Ball Lightning"],"picked":"Compile Driver","floor":22},{"not_picked":["Streamline","Conserve Battery"],"picked":"Chaos","floor":23},{"not_picked":["Stack","Leap"],"picked":"FTL","floor":24},{"not_picked":["Cold Snap","Reprogram","Turbo"],"picked":"SKIP","floor":29},{"not_picked":["FTL","Darkness"],"picked":"Heatsinks","floor":31}],"player_experience":875913,"relics_obtained":[{"floor":8.0,"key":"Blood Vial"},{"floor":9.0,"key":"Boot"},{"floor":23,"key":"Juzu Bracelet"},{"floor":26,"key":"Pear"},{"floor":29,"key":"Shovel"},{"floor":31,"key":"Whetstone"}],"event_choices":[{"damage_healed":0.0,"max_hp_gain":0.0,"max_hp_loss":0.0,"gold_gain":0.0,"cards_transformed":["Strike_B"],"event_name":"Living Wall","player_choice":"Change","floor":2.0,"gold_loss":0.0,"damage_taken":0.0,"cards_obtained":["Amplify"]},{"damage_healed":0.0,"max_hp_gain":0.0,"max_hp_loss":0.0,"gold_gain":0.0,"event_name":"Liars Game","player_choice":"Ignored","floor":3.0,"gold_loss":0.0,"damage_taken":0.0},{"damage_healed":0.0,"max_hp_gain":0.0,"max_hp_loss":0.0,"gold_gain":0.0,"event_name":"The Woman in Blue","player_choice":"Bought 1 Potion","floor":11.0,"gold_loss":0.0,"damage_taken":0.0},{"cards_removed":["Strike_B"],"damage_healed":0,"gold_gain":0,"player_choice":"Elegance","damage_taken":0,"max_hp_gain":0,"max_hp_loss":0,"event_name":"Back to Basics","floor":19,"gold_loss":0},{"damage_healed":0,"gold_gain":0,"player_choice":"Leave","damage_taken":0,"max_hp_gain":0,"max_hp_loss":0,"event_name":"FaceTrader","floor":25,"gold_loss":0},{"cards_removed":["Clumsy"],"damage_healed":0,"gold_gain":0,"player_choice":"Offered Curse","damage_taken":0,"relics_obtained":["Spirit Poop"],"max_hp_gain":0,"max_hp_loss":0,"event_name":"Bonfire Elementals","floor":27,"gold_loss":0}],"is_beta":true,"boss_relics":[{"not_picked":["Pandora\u0027s Box","Runic Dome"],"picked":"Cursed Key"}],"items_purged_floors":[],"is_endless":false,"potions_floor_spawned":[1,4,12,14,18,20,21,24],"killed_by":"Collector","ascension_level":19}