{"gold_per_floor":[109,34,34,54,67,67,91,91,115,165,183,183],"floor_reached":12,"playtime":357,"items_purged":[],"score":137,"play_id":"4d1f670b-9f3b-4359-83d4-a402aabd4c2c","local_time":"20190609181948","is_ascension_mode":true,"campfire_choices":[{"data":"Neutralize","floor":6,"key":"SMITH"},{"data":"Leg Sweep","floor":8,"key":"SMITH"}],"neow_cost":"TEN_PERCENT_HP_LOSS","seed_source_timestamp":560892059844100,"circlet_count":0,"master_deck":["AscendersBane","Strike_G","Strike_G","Strike_G","Defend_G","Defend_G","Defend_G","Defend_G","Survivor","Neutralize+1","Blur","Tactician","Quick Slash","Injury","Leg Sweep+1","Dagger Spray","Caltrops","PiercingWail"],"relics":["Ring of the Snake","Golden Idol","Smiling Mask"],"potions_floor_usage":[12],"damage_taken":[{"damage":10,"enemies":"Jaw Worm","floor":1,"turns":9},{"damage":0,"enemies":"2 Louse","floor":4,"turns":4},{"damage":6,"enemies":"Cultist","floor":5,"turns":6},{"damage":0,"enemies":"3 Louse","floor":7,"turns":4},{"damage":7,"enemies":"Exordium Thugs","floor":11,"turns":6},{"damage":45,"enemies":"Gremlin Nob","floor":12,"turns":4}],"seed_played":"-5192015656999763748","potions_obtained":[{"floor":4,"key":"Fire Potion"},{"floor":5,"key":"Energy Potion"}],"is_trial":false,"path_per_floor":["M","?","?","M","M","R","M","R","T","?","M","E"],"character_chosen":"THE_SILENT","items_purchased":[],"campfire_rested":0,"item_purchase_floors":[],"current_hp_per_floor":[49,49,49,49,43,43,43,43,43,37,30,0],"gold":183,"neow_bonus":"TRANSFORM_TWO_CARDS","is_prod":false,"is_daily":false,"chose_seed":false,"campfire_upgraded":2,"win_rate":0,"timestamp":1560097188,"path_taken":["M","?","?","M","M","R","M","R","T","?","?","E"],"build_version":"2019-06-07","purchased_purges":0,"victory":false,"max_hp_per_floor":[60,60,60,60,60,60,60,60,60,60,60,60],"card_choices":[{"not_picked":["Reflex","Sucker Punch"],"picked":"Quick Slash","floor":1},{"not_picked":["Calculated Gamble","Expertise"],"picked":"Leg Sweep","floor":4},{"not_picked":["Crippling Poison","Dagger Throw"],"picked":"Dagger Spray","floor":5},{"not_picked":["Blade Dance","Flying Knee"],"picked":"Caltrops","floor":7},{"not_picked":["Poisoned Stab","Dodge and Roll"],"picked":"PiercingWail","floor":11}],"player_experience":807553,"relics_obtained":[{"floor":9,"key":"Smiling Mask"}],"event_choices":[{"cards_removed":["Defend_G"],"damage_healed":0,"gold_gain":0,"player_choice":"Card Removal","damage_taken":0,"max_hp_gain":0,"max_hp_loss":0,"event_name":"The Cleric","floor":2,"gold_loss":75},{"damage_healed":0,"gold_gain":0,"player_choice":"Take Wound","damage_taken":0,"relics_obtained":["Golden Idol"],"max_hp_gain":0,"max_hp_loss":0,"event_name":"Golden Idol","floor":3,"gold_loss":0,"cards_obtained":["Injury"]},{"damage_healed":0,"gold_gain":50,"player_choice":"Touch","damage_taken":6,"max_hp_gain":0,"max_hp_loss":0,"event_name":"FaceTrader","floor":10,"gold_loss":0}],"is_beta":true,"boss_relics":[],"items_purged_floors":[],"is_endless":false,"potions_floor_spawned":[4,5],"killed_by":"Gremlin Nob","ascension_level":19}