{"gold_per_floor":[368,384,402,422,166,195,195,229,304,318,344,354,22,45,45,148,148,167,167,178,193,209,219,219,248,248,283,283],"floor_reached":28,"playtime":1400,"items_purged":["Clumsy"],"score":409,"play_id":"aa95c79a-978c-45ca-8e41-520df9a36770","local_time":"20190623225336","is_ascension_mode":true,"campfire_choices":[{"floor":7.0,"key":"REST"},{"floor":15.0,"key":"REST"},{"floor":24.0,"key":"REST"}],"neow_cost":"CURSE","seed_source_timestamp":0,"circlet_count":0,"master_deck":["Strike_B","Strike_B","Strike_B","Strike_B","Defend_B","Defend_B","Defend_B","Defend_B","Zap","Dualcast","Defragment","Turbo","Cold Snap","Sweeping Beam","Electrodynamics","Hologram","Defragment","Sweeping Beam","Barrage","Coolheaded","Thunder Strike","Echo Form","Buffer","Cold Snap+1","Cold Snap+1","Beam Cell+1","Leap+1","Storm+1","Heatsinks+1","Lockon+1"],"special_seed":0,"relics":["Cracked Core","PreservedInsect","Torii","Ornamental Fan","Bronze Scales","Molten Egg 2","Odd Mushroom","Runic Pyramid","Sundial","Pear","Cables"],"potions_floor_usage":[25],"damage_taken":[{"damage":1.0,"enemies":"Cultist","floor":1.0,"turns":4.0},{"damage":0.0,"enemies":"Small Slimes","floor":2.0,"turns":3.0},{"damage":13.0,"enemies":"Jaw Worm","floor":3.0,"turns":4.0},{"damage":11.0,"enemies":"Large Slime","floor":4.0,"turns":6.0},{"damage":17.0,"enemies":"3 Sentries","floor":6.0,"turns":3.0},{"damage":17.0,"enemies":"Lagavulin","floor":8.0,"turns":5.0},{"damage":1.0,"enemies":"Blue Slaver","floor":10.0,"turns":3.0},{"damage":10.0,"enemies":"Gremlin Nob","floor":11.0,"turns":4.0},{"damage":2.0,"enemies":"Looter","floor":12.0,"turns":4.0},{"damage":1.0,"enemies":"The Mushroom Lair","floor":14.0,"turns":2.0},{"damage":30.0,"enemies":"Slime Boss","floor":16.0,"turns":6.0},{"damage":6.0,"enemies":"3 Byrds","floor":18.0,"turns":2.0},{"damage":0.0,"enemies":"Spheric Guardian","floor":20.0,"turns":4.0},{"damage":17.0,"enemies":"Snake Plant","floor":21.0,"turns":3.0},{"damage":11.0,"enemies":"Sentry and Sphere","floor":22.0,"turns":6.0},{"damage":1.0,"enemies":"Centurion and Healer","floor":23.0,"turns":7.0},{"damage":23,"enemies":"Book of Stabbing","floor":25,"turns":3},{"damage":18,"enemies":"Gremlin Leader","floor":27,"turns":4},{"damage":17,"enemies":"Snake Plant","floor":28,"turns":1}],"seed_played":"2687867114611233577","potions_obtained":[{"floor":1.0,"key":"Dexterity Potion"},{"floor":4.0,"key":"GamblersBrew"},{"floor":11.0,"key":"SpeedPotion"},{"floor":14.0,"key":"Poison Potion"},{"floor":16.0,"key":"Strength Potion"},{"floor":21.0,"key":"FearPotion"},{"floor":22.0,"key":"Strength Potion"}],"is_trial":false,"path_per_floor":["M","M","M","M","$","E","R","E","T","M","E","M","$","?","R","B",null,"M","?","M","M","M","M","R","E","T","E","M"],"character_chosen":"DEFECT","items_purchased":["Electrodynamics","Hologram","Thunder Strike","Molten Egg 2"],"campfire_rested":3,"item_purchase_floors":[5,5,13,13],"current_hp_per_floor":[67,67,54,43,43,26,48,31,31,30,20,18,18,17,39,9,59,53,53,53,36,25,24,46,23,33,15,0],"gold":283,"neow_bonus":"TWO_FIFTY_GOLD","is_prod":false,"is_daily":false,"chose_seed":false,"campfire_upgraded":0,"win_rate":0,"timestamp":1561352016,"path_taken":["M","M","M","M","$","E","R","E","T","M","E","M","$","?","R","BOSS","M","?","M","M","?","M","R","E","T","E","M"],"build_version":"2019-01-23","purchased_purges":1,"victory":false,"max_hp_per_floor":[75,75,75,75,75,75,75,75,75,75,75,75,75,75,75,75,75,75,75,75,75,75,75,75,75,85,85,85],"card_choices":[{"not_picked":["Conserve Battery","Turbo"],"picked":"Defragment","floor":1.0},{"not_picked":["Steam","Stack"],"picked":"Turbo","floor":2.0},{"not_picked":["Redo","Compile Driver"],"picked":"Cold Snap","floor":3.0},{"not_picked":["Leap","BootSequence"],"picked":"Sweeping Beam","floor":4.0},{"not_picked":["Sunder","Meteor Strike"],"picked":"Defragment","floor":6.0},{"not_picked":["Leap","Skim"],"picked":"Sweeping Beam","floor":8.0},{"not_picked":["Beam Cell","Go for the Eyes"],"picked":"Barrage","floor":10.0},{"not_picked":["Streamline","Scrape","Blizzard"],"picked":"SKIP","floor":11.0},{"not_picked":["Go for the Eyes","Leap"],"picked":"Coolheaded","floor":12.0},{"not_picked":["Leap","Conserve Battery"],"picked":"Echo Form","floor":14.0},{"not_picked":["Reboot","Seek"],"picked":"Buffer","floor":16.0},{"not_picked":["Beam Cell+1","Gash+1"],"picked":"Cold Snap+1","floor":18.0},{"not_picked":["FTL+1","Conserve Battery"],"picked":"Cold Snap+1","floor":20.0},{"not_picked":["Streamline+1","Coolheaded"],"picked":"Beam Cell+1","floor":21.0},{"not_picked":["Rebound+1","Blizzard+1"],"picked":"Leap+1","floor":22.0},{"not_picked":["Redo+1","Recycle"],"picked":"Storm+1","floor":23.0},{"not_picked":["Stack+1","Leap"],"picked":"Heatsinks+1","floor":25},{"not_picked":["Reprogram","Rainbow"],"picked":"Lockon+1","floor":27}],"player_experience":380439,"relics_obtained":[{"floor":6.0,"key":"PreservedInsect"},{"floor":8.0,"key":"Torii"},{"floor":9.0,"key":"Ornamental Fan"},{"floor":11.0,"key":"Bronze Scales"},{"floor":14.0,"key":"Odd Mushroom"},{"floor":25,"key":"Sundial"},{"floor":26,"key":"Pear"},{"floor":27,"key":"Cables"}],"event_choices":[{"damage_healed":0.0,"max_hp_gain":0.0,"max_hp_loss":0.0,"gold_gain":0.0,"event_name":"Mushrooms","player_choice":"Fought Mushrooms","floor":14.0,"gold_loss":0.0,"damage_taken":0.0},{"damage_healed":0.0,"max_hp_gain":0.0,"max_hp_loss":0.0,"gold_gain":0.0,"event_name":"The Woman in Blue","player_choice":"Bought 0 Potions","floor":19.0,"gold_loss":0.0,"damage_taken":0.0}],"is_beta":false,"boss_relics":[{"not_picked":["Fusion Hammer","Busted Crown"],"picked":"Runic Pyramid"}],"items_purged_floors":[5],"is_endless":false,"potions_floor_spawned":[1,4,11,14,16,21,22],"killed_by":"Snake Plant","ascension_level":9}