{"gold_per_floor":[111,126,58,69,69,101,101,133,133,166,166,3,14,48,48,151,151,168,187,187,207,220,248,267,294,294,26,26,45,45,75,75,75],"floor_reached":33,"playtime":2502,"items_purged":["Pain","Regret"],"score":489,"play_id":"79a90f7e-d337-42ef-9083-3788180f099c","local_time":"20190602161423","is_ascension_mode":true,"campfire_choices":[{"floor":7,"key":"REST"},{"data":"Well Laid Plans","floor":15,"key":"SMITH"},{"data":"After Image","floor":28,"key":"SMITH"},{"floor":30,"key":"REST"},{"data":"Adrenaline","floor":32,"key":"SMITH"}],"neow_cost":"NONE","seed_source_timestamp":1090078593036789,"circlet_count":0,"master_deck":["Defend_G","Defend_G","Defend_G","Defend_G","Defend_G","Strike_G","Strike_G","Strike_G","Strike_G","Strike_G","Survivor","Neutralize","Riddle With Holes","Flying Knee","Adrenaline+1","Noxious Fumes+1","Terror","Caltrops","PiercingWail","Caltrops","Cloak And Dagger","Adrenaline","Well Laid Plans+1","After Image+1","Calculated Gamble","Crippling Poison","Deadly Poison","Deadly Poison+1","Bouncing Flask","Predator+1","Slice+1","Footwork","Deflect","Caltrops+1"],"relics":["Ring of the Snake","NeowsBlessing","Gremlin Horn","The Courier","Bottled Lightning","Molten Egg 2","WarpedTongs","Bag of Preparation","Cursed Key","Darkstone Periapt","Peace Pipe","Orichalcum","Bronze Scales","Frozen Egg 2"],"potions_floor_usage":[8,10,19,20,24,29,31],"damage_taken":[{"damage":0,"enemies":"Jaw Worm","floor":1,"turns":1},{"damage":0,"enemies":"2 Louse","floor":2,"turns":1},{"damage":0,"enemies":"Cultist","floor":4,"turns":1},{"damage":37,"enemies":"Gremlin Nob","floor":6,"turns":5},{"damage":6,"enemies":"Lagavulin","floor":8,"turns":4},{"damage":3,"enemies":"3 Sentries","floor":10,"turns":6},{"damage":6,"enemies":"Lots of Slimes","floor":13,"turns":3},{"damage":16,"enemies":"Gremlin Nob","floor":14,"turns":4},{"damage":1,"enemies":"Hexaghost","floor":16,"turns":7},{"damage":0,"enemies":"3 Byrds","floor":18,"turns":5},{"damage":0,"enemies":"Spheric Guardian","floor":19,"turns":4},{"damage":0,"enemies":"Snecko","floor":20,"turns":2},{"damage":7,"enemies":"Centurion and Healer","floor":21,"turns":6},{"damage":0,"enemies":"Cultist and Chosen","floor":22,"turns":7},{"damage":12,"enemies":"Slavers","floor":23,"turns":4},{"damage":0,"enemies":"Chosen and Byrds","floor":24,"turns":4},{"damage":24,"enemies":"Book of Stabbing","floor":25,"turns":6},{"damage":13,"enemies":"Sentry and Sphere","floor":29,"turns":5},{"damage":0,"enemies":"Gremlin Leader","floor":31,"turns":4},{"damage":42,"enemies":"Champ","floor":33,"turns":8}],"seed_played":"8997160514510018502","potions_obtained":[{"floor":6,"key":"GhostInAJar"},{"floor":8,"key":"EssenceOfSteel"},{"floor":13,"key":"SmokeBomb"},{"floor":14,"key":"GhostInAJar"},{"floor":22,"key":"SmokeBomb"},{"floor":23,"key":"Fire Potion"},{"floor":24,"key":"Fruit Juice"},{"floor":25,"key":"Dexterity Potion"}],"is_trial":false,"path_per_floor":["M","M","$","M","?","E","R","E","T","E","?","$","M","E","R","B",null,"M","M","M","M","M","E","M","E","T","$","R","M","R","E","R","B"],"character_chosen":"THE_SILENT","items_purchased":["Adrenaline","Caltrops","Cloak And Dagger","Bronze Scales","Footwork"],"campfire_rested":2,"item_purchase_floors":[3,12,12,27,27],"current_hp_per_floor":[63,63,63,63,63,26,47,41,41,38,38,38,32,16,16,15,56,56,56,56,49,49,37,42,18,24,24,24,11,35,35,35,0],"gold":75,"neow_bonus":"THREE_ENEMY_KILL","is_prod":false,"is_daily":false,"chose_seed":false,"campfire_upgraded":3,"win_rate":0,"timestamp":1559513663,"path_taken":["M","M","$","M","?","E","R","E","T","E","?","$","?","E","R","BOSS","M","?","M","M","M","E","M","E","T","$","R","M","R","E","R","BOSS"],"build_version":"2019-01-23","purchased_purges":2,"victory":false,"max_hp_per_floor":[70,70,70,70,70,70,70,70,70,70,70,70,70,70,70,70,70,70,70,70,70,70,70,75,75,81,81,81,81,81,81,81,81],"card_choices":[{"not_picked":["Backflip","Blade Dance"],"picked":"Riddle With Holes","floor":1},{"not_picked":["Dodge and Roll","Blade Dance"],"picked":"Flying Knee","floor":2},{"not_picked":["Infinite Blades","Underhanded Strike"],"picked":"Noxious Fumes","floor":4},{"not_picked":["Flying Knee","Blade Dance"],"picked":"Terror","floor":6},{"not_picked":["Storm of Steel","Dagger Spray"],"picked":"Caltrops","floor":8},{"not_picked":["All Out Attack","Blade Dance"],"picked":"PiercingWail","floor":10},{"not_picked":["Deflect","Poisoned Stab+1"],"picked":"Adrenaline","floor":13},{"not_picked":["PiercingWail","Concentrate"],"picked":"Well Laid Plans","floor":14},{"not_picked":["Storm of Steel","Tools of the Trade"],"picked":"After Image","floor":16},{"not_picked":["Skewer+1","Outmaneuver"],"picked":"Calculated Gamble","floor":18},{"not_picked":["Deflect","Dagger Spray+1"],"picked":"Crippling Poison","floor":19},{"not_picked":["Underhanded Strike+1","PiercingWail"],"picked":"Deadly Poison","floor":21},{"not_picked":["Tactician+1","Leg Sweep"],"picked":"Deadly Poison+1","floor":22},{"not_picked":["Acrobatics+1","Terror"],"picked":"Bouncing Flask","floor":23},{"not_picked":["Prepared","Blur"],"picked":"Predator+1","floor":24},{"not_picked":["Acrobatics","Dodge and Roll"],"picked":"Slice+1","floor":25},{"not_picked":["Distraction","Finisher+1"],"picked":"Deflect","floor":29},{"not_picked":["Predator+1","Skewer+1"],"picked":"Caltrops","floor":31}],"player_experience":269173,"relics_obtained":[{"floor":6,"key":"Gremlin Horn"},{"floor":8,"key":"The Courier"},{"floor":9,"key":"Bottled Lightning"},{"floor":10,"key":"Molten Egg 2"},{"floor":14,"key":"Bag of Preparation"},{"floor":23,"key":"Darkstone Periapt"},{"floor":25,"key":"Peace Pipe"},{"floor":26,"key":"Orichalcum"},{"floor":31,"key":"Frozen Egg 2"}],"event_choices":[{"damage_healed":0,"gold_gain":0,"player_choice":"Grow","damage_taken":0,"max_hp_gain":0,"max_hp_loss":0,"event_name":"Living Wall","floor":5,"gold_loss":0,"cards_upgraded":["Noxious Fumes"]},{"damage_healed":0,"gold_gain":0,"player_choice":"Rummage","damage_taken":0,"relics_obtained":["WarpedTongs"],"max_hp_gain":0,"max_hp_loss":0,"event_name":"Accursed Blacksmith","floor":11,"gold_loss":0,"cards_obtained":["Pain"]}],"is_beta":false,"boss_relics":[{"not_picked":["Calling Bell","Eternal Feather"],"picked":"Cursed Key"}],"items_purged_floors":[12,27],"is_endless":false,"potions_floor_spawned":[6,8,13,14,22,23,24,25],"killed_by":"Champ","ascension_level":7}