{"gold_per_floor":[109,120,120,420,9,36,49,69,69,79,108,108,118,18,18,122,122,135,149,165,165,185,185,195,70,124,124,153,153,153,68,68,164,164,180,180,191,206,218,218,238,83,83,98,124,124,143,173,173,173,173,173,4,34,34],"floor_reached":55,"playtime":3779,"items_purged":["Strike_G","Strike_G","Defend_G","Night Terror"],"score":823,"play_id":"e5348911-f020-4ff7-9fb3-4988caea3470","local_time":"20190619120719","is_ascension_mode":true,"campfire_choices":[{"data":"Strike_G","floor":12.0,"key":"PURGE"},{"floor":15.0,"key":"DIG"},{"data":"Defend_G","floor":23.0,"key":"PURGE"},{"data":"Defend_G","floor":27.0,"key":"PURGE"},{"floor":30.0,"key":"DIG"},{"floor":32.0,"key":"RECALL"},{"data":"Pain","floor":40.0,"key":"PURGE"},{"floor":46.0,"key":"REST"},{"data":"Sucker Punch","floor":49.0,"key":"PURGE"},{"data":"Defend_G","floor":52.0,"key":"PURGE"}],"neow_cost":"NONE","seed_source_timestamp":0,"circlet_count":0,"master_deck":["Survivor","Neutralize","Backflip","Backflip","Cloak And Dagger","Sucker Punch","Predator","Infinite Blades","Escape Plan","Corpse Explosion","Die Die Die+1","Prepared+1","Outmaneuver+1","Calculated Gamble+1","Well Laid Plans","Escape Plan+1","Blur","Blur+1","Blade Dance","Dash+1","Footwork","Blade Dance+1","Acrobatics+1","Dodge and Roll+1","Blade Dance+1","Sucker Punch+1","Escape Plan","Dagger Throw+1","Blade Dance","Envenom"],"special_seed":0,"relics":["Fusion Hammer","Question Card","Old Coin","Shovel","Peace Pipe","Bag of Marbles","Boot","Astrolabe","Tiny Chest","Du-Vu Doll","Bottled Tornado","Shuriken","Calipers","Lizard Tail","WarpedTongs","Oddly Smooth Stone","Sundial","Molten Egg 2","Smiling Mask","Blood Vial"],"potions_floor_usage":[55,55,55],"damage_taken":[{"damage":0.0,"enemies":"2 Louse","floor":1.0,"turns":3.0},{"damage":0.0,"enemies":"Jaw Worm","floor":2.0,"turns":4.0},{"damage":5.0,"enemies":"3 Sentries","floor":6.0,"turns":13.0},{"damage":1.0,"enemies":"Cultist","floor":7.0,"turns":4.0},{"damage":0.0,"enemies":"Lots of Slimes","floor":8.0,"turns":5.0},{"damage":0.0,"enemies":"Blue Slaver","floor":10.0,"turns":4.0},{"damage":19.0,"enemies":"Lagavulin","floor":11.0,"turns":4.0},{"damage":0.0,"enemies":"Exordium Thugs","floor":13.0,"turns":3.0},{"damage":3.0,"enemies":"The Guardian","floor":16.0,"turns":14.0},{"damage":18.0,"enemies":"2 Thieves","floor":18.0,"turns":3.0},{"damage":0.0,"enemies":"Spheric Guardian","floor":19.0,"turns":3.0},{"damage":6.0,"enemies":"Centurion and Healer","floor":20.0,"turns":5.0},{"damage":4.0,"enemies":"3 Cultists","floor":22.0,"turns":4.0},{"damage":10.0,"enemies":"Snake Plant","floor":24.0,"turns":5.0},{"damage":16.0,"enemies":"Gremlin Leader","floor":28.0,"turns":5.0},{"damage":2.0,"enemies":"Champ","floor":33.0,"turns":12.0},{"damage":8.0,"enemies":"3 Darklings","floor":35.0,"turns":3.0},{"damage":12.0,"enemies":"Orb Walker","floor":37.0,"turns":4.0},{"damage":7.0,"enemies":"Transient","floor":38.0,"turns":5.0},{"damage":3.0,"enemies":"Maw","floor":39.0,"turns":8.0},{"damage":0.0,"enemies":"3 Darklings","floor":41.0,"turns":3.0},{"damage":18.0,"enemies":"Jaw Worm Horde","floor":44.0,"turns":5.0},{"damage":3.0,"enemies":"Reptomancer","floor":45.0,"turns":7.0},{"damage":0.0,"enemies":"4 Shapes","floor":47.0,"turns":3.0},{"damage":17.0,"enemies":"Nemesis","floor":48.0,"turns":8.0},{"damage":2.0,"enemies":"Donu and Deca","floor":50.0,"turns":8.0},{"damage":33.0,"enemies":"Shield and Spear","floor":54.0,"turns":7.0},{"damage":82,"enemies":"The Heart","floor":55,"turns":9}],"seed_played":"4223655872943519341","potions_obtained":[{"floor":1.0,"key":"Strength Potion"},{"floor":6.0,"key":"SmokeBomb"},{"floor":8.0,"key":"FearPotion"},{"floor":11.0,"key":"Regen Potion"},{"floor":16.0,"key":"EssenceOfSteel"},{"floor":19.0,"key":"Fire Potion"},{"floor":21.0,"key":"Fruit Juice"},{"floor":21.0,"key":"SmokeBomb"},{"floor":33.0,"key":"SkillPotion"},{"floor":35.0,"key":"Dexterity Potion"},{"floor":45.0,"key":"EssenceOfSteel"},{"floor":54.0,"key":"Swift Potion"}],"is_trial":false,"path_per_floor":["M","M","?","?","$","E","M","M","T","M","E","R","M","$","R","B",null,"M","M","M","?","M","R","M","$","T","R","E","T","R","?","R","B",null,"M","?","M","M","M","R","M","$","T","M","E","R","M","E","R","B",null,"R","$","E","B"],"character_chosen":"THE_SILENT","items_purchased":["Shovel","Backflip","Oddly Smooth Stone","PowerPotion","Dagger Throw+1","Blade Dance"],"campfire_rested":1,"item_purchase_floors":[5,5,42,53,53,53],"current_hp_per_floor":[70,70,67,67,67,62,61,61,61,61,42,42,42,42,42,39,70,52,61,55,60,56,56,46,46,46,46,30,30,30,30,30,28,75,67,67,55,48,45,45,45,45,45,27,24,46,46,29,29,27,75,75,75,42,0],"gold":34,"neow_bonus":"BOSS_RELIC","is_prod":false,"is_daily":false,"chose_seed":false,"campfire_upgraded":0,"win_rate":0,"timestamp":1560971239,"path_taken":["M","M","?","?","$","E","M","M","T","?","E","R","M","$","R","BOSS","M","?","M","?","?","R","M","$","T","R","E","?","R","?","R","BOSS","M","?","M","?","M","R","M","$","T","M","E","R","M","E","R","BOSS","R","$","E","BOSS"],"build_version":"2019-01-23","purchased_purges":4,"victory":false,"max_hp_per_floor":[70,70,70,70,70,70,70,70,70,70,70,70,70,70,70,70,70,70,70,70,75,75,75,75,75,75,75,75,75,75,75,75,75,75,75,75,75,75,75,75,75,75,75,75,75,75,75,75,75,75,75,75,75,75,75],"card_choices":[{"not_picked":["Calculated Gamble","Poisoned Stab"],"picked":"Sucker Punch","floor":1.0},{"not_picked":["Underhanded Strike","Deadly Poison","Dagger Spray"],"picked":"SKIP","floor":2.0},{"not_picked":["Masterful Stab","Prepared","Poisoned Stab"],"picked":"Backflip","floor":6.0},{"not_picked":["Deadly Poison","Quick Slash","Phantasmal Killer"],"picked":"Cloak And Dagger","floor":7.0},{"not_picked":["Bane","Dagger Throw","Outmaneuver"],"picked":"Sucker Punch","floor":8.0},{"not_picked":["Calculated Gamble","Cloak And Dagger","Poisoned Stab"],"picked":"Predator","floor":10.0},{"not_picked":["Calculated Gamble","Flying Knee","Finisher"],"picked":"Infinite Blades","floor":11.0},{"not_picked":["Outmaneuver","Well Laid Plans","Terror"],"picked":"Escape Plan","floor":13.0},{"not_picked":["Bullet Time","Unload","Wraith Form v2"],"picked":"Corpse Explosion","floor":16.0},{"not_picked":["Bane","Endless Agony","Blade Dance"],"picked":"Calculated Gamble+1","floor":18.0},{"not_picked":["Flechettes","Prepared","Flying Knee"],"picked":"Well Laid Plans","floor":19.0},{"not_picked":["Prepared+1","Crippling Poison+1","Quick Slash"],"picked":"Escape Plan+1","floor":20.0},{"not_picked":["Bane","Masterful Stab","Deflect"],"picked":"Blur","floor":22.0},{"not_picked":["Well Laid Plans+1","Terror","Sucker Punch","Calculated Gamble+1"],"picked":"SKIP","floor":24.0},{"not_picked":["Deadly Poison+1","Masterful Stab","Reflex"],"picked":"Blur+1","floor":28.0},{"not_picked":["Bullet Time","Unload","Storm of Steel"],"picked":"Night Terror","floor":33.0},{"not_picked":["Catalyst+1","Quick Slash","Well Laid Plans+1"],"picked":"Blade Dance","floor":35.0},{"not_picked":["Bane","Backflip","Finisher"],"picked":"Dash+1","floor":37.0},{"not_picked":["Outmaneuver+1","Deflect","Blade Dance"],"picked":"Footwork","floor":38.0},{"not_picked":["Distraction","Dagger Spray+1","Poisoned Stab"],"picked":"Blade Dance+1","floor":39.0},{"not_picked":["Deadly Poison","Terror+1","Flechettes+1"],"picked":"Acrobatics+1","floor":41.0},{"not_picked":["Die Die Die","Outmaneuver+1","Slice+1"],"picked":"Dodge and Roll+1","floor":44.0},{"not_picked":["Infinite Blades+1","Predator+1","PiercingWail+1"],"picked":"Blade Dance+1","floor":45.0},{"not_picked":["Calculated Gamble","Heel Hook+1","Outmaneuver"],"picked":"Sucker Punch+1","floor":47.0},{"not_picked":["Accuracy","Poisoned Stab+1","Acrobatics+1"],"picked":"Escape Plan","floor":48.0},{"not_picked":["Masterful Stab+1","Blade Dance","Doppelganger"],"picked":"Envenom","floor":54.0}],"player_experience":351260,"relics_obtained":[{"floor":6.0,"key":"Peace Pipe"},{"floor":11.0,"key":"Bag of Marbles"},{"floor":15.0,"key":"Boot"},{"floor":26.0,"key":"Tiny Chest"},{"floor":28.0,"key":"Du-Vu Doll"},{"floor":29.0,"key":"Bottled Tornado"},{"floor":30.0,"key":"Shuriken"},{"floor":43.0,"key":"Sundial"},{"floor":45.0,"key":"Molten Egg 2"},{"floor":48.0,"key":"Smiling Mask"},{"floor":54.0,"key":"Blood Vial"}],"event_choices":[{"damage_healed":0.0,"max_hp_gain":0.0,"max_hp_loss":0.0,"gold_gain":0.0,"event_name":"Scrap Ooze","player_choice":"Success","floor":3.0,"gold_loss":0.0,"damage_taken":3.0,"relics_obtained":["Question Card"]},{"damage_healed":0.0,"max_hp_gain":0.0,"max_hp_loss":0.0,"gold_gain":0.0,"event_name":"WeMeetAgain","player_choice":"Gave Potion","floor":4.0,"gold_loss":0.0,"damage_taken":0.0,"relics_obtained":["Old Coin"]},{"damage_healed":0.0,"max_hp_gain":0.0,"max_hp_loss":0.0,"gold_gain":0.0,"event_name":"Lab","player_choice":"Got Potions","floor":21.0,"gold_loss":0.0,"damage_taken":0.0},{"damage_healed":0.0,"max_hp_gain":0.0,"max_hp_loss":0.0,"gold_gain":0.0,"event_name":"Addict","player_choice":"Obtained Relic","floor":31.0,"gold_loss":85.0,"damage_taken":0.0,"relics_obtained":["Calipers"]},{"damage_healed":0.0,"max_hp_gain":0.0,"max_hp_loss":0.0,"gold_gain":0.0,"event_name":"Accursed Blacksmith","player_choice":"Rummage","floor":36.0,"gold_loss":0.0,"damage_taken":0.0,"relics_obtained":["WarpedTongs"],"cards_obtained":["Pain"]}],"is_beta":false,"boss_relics":[{"not_picked":["WristBlade","Busted Crown"],"picked":"Astrolabe"},{"not_picked":["Coffee Dripper","Orrery"],"picked":"Lizard Tail"}],"items_purged_floors":[5,14,25,53],"is_endless":false,"potions_floor_spawned":[1,6,8,11,16,18,19,24,33,35,38,45,48,54],"killed_by":"The Heart","ascension_level":1}