{"gold_per_floor":[114,134,59,77,77,77,102,2,29,62,79,142,153,165,165,260,260,271,271,34,45,64,89,89,114,114,114,132,132,152,27,27,127,127,147,147,157,157,175,175,208,225,225,225,243,271,78,178,178,178,178,178,33,60,60],"floor_reached":55,"playtime":3093,"items_purged":["Strike_R","Defend_R","Strike_R","Shame","Decay","Injury"],"score":874,"play_id":"844bc851-351c-4ed4-bd5a-a0b6e09efa6a","local_time":"20190618170246","is_ascension_mode":true,"campfire_choices":[{"data":"Inflame","floor":6.0,"key":"SMITH"},{"data":"Corruption","floor":15.0,"key":"SMITH"},{"data":"Feed","floor":24.0,"key":"SMITH"},{"data":"Barricade","floor":27.0,"key":"SMITH"},{"data":"Feel No Pain","floor":32.0,"key":"SMITH"},{"floor":40.0,"key":"RECALL"},{"data":"Pommel Strike","floor":44.0,"key":"SMITH"},{"data":"Metallicize","floor":49.0,"key":"SMITH"},{"data":"Bash","floor":52.0,"key":"SMITH"}],"neow_cost":"NONE","seed_source_timestamp":28773351590132,"circlet_count":0,"master_deck":["Strike_R","Strike_R","Strike_R","Defend_R","Defend_R","Defend_R","Bash+1","Inflame+1","Shrug It Off+1","Burning Pact+1","Twin Strike","Feed+1","Shrug It Off","Headbutt","Shrug It Off","Corruption+1","Barricade+1","Pommel Strike+1","Dropkick","Twin Strike","Shrug It Off","Spot Weakness","True Grit+1","Dropkick","Thunderclap","Armaments+1","Feel No Pain+1","Exhume","Armaments+1","Sword Boomerang","Panache","Trip","Feel No Pain","Sentinel+1","Headbutt","Headbutt+1","Whirlwind","Metallicize+1","Perfected Strike+1","Evolve","Clothesline","Shockwave+1"],"special_seed":0,"relics":["Burning Blood","Vajra","Oddly Smooth Stone","War Paint","Red Skull","Tiny Chest","Cursed Key","Gremlin Horn","Matryoshka","Meat on the Bone","Smiling Mask","Bronze Scales","Sozu","Letter Opener","Bottled Tornado","Toxic Egg 2","FossilizedHelix","Anchor"],"potions_floor_usage":[],"damage_taken":[{"damage":0.0,"enemies":"2 Louse","floor":1.0,"turns":3.0},{"damage":1.0,"enemies":"Cultist","floor":2.0,"turns":3.0},{"damage":3.0,"enemies":"Jaw Worm","floor":4.0,"turns":3.0},{"damage":27.0,"enemies":"Gremlin Nob","floor":7.0,"turns":4.0},{"damage":15.0,"enemies":"3 Sentries","floor":10.0,"turns":7.0},{"damage":4.0,"enemies":"Gremlin Gang","floor":11.0,"turns":5.0},{"damage":6.0,"enemies":"Gremlin Nob","floor":12.0,"turns":3.0},{"damage":12.0,"enemies":"Exordium Wildlife","floor":13.0,"turns":6.0},{"damage":1.0,"enemies":"Red Slaver","floor":14.0,"turns":2.0},{"damage":8.0,"enemies":"Slime Boss","floor":16.0,"turns":6.0},{"damage":4.0,"enemies":"Chosen","floor":18.0,"turns":4.0},{"damage":8.0,"enemies":"Spheric Guardian","floor":21.0,"turns":5.0},{"damage":17.0,"enemies":"Snake Plant","floor":22.0,"turns":5.0},{"damage":43.0,"enemies":"Gremlin Leader","floor":23.0,"turns":7.0},{"damage":24.0,"enemies":"Slavers","floor":25.0,"turns":5.0},{"damage":9.0,"enemies":"Chosen and Byrds","floor":28.0,"turns":5.0},{"damage":16.0,"enemies":"Centurion and Healer","floor":30.0,"turns":5.0},{"damage":5.0,"enemies":"Automaton","floor":33.0,"turns":8.0},{"damage":3.0,"enemies":"3 Shapes","floor":35.0,"turns":4.0},{"damage":6.0,"enemies":"Orb Walker","floor":37.0,"turns":4.0},{"damage":48.0,"enemies":"Spire Growth","floor":39.0,"turns":5.0},{"damage":28.0,"enemies":"Reptomancer","floor":41.0,"turns":5.0},{"damage":7.0,"enemies":"Transient","floor":42.0,"turns":5.0},{"damage":8.0,"enemies":"4 Shapes","floor":45.0,"turns":5.0},{"damage":45.0,"enemies":"Giant Head","floor":46.0,"turns":8.0},{"damage":4.0,"enemies":"Mind Bloom Boss Battle","floor":48.0,"turns":4.0},{"damage":31.0,"enemies":"Time Eater","floor":50.0,"turns":10.0},{"damage":105.0,"enemies":"Shield and Spear","floor":54.0,"turns":8.0},{"damage":25,"enemies":"The Heart","floor":55,"turns":3}],"seed_played":"2592321737655743298","potions_obtained":[{"floor":2.0,"key":"Regen Potion"},{"floor":5.0,"key":"Block Potion"},{"floor":5.0,"key":"Swift Potion"},{"floor":14.0,"key":"Dexterity Potion"},{"floor":16.0,"key":"LiquidBronze"},{"floor":25.0,"key":"BloodPotion"},{"floor":30.0,"key":"SpeedPotion"}],"is_trial":false,"path_per_floor":["M","M","$","M","?","R","E","$","T","E","M","E","M","M","R","B",null,"M","?","$","M","M","E","R","E","T","R","M","T","M","$","R","B",null,"M","?","M","?","M","R","E","M","T","R","M","E","$","?","R","B",null,"R","$","E","B"],"character_chosen":"IRONCLAD","items_purchased":["Dropkick","Twin Strike","Feel No Pain","Whirlwind","Metallicize","Evolve","Clothesline"],"campfire_rested":0,"item_purchase_floors":[20,20,31,47,47,53,53],"current_hp_per_floor":[80,80,80,80,80,80,59,59,59,64,69,72,66,74,74,72,89,89,89,89,87,79,42,42,28,28,28,37,37,53,53,53,66,100,100,100,100,95,65,65,55,66,66,66,68,45,45,59,59,46,108,108,108,25,0],"gold":60,"neow_bonus":"RANDOM_COMMON_RELIC","is_prod":false,"is_daily":false,"chose_seed":false,"campfire_upgraded":8,"win_rate":0,"timestamp":1560902566,"path_taken":["M","M","$","M","?","R","E","$","T","E","?","E","M","M","R","BOSS","M","?","$","M","M","E","R","E","T","R","?","?","?","$","R","BOSS","M","?","?","?","M","R","E","M","T","R","M","E","$","?","R","BOSS","R","$","E","BOSS"],"build_version":"2019-01-23","purchased_purges":6,"victory":false,"max_hp_per_floor":[80,80,80,80,80,80,80,80,80,80,83,86,86,89,89,89,89,89,89,89,89,92,92,92,96,96,96,96,96,100,100,100,100,100,100,100,100,100,100,100,100,100,100,100,104,108,108,108,108,108,108,108,108,112,112],"card_choices":[{"not_picked":["Cleave","Wild Strike"],"picked":"Inflame","floor":1.0},{"not_picked":["Flex","Pommel Strike"],"picked":"Shrug It Off","floor":2.0},{"not_picked":["Clash","Flex"],"picked":"Burning Pact","floor":4.0},{"not_picked":["Entrench","Hemokinesis"],"picked":"Twin Strike","floor":7.0},{"not_picked":["Anger","Body Slam"],"picked":"Feed","floor":10.0},{"not_picked":["Warcry","Thunderclap"],"picked":"Shrug It Off","floor":11.0},{"not_picked":["Sever Soul","Bloodletting"],"picked":"Headbutt","floor":12.0},{"not_picked":["Dark Embrace","Rage"],"picked":"Shrug It Off","floor":13.0},{"not_picked":["Clothesline","Blood for Blood"],"picked":"Corruption","floor":14.0},{"not_picked":["Juggernaut","Berserk"],"picked":"Barricade","floor":16.0},{"not_picked":["Flex","Rupture"],"picked":"Pommel Strike","floor":18.0},{"not_picked":["Iron Wave+1","Warcry+1"],"picked":"Shrug It Off","floor":21.0},{"not_picked":["Wild Strike","Thunderclap"],"picked":"Spot Weakness","floor":22.0},{"not_picked":["Blood for Blood","Warcry"],"picked":"True Grit+1","floor":23.0},{"not_picked":["Impervious","True Grit+1"],"picked":"Dropkick","floor":25.0},{"not_picked":["Havoc","Pommel Strike"],"picked":"Thunderclap","floor":28.0},{"not_picked":["Entrench","Anger"],"picked":"Armaments","floor":30.0},{"not_picked":["Berserk","Double Tap"],"picked":"Exhume","floor":33.0},{"not_picked":["Ghostly Armor","Flame Barrier"],"picked":"Armaments+1","floor":35.0},{"not_picked":["Shrug It Off+1","Twin Strike"],"picked":"Sword Boomerang","floor":37.0},{"not_picked":["Secret Weapon","Discovery"],"picked":"Panache","floor":38.0},{"not_picked":["Apotheosis","Secret Technique"],"picked":"Trip","floor":38.0},{"not_picked":["Power Through","Havoc"],"picked":"Feel No Pain","floor":39.0},{"not_picked":["Rampage","Headbutt"],"picked":"Sentinel+1","floor":41.0},{"not_picked":["Feel No Pain","Perfected Strike+1"],"picked":"Headbutt","floor":42.0},{"not_picked":["True Grit","Clash+1"],"picked":"Headbutt+1","floor":45.0},{"not_picked":["Rage+1","Flex+1","Intimidate+1"],"picked":"SKIP","floor":46.0},{"not_picked":["Headbutt","Anger"],"picked":"Perfected Strike+1","floor":48.0},{"not_picked":["Barricade","Thunderclap"],"picked":"Shockwave+1","floor":54.0}],"player_experience":347571,"relics_obtained":[{"floor":7.0,"key":"Oddly Smooth Stone"},{"floor":9.0,"key":"War Paint"},{"floor":10.0,"key":"Red Skull"},{"floor":12.0,"key":"Tiny Chest"},{"floor":23.0,"key":"Gremlin Horn"},{"floor":25.0,"key":"Matryoshka"},{"floor":26.0,"key":"Meat on the Bone"},{"floor":29.0,"key":"Smiling Mask"},{"floor":29.0,"key":"Bronze Scales"},{"floor":41.0,"key":"Letter Opener"},{"floor":43.0,"key":"Bottled Tornado"},{"floor":46.0,"key":"Toxic Egg 2"},{"floor":48.0,"key":"FossilizedHelix"},{"floor":54.0,"key":"Anchor"}],"event_choices":[{"damage_healed":0.0,"max_hp_gain":0.0,"max_hp_loss":0.0,"gold_gain":0.0,"event_name":"Lab","player_choice":"Got Potions","floor":5.0,"gold_loss":0.0,"damage_taken":0.0},{"damage_healed":0.0,"max_hp_gain":0.0,"max_hp_loss":0.0,"gold_gain":0.0,"event_name":"NoteForYourself","player_choice":"Ignored","floor":19.0,"gold_loss":0.0,"damage_taken":0.0},{"damage_healed":0.0,"max_hp_gain":0.0,"max_hp_loss":0.0,"gold_gain":0.0,"event_name":"Accursed Blacksmith","player_choice":"Forge","floor":36.0,"gold_loss":0.0,"damage_taken":0.0,"cards_upgraded":["Armaments"]},{"damage_healed":0.0,"max_hp_gain":0.0,"max_hp_loss":0.0,"gold_gain":0.0,"event_name":"SensoryStone","player_choice":"Memory 2","floor":38.0,"gold_loss":0.0,"damage_taken":5.0},{"damage_healed":0.0,"max_hp_gain":0.0,"max_hp_loss":0.0,"gold_gain":0.0,"event_name":"MindBloom","player_choice":"Fight","floor":48.0,"gold_loss":0.0,"damage_taken":0.0}],"is_beta":false,"boss_relics":[{"not_picked":["Velvet Choker","Busted Crown"],"picked":"Cursed Key"},{"not_picked":["Lizard Tail","Pandora\u0027s Box"],"picked":"Sozu"}],"items_purged_floors":[3,8,20,31,47,53],"is_endless":false,"potions_floor_spawned":[2,7,14,16,18,22,25,30,35,37,42],"killed_by":"The Heart","ascension_level":1}