{"gold_per_floor":[117,131,131,131,146,185,185,220,220,220,30,30,43,43,43,163,163,177,200,200],"floor_reached":20,"playtime":864,"items_purged":[],"score":264,"play_id":"4368d3be-249a-47bd-8d00-08a91efc0ea6","local_time":"20190624182203","is_ascension_mode":true,"campfire_choices":[{"data":"Zap","floor":7.0,"key":"SMITH"},{"floor":10.0,"key":"REST"},{"floor":15.0,"key":"REST"}],"neow_cost":"NONE","seed_source_timestamp":53682294915879,"circlet_count":0,"master_deck":["Strike_B","Strike_B","Strike_B","Strike_B","Defend_B","Defend_B","Defend_B","Defend_B","Zap+1","Dualcast","Purity","Beam Cell","Sweeping Beam","Coolheaded","Reboot","Rip and Tear","Transmutation","Gash","Echo Form","Leap+1","Capacitor"],"special_seed":0,"relics":["Cracked Core","Art of War","Golden Idol","Pear","Boot","Gremlin Horn","Eternal Feather"],"potions_floor_usage":[20,20],"damage_taken":[{"damage":11.0,"enemies":"Small Slimes","floor":1.0,"turns":3.0},{"damage":0.0,"enemies":"2 Louse","floor":2.0,"turns":2.0},{"damage":2.0,"enemies":"Jaw Worm","floor":5.0,"turns":2.0},{"damage":24.0,"enemies":"Lagavulin","floor":6.0,"turns":8.0},{"damage":32.0,"enemies":"3 Sentries","floor":8.0,"turns":8.0},{"damage":0.0,"enemies":"Gremlin Gang","floor":13.0,"turns":2.0},{"damage":41.0,"enemies":"Hexaghost","floor":16.0,"turns":9.0},{"damage":17.0,"enemies":"2 Thieves","floor":18.0,"turns":3.0},{"damage":20.0,"enemies":"Spheric Guardian","floor":19.0,"turns":5.0},{"damage":43,"enemies":"Snake Plant","floor":20,"turns":5}],"seed_played":"6311448182133906790","potions_obtained":[{"floor":2.0,"key":"SkillPotion"},{"floor":8.0,"key":"Energy Potion"},{"floor":18.0,"key":"Weak Potion"},{"floor":19.0,"key":"Regen Potion"}],"is_trial":false,"path_per_floor":["M","M","?","?","M","E","R","E","T","R","$","$","M","$","R","B",null,"M","M","M"],"character_chosen":"DEFECT","items_purchased":["Transmutation"],"campfire_rested":2,"item_purchase_floors":[11],"current_hp_per_floor":[57,57,50,50,48,34,34,2,2,25,25,25,25,25,48,7,61,44,24,0],"gold":200,"neow_bonus":"RANDOM_COLORLESS","is_prod":false,"is_daily":false,"chose_seed":false,"campfire_upgraded":1,"win_rate":0,"timestamp":1561422123,"path_taken":["M","M","?","?","M","E","R","E","T","R","?","$","?","$","R","BOSS","M","M","M"],"build_version":"2019-01-23","purchased_purges":0,"victory":false,"max_hp_per_floor":[75,75,75,69,69,79,79,79,79,79,79,79,79,79,79,79,79,79,79,79],"card_choices":[{"not_picked":["Fusion","Skim"],"picked":"Beam Cell","floor":1.0},{"not_picked":["Turbo","Compile Driver"],"picked":"Sweeping Beam","floor":2.0},{"not_picked":["Skim","Recycle"],"picked":"Coolheaded","floor":5.0},{"not_picked":["Hologram","Fusion"],"picked":"Reboot","floor":6.0},{"not_picked":["Compile Driver","Turbo"],"picked":"Rip and Tear","floor":8.0},{"not_picked":["Coolheaded","Lockon"],"picked":"Gash","floor":13.0},{"not_picked":["Core Surge","Rainbow"],"picked":"Echo Form","floor":16.0},{"not_picked":["Heatsinks","Beam Cell"],"picked":"Leap+1","floor":18.0},{"not_picked":["Barrage","Conserve Battery"],"picked":"Capacitor","floor":19.0}],"player_experience":381839,"relics_obtained":[{"floor":6.0,"key":"Pear"},{"floor":8.0,"key":"Boot"},{"floor":9.0,"key":"Gremlin Horn"}],"event_choices":[{"damage_healed":0.0,"max_hp_gain":0.0,"max_hp_loss":0.0,"gold_gain":0.0,"event_name":"Scrap Ooze","player_choice":"Success","floor":3.0,"gold_loss":0.0,"damage_taken":7.0,"relics_obtained":["Art of War"]},{"damage_healed":0.0,"max_hp_gain":0.0,"max_hp_loss":6.0,"gold_gain":0.0,"event_name":"Golden Idol","player_choice":"Lose Max HP","floor":4.0,"gold_loss":0.0,"damage_taken":0.0,"relics_obtained":["Golden Idol"]}],"is_beta":false,"boss_relics":[{"not_picked":["FrozenCore","Runic Dome"],"picked":"Eternal Feather"}],"items_purged_floors":[],"is_endless":false,"potions_floor_spawned":[2,8,18,19],"killed_by":"Snake Plant","ascension_level":9}