{"gold_per_floor":[320,338,338,354,404,404,420,420,420,434,434,434,448,478,478,551,551,563,563,578,5,5,5,5],"floor_reached":24,"playtime":865,"items_purged":["Defend_B"],"score":392,"play_id":"1e69d40b-d8b8-4dee-8785-1244056cbfe3","local_time":"20190626133349","is_ascension_mode":true,"campfire_choices":[{"data":"Hologram","floor":6.0,"key":"SMITH"},{"data":"Dualcast","floor":8.0,"key":"SMITH"},{"data":"Coolheaded","floor":11.0,"key":"SMITH"},{"data":"Buffer","floor":15,"key":"SMITH"},{"floor":23,"key":"REST"}],"neow_cost":"NO_GOLD","seed_source_timestamp":122914337774100,"circlet_count":0,"master_deck":["AscendersBane","Strike_B","Strike_B","Strike_B","Strike_B","Defend_B","Defend_B","Defend_B","Zap","Dualcast+1","Hologram+1","Cold Snap","Cold Snap","Coolheaded+1","Reinforced Body","Buffer+1","Echo Form","Coolheaded+1"],"special_seed":0,"relics":["Cracked Core","Old Coin","Inserter","FossilizedHelix","Vajra"],"potions_floor_usage":[16,20],"damage_taken":[{"damage":0.0,"enemies":"2 Louse","floor":1.0,"turns":2.0},{"damage":1.0,"enemies":"Cultist","floor":2.0,"turns":3.0},{"damage":5.0,"enemies":"Jaw Worm","floor":4.0,"turns":5.0},{"damage":0.0,"enemies":"Gremlin Gang","floor":7.0,"turns":1.0},{"damage":0.0,"enemies":"Large Slime","floor":10.0,"turns":6.0},{"damage":6.0,"enemies":"2 Fungi Beasts","floor":13.0,"turns":3.0},{"damage":16,"enemies":"3 Sentries","floor":14,"turns":10},{"damage":15,"enemies":"The Guardian","floor":16,"turns":24},{"damage":24,"enemies":"Shell Parasite","floor":18,"turns":10},{"damage":6,"enemies":"Spheric Guardian","floor":20,"turns":8},{"damage":36,"enemies":"Book of Stabbing","floor":24,"turns":6}],"seed_played":"8886429047362664751","potions_obtained":[{"floor":1.0,"key":"Ancient Potion"},{"floor":2.0,"key":"AttackPotion"},{"floor":10.0,"key":"Explosive Potion"},{"floor":14,"key":"Dexterity Potion"}],"is_trial":false,"path_per_floor":["M","M","?","M","?","R","M","R","T","M","R","?","M","E","R","B",null,"M","?","M","$","?","R","E"],"character_chosen":"DEFECT","items_purchased":["FossilizedHelix","Vajra"],"campfire_rested":1,"item_purchase_floors":[21,21],"current_hp_per_floor":[64,63,63,58,58,58,58,58,58,58,58,54,48,32,32,17,58,34,14,8,8,8,30,0],"gold":5,"neow_bonus":"ONE_RARE_RELIC","is_prod":false,"is_daily":false,"chose_seed":false,"campfire_upgraded":4,"win_rate":0,"timestamp":1561527229,"path_taken":["M","M","?","?","?","R","M","R","T","?","R","?","?","E","R","BOSS","M","?","M","$","?","R","E"],"build_version":"2019-01-23","purchased_purges":1,"victory":false,"max_hp_per_floor":[71,71,71,71,71,71,71,71,71,71,71,71,71,71,71,71,71,71,76,76,76,76,76,76],"card_choices":[{"not_picked":["Consume","Go for the Eyes"],"picked":"Hologram","floor":1.0},{"not_picked":["Turbo","Conserve Battery"],"picked":"Cold Snap","floor":2.0},{"not_picked":["Compile Driver","Streamline"],"picked":"Cold Snap","floor":4.0},{"not_picked":["Steam","Redo","Leap"],"picked":"SKIP","floor":7.0},{"not_picked":["Force Field","Rebound"],"picked":"Coolheaded","floor":10.0},{"not_picked":["Recycle","Multi-Cast"],"picked":"Reinforced Body","floor":13.0},{"not_picked":["Darkness","Stack"],"picked":"Buffer","floor":14},{"not_picked":["Thunder Strike","Seek"],"picked":"Echo Form","floor":16},{"not_picked":["Compile Driver","Conserve Battery","Rebound"],"picked":"SKIP","floor":18},{"not_picked":["Leap","Gash"],"picked":"Coolheaded+1","floor":20}],"player_experience":737165,"relics_obtained":[],"event_choices":[{"damage_healed":0.0,"max_hp_gain":0.0,"max_hp_loss":0.0,"gold_gain":0.0,"event_name":"Lab","player_choice":"Got Potions","floor":3.0,"gold_loss":0.0,"damage_taken":0.0},{"damage_healed":0.0,"max_hp_gain":0.0,"max_hp_loss":0.0,"gold_gain":50.0,"event_name":"Golden Shrine","player_choice":"Pray","floor":5.0,"gold_loss":0.0,"damage_taken":0.0},{"damage_healed":0.0,"max_hp_gain":0.0,"max_hp_loss":0.0,"gold_gain":0.0,"event_name":"The Woman in Blue","player_choice":"Bought 0 Potions","floor":12.0,"gold_loss":0.0,"damage_taken":0.0},{"damage_healed":0,"gold_gain":0,"player_choice":"Shed Blood","damage_taken":25,"max_hp_gain":5,"max_hp_loss":0,"event_name":"Forgotten Altar","floor":19,"gold_loss":0},{"damage_healed":0,"gold_gain":0,"player_choice":"Ignored","damage_taken":0,"max_hp_gain":0,"max_hp_loss":0,"event_name":"Cursed Tome","floor":22,"gold_loss":0}],"is_beta":false,"boss_relics":[{"not_picked":["Black Star","Coffee Dripper"],"picked":"Inserter"}],"items_purged_floors":[21],"is_endless":false,"potions_floor_spawned":[1,2,10,14],"killed_by":"Book of Stabbing","ascension_level":20}