{"gold_per_floor":[110,110,123,135,149,149,183,183,210,210,237,261,273,295,307,396,408,437,449,461,216,234,263,263,275,324,359,359,156,156,256,256,335,335,354,354,354,63,81,81],"floor_reached":40,"playtime":1265,"items_purged":["Gash","Strike_B+1","Strike_B+1"],"score":844,"play_id":"57d3d02e-a1fa-4dbc-8a21-c35eff4f2cd2","local_time":"20190614204900","is_ascension_mode":true,"campfire_choices":[{"data":"Defragment","floor":6.0,"key":"SMITH"},{"data":"Electrodynamics","floor":8,"key":"SMITH"},{"data":"Dualcast","floor":10,"key":"SMITH"},{"floor":15,"key":"REST"},{"data":"Tempest","floor":24,"key":"SMITH"},{"floor":28,"key":"REST"},{"data":"Storm","floor":30,"key":"SMITH"},{"floor":32,"key":"REST"}],"neow_cost":"NONE","seed_source_timestamp":124257272331700,"circlet_count":0,"master_deck":["AscendersBane","Strike_B+1","Defend_B+1","Defend_B+1","Defend_B+1","Defend_B+1","Zap+1","Dualcast+1","Sunder","Defragment+1","Electrodynamics+1","Conserve Battery","Leap","Tempest+1","Echo Form","BootSequence","Turbo+1","Thunder Strike","Steam","Storm+1","Dark Shackles","Coolheaded","Fission","Stack+1","Apotheosis","Madness","Madness","Storm"],"special_seed":0,"relics":["Cracked Core","Happy Flower","Bag of Preparation","MawBank","Smiling Mask","Black Star","Lee\u0027s Waffle","Torii","Dodecahedron","Anchor","Du-Vu Doll","Regal Pillow","Ginger","Mummified Hand","Fusion Hammer","Runic Capacitor"],"potions_floor_usage":[7,7,16,27,31,40],"damage_taken":[{"damage":0.0,"enemies":"Cultist","floor":1.0,"turns":3.0},{"damage":7.0,"enemies":"Small Slimes","floor":3.0,"turns":2.0},{"damage":4.0,"enemies":"Jaw Worm","floor":4.0,"turns":3.0},{"damage":13.0,"enemies":"Blue Slaver","floor":5.0,"turns":3.0},{"damage":10,"enemies":"3 Sentries","floor":7,"turns":3},{"damage":16,"enemies":"Gremlin Nob","floor":11,"turns":3},{"damage":0,"enemies":"Looter","floor":12,"turns":3},{"damage":0,"enemies":"2 Fungi Beasts","floor":14,"turns":2},{"damage":0,"enemies":"Slime Boss","floor":16,"turns":6},{"damage":25,"enemies":"2 Thieves","floor":18,"turns":4},{"damage":6,"enemies":"3 Byrds","floor":22,"turns":3},{"damage":22,"enemies":"Slavers","floor":23,"turns":6},{"damage":8,"enemies":"Cultist and Chosen","floor":25,"turns":6},{"damage":35,"enemies":"Gremlin Leader","floor":27,"turns":5},{"damage":2,"enemies":"Colosseum Slavers","floor":31,"turns":4},{"damage":16,"enemies":"Colosseum Nobs","floor":31,"turns":4},{"damage":43,"enemies":"Champ","floor":33,"turns":7},{"damage":12,"enemies":"3 Darklings","floor":35,"turns":3},{"damage":0,"enemies":"Orb Walker","floor":39,"turns":2},{"damage":43,"enemies":"Reptomancer","floor":40,"turns":2}],"seed_played":"-3307883955395771511","potions_obtained":[{"floor":3.0,"key":"AttackPotion"},{"floor":5.0,"key":"PowerPotion"},{"floor":14,"key":"Strength Potion"},{"floor":22,"key":"PowerPotion"},{"floor":27,"key":"Poison Potion"},{"floor":39,"key":"Explosive Potion"}],"is_trial":false,"path_per_floor":["M","?","M","M","M","R","E","R","T","R","E","M","?","M","R","B",null,"M","?","?","$","M","E","R","M","T","E","R","$","R","?","R","B",null,"M","?","?","$","M","E"],"character_chosen":"DEFECT","items_purchased":["Lee\u0027s Waffle","Storm","Dark Shackles","Runic Capacitor","Storm"],"campfire_rested":3,"item_purchase_floors":[21,29,29,38,38],"current_hp_per_floor":[64,64,57,53,40,40,30,30,30,30,14,14,3,3,24,24,59,34,14,14,83,77,55,55,47,47,12,51,51,51,33,72,29,70,58,58,43,43,43,0],"gold":81,"neow_bonus":"UPGRADE_CARD","is_prod":false,"is_daily":false,"chose_seed":false,"campfire_upgraded":5,"win_rate":0,"timestamp":1560538140,"path_taken":["M","?","M","M","?","R","E","R","T","R","E","?","?","M","R","BOSS","M","?","?","$","M","E","R","M","T","E","R","$","R","?","R","BOSS","M","?","?","$","M","E"],"build_version":"2019-06-13","purchased_purges":3,"victory":false,"max_hp_per_floor":[71,71,71,71,71,71,71,71,71,71,71,71,71,71,71,71,71,71,76,76,83,83,83,83,83,83,83,83,83,83,83,83,83,83,83,83,83,83,83,83],"card_choices":[{"not_picked":["Gash","Steam"],"picked":"Sunder","floor":1.0},{"not_picked":["Steam","Hologram"],"picked":"Gash","floor":3.0},{"not_picked":["Leap","Glacier"],"picked":"Defragment","floor":4.0},{"not_picked":["Conserve Battery","Streamline"],"picked":"Electrodynamics","floor":5.0},{"not_picked":["Chaos","Sweeping Beam"],"picked":"Conserve Battery","floor":7},{"not_picked":["Turbo","Consume"],"picked":"Leap","floor":11},{"not_picked":["Force Field","Stack","Redo"],"picked":"SKIP","floor":12},{"not_picked":["Sweeping Beam","Coolheaded"],"picked":"Tempest","floor":14},{"not_picked":["Amplify","Creative AI"],"picked":"Echo Form","floor":16},{"not_picked":["Gash","Heatsinks"],"picked":"BootSequence","floor":18},{"not_picked":["Fusion","Streamline+1"],"picked":"Turbo+1","floor":22},{"not_picked":["Go for the Eyes","Compile Driver"],"picked":"Thunder Strike","floor":23},{"not_picked":["Aggregate","Streamline"],"picked":"Steam","floor":25},{"not_picked":["Rebound","Beam Cell","Conserve Battery"],"picked":"SKIP","floor":27},{"not_picked":["Skim","Compile Driver"],"picked":"Coolheaded","floor":31},{"not_picked":["Seek","Hyperbeam"],"picked":"Fission","floor":33},{"not_picked":["Cold Snap","Turbo"],"picked":"Stack+1","floor":35},{"not_picked":["Violence","Dark Shackles"],"picked":"Apotheosis","floor":36},{"not_picked":["Ball Lightning","Redo","Go for the Eyes+1"],"picked":"SKIP","floor":39}],"player_experience":840759,"relics_obtained":[{"floor":7,"key":"Happy Flower"},{"floor":9,"key":"Bag of Preparation"},{"floor":11,"key":"MawBank"},{"floor":23,"key":"Torii"},{"floor":23,"key":"Dodecahedron"},{"floor":26,"key":"Anchor"},{"floor":27,"key":"Du-Vu Doll"},{"floor":27,"key":"Regal Pillow"},{"floor":31,"key":"Ginger"},{"floor":31,"key":"Mummified Hand"}],"event_choices":[{"cards_removed":["Strike_B"],"damage_healed":0.0,"max_hp_gain":0.0,"max_hp_loss":0.0,"gold_gain":0.0,"event_name":"Bonfire Elementals","player_choice":"Offered Basic","floor":2.0,"gold_loss":0.0,"damage_taken":0.0},{"damage_healed":0,"gold_gain":0,"player_choice":"Success","damage_taken":11,"relics_obtained":["Smiling Mask"],"max_hp_gain":0,"max_hp_loss":0,"event_name":"Scrap Ooze","floor":13,"gold_loss":0},{"damage_healed":0,"gold_gain":0,"player_choice":"Shed Blood","damage_taken":25,"max_hp_gain":5,"max_hp_loss":0,"event_name":"Forgotten Altar","floor":19,"gold_loss":0},{"damage_healed":0,"gold_gain":0,"player_choice":"Simplicity","damage_taken":0,"max_hp_gain":0,"max_hp_loss":0,"event_name":"Back to Basics","floor":20,"gold_loss":0,"cards_upgraded":["Strike_B","Strike_B","Strike_B","Defend_B","Defend_B","Defend_B","Defend_B"]},{"damage_healed":0,"gold_gain":0,"player_choice":"Fight","damage_taken":0,"max_hp_gain":0,"max_hp_loss":0,"event_name":"Colosseum","floor":31,"gold_loss":0},{"damage_healed":0,"gold_gain":0,"player_choice":"Fought Nobs","damage_taken":0,"max_hp_gain":0,"max_hp_loss":0,"event_name":"Colosseum","floor":31,"gold_loss":0},{"damage_healed":0,"gold_gain":0,"player_choice":"Memory 1","damage_taken":0,"max_hp_gain":0,"max_hp_loss":0,"event_name":"SensoryStone","floor":36,"gold_loss":0},{"damage_healed":0,"gold_gain":0,"player_choice":"Embrace Madness","damage_taken":15,"max_hp_gain":0,"max_hp_loss":0,"event_name":"Winding Halls","floor":37,"gold_loss":0,"cards_obtained":["Madness","Madness"]}],"is_beta":true,"boss_relics":[{"not_picked":["Coffee Dripper","Philosopher\u0027s Stone"],"picked":"Black Star"},{"not_picked":["Inserter","White Beast Statue"],"picked":"Fusion Hammer"}],"items_purged_floors":[21,29,38],"is_endless":false,"potions_floor_spawned":[3,5,14,22,27,31,39],"killed_by":"Reptomancer","ascension_level":15}