{"gold_per_floor":[110,128,53,69,87,87,113,188,188,188,88,108,108,58,58,161,161,179,199,209,84,134,134,134],"floor_reached":24,"playtime":1919,"items_purged":["Strike_G","Defend_G","Pain"],"score":196,"play_id":"de0bbadc-ffdb-4b48-bb99-e0a0f35a86a1","local_time":"20190613194015","is_ascension_mode":false,"campfire_choices":[{"floor":6,"key":"RECALL"},{"floor":10,"key":"REST"},{"floor":13,"key":"REST"},{"data":"Footwork","floor":15,"key":"SMITH"},{"floor":23,"key":"REST"}],"neow_cost":"NONE","seed_source_timestamp":81200439229727,"circlet_count":0,"master_deck":["Defend_G","Defend_G","Defend_G","Strike_G","Strike_G","Strike_G","Strike_G","Survivor","Neutralize","Flying Knee","Footwork+1","Footwork","Cloak And Dagger","Night Terror","Normality","Injury","Phantasmal Killer","Heel Hook+1","Predator"],"relics":["Philosopher\u0027s Stone","Ice Cream","Mercury Hourglass","Calling Bell","Art of War","Darkstone Periapt","Girya"],"potions_floor_usage":[7,7,20,20],"damage_taken":[{"damage":0,"enemies":"Small Slimes","floor":1,"turns":4},{"damage":0,"enemies":"Cultist","floor":2,"turns":5},{"damage":0,"enemies":"2 Louse","floor":4,"turns":3},{"damage":3,"enemies":"2 Fungi Beasts","floor":5,"turns":5},{"damage":23,"enemies":"3 Sentries","floor":7,"turns":22},{"damage":0,"enemies":"Gremlin Gang","floor":12,"turns":4},{"damage":16,"enemies":"The Guardian","floor":16,"turns":15},{"damage":10,"enemies":"Spheric Guardian","floor":18,"turns":5},{"damage":10,"enemies":"Chosen","floor":19,"turns":5},{"damage":46,"enemies":"3 Cultists","floor":20,"turns":7},{"damage":31,"enemies":"Snake Plant","floor":24,"turns":2}],"seed_played":"-4240466388145072540","potions_obtained":[{"floor":1,"key":"Poison Potion"},{"floor":5,"key":"Block Potion"},{"floor":18,"key":"FearPotion"},{"floor":19,"key":"Dexterity Potion"}],"is_trial":false,"path_per_floor":["M","M","$","M","M","R","E","?","T","R","$","M","R","?","R","B",null,"M","M","M","$","?","R","M"],"character_chosen":"THE_SILENT","items_purchased":[],"campfire_rested":3,"item_purchase_floors":[],"current_hp_per_floor":[70,70,70,70,67,67,44,37,37,58,58,58,70,70,70,54,70,60,50,4,4,4,25,0],"gold":134,"neow_bonus":"BOSS_RELIC","is_prod":false,"is_daily":false,"chose_seed":false,"campfire_upgraded":1,"win_rate":0,"timestamp":1560469215,"path_taken":["M","M","$","M","M","R","E","?","T","R","?","M","R","?","R","BOSS","M","M","M","$","?","R","M"],"build_version":"2019-01-23","purchased_purges":3,"victory":false,"max_hp_per_floor":[70,70,70,70,70,70,70,70,70,70,70,70,70,70,70,70,70,70,70,70,70,70,70,70],"card_choices":[{"not_picked":["Dagger Throw","Dagger Spray"],"picked":"Flying Knee","floor":1},{"not_picked":["Infinite Blades","Prepared"],"picked":"Footwork","floor":2},{"not_picked":["Accuracy","Slice","Prepared"],"picked":"SKIP","floor":4},{"not_picked":["Dagger Spray","Distraction"],"picked":"Footwork","floor":5},{"not_picked":["Crippling Poison","Phantasmal Killer"],"picked":"Cloak And Dagger","floor":7},{"not_picked":["Deadly Poison","Slice","Endless Agony"],"picked":"SKIP","floor":12},{"not_picked":["Burst","Storm of Steel"],"picked":"Night Terror","floor":16},{"not_picked":["Tactician+1","Endless Agony"],"picked":"Phantasmal Killer","floor":18},{"not_picked":["Leg Sweep+1","Riddle With Holes"],"picked":"Heel Hook+1","floor":19},{"not_picked":["Bane","Backflip+1"],"picked":"Predator","floor":20}],"player_experience":65607,"relics_obtained":[{"floor":7,"key":"Ice Cream"},{"floor":9,"key":"Mercury Hourglass"},{"floor":17,"key":"Art of War"},{"floor":17,"key":"Darkstone Periapt"},{"floor":17,"key":"Girya"}],"event_choices":[{"damage_healed":0,"gold_gain":75,"player_choice":"Touch","damage_taken":7,"max_hp_gain":0,"max_hp_loss":0,"event_name":"FaceTrader","floor":8,"gold_loss":0},{"cards_removed":["Defend_G"],"damage_healed":0,"gold_gain":0,"player_choice":"Card Removal","damage_taken":0,"max_hp_gain":0,"max_hp_loss":0,"event_name":"The Cleric","floor":14,"gold_loss":50},{"damage_healed":0,"gold_gain":100,"player_choice":"Bet on Murderer","damage_taken":0,"max_hp_gain":0,"max_hp_loss":0,"event_name":"The Joust","floor":22,"gold_loss":50}],"is_beta":false,"boss_relics":[{"not_picked":["Snecko Eye","Astrolabe"],"picked":"Calling Bell"}],"items_purged_floors":[3,11,21],"is_endless":false,"potions_floor_spawned":[1,5,18,19],"killed_by":"Snake Plant","ascension_level":0}