{"gold_per_floor":[113,128,141,141,141,182,182,223,223,223,243,217,240,263,263,263],"floor_reached":16,"playtime":1321,"items_purged":[],"score":123,"play_id":"31f4a181-95e8-4f02-af8f-0ab558c80e8b","local_time":"20181009024152","is_ascension_mode":true,"campfire_choices":[{"floor":7,"key":"REST"},{"floor":10,"key":"REST"},{"floor":15,"key":"REST"}],"neow_cost":"","seed_source_timestamp":1984139717377357,"circlet_count":0,"master_deck":["Defend_G","Defend_G","Defend_G","Defend_G","Defend_G","Strike_G","Strike_G","Strike_G","Strike_G","Strike_G","Survivor","Neutralize","Blade Dance","Acrobatics","Backflip","Accuracy","Poisoned Stab","Quick Slash","Bane","Acrobatics"],"relics":["Ring of the Snake","Boot","Golden Idol","Girya","WingedGreaves","Letter Opener"],"potions_floor_usage":[6,8,8,16],"damage_taken":[{"damage":0,"enemies":"Cultist","floor":1,"turns":4},{"damage":1,"enemies":"Small Slimes","floor":2,"turns":3},{"damage":1,"enemies":"Jaw Worm","floor":3,"turns":7},{"damage":13,"enemies":"3 Sentries","floor":6,"turns":11},{"damage":46,"enemies":"Gremlin Nob","floor":8,"turns":6},{"damage":0,"enemies":"Exordium Wildlife","floor":11,"turns":3},{"damage":7,"enemies":"Large Slime","floor":13,"turns":7},{"damage":2,"enemies":"Lots of Slimes","floor":14,"turns":2},{"damage":41,"enemies":"The Guardian","floor":16,"turns":15}],"seed_played":"1567364437429876328","potions_obtained":[{"floor":1,"key":"AttackPotion"},{"floor":3,"key":"Ancient Potion"},{"floor":6,"key":"Weak Potion"},{"floor":13,"key":"Swift Potion"}],"is_trial":false,"path_per_floor":["M","M","M","?","?","E","R","E","T","R","M","?","M","M","R"],"character_chosen":"THE_SILENT","items_purchased":[],"campfire_rested":3,"item_purchase_floors":[],"current_hp_per_floor":[70,69,68,61,44,31,52,6,6,27,27,27,20,18,39,0],"gold":263,"neow_bonus":"","is_prod":false,"is_daily":false,"chose_seed":false,"campfire_upgraded":0,"win_rate":0,"timestamp":1539074512,"path_taken":["M","M","M","?","?","E","R","E","T","R","M","?","M","M","R","BOSS"],"build_version":"2018-10-04v2","purchased_purges":0,"victory":false,"max_hp_per_floor":[70,70,70,70,70,70,70,70,70,70,70,70,70,70,70,70],"card_choices":[{"not_picked":["Bane","Acrobatics"],"picked":"Blade Dance","floor":1},{"not_picked":["Deflect","Backflip"],"picked":"Acrobatics","floor":2},{"not_picked":["Catalyst","Eviscerate"],"picked":"Backflip","floor":3},{"not_picked":["Underhanded Strike","Deadly Poison"],"picked":"Accuracy","floor":6},{"not_picked":["Outmaneuver","Sucker Punch"],"picked":"Poisoned Stab","floor":8},{"not_picked":["Dagger Spray","Predator"],"picked":"Quick Slash","floor":11},{"not_picked":["Terror","Outmaneuver"],"picked":"Bane","floor":13},{"not_picked":["Skewer","Leg Sweep"],"picked":"Acrobatics","floor":14}],"player_experience":90313,"relics_obtained":[{"floor":6,"key":"Girya"},{"floor":8,"key":"WingedGreaves"},{"floor":9,"key":"Letter Opener"}],"event_choices":[{"event_name":"Scrap Ooze","player_choice":"success","floor":4,"damage_taken":7},{"event_name":"Golden Idol","player_choice":"Take Damage","floor":5,"damage_taken":0},{"event_name":"World of Goop","player_choice":"Left","floor":12,"damage_taken":0}],"is_beta":false,"boss_relics":[],"items_purged_floors":[],"is_endless":false,"potions_floor_spawned":[1,3,6,13],"killed_by":"The Guardian","ascension_level":2}