{"gold_per_floor":[118,98,118,43,54,54,74,92,141,153,173,19,19,50,50,149,149,162,6,23,43,57,57],"floor_reached":23,"playtime":1589,"items_purged":["Strike_R","Strike_R"],"score":222,"play_id":"8ddab716-d230-411f-a5dd-4732fb623109","local_time":"20190617220854","is_ascension_mode":false,"campfire_choices":[{"floor":6.0,"key":"RECALL"},{"data":"Armaments","floor":13,"key":"SMITH"},{"data":"Dropkick","floor":15,"key":"SMITH"}],"neow_cost":"PERCENT_DAMAGE","seed_source_timestamp":0,"circlet_count":0,"master_deck":["Strike_R","Strike_R","Strike_R","Defend_R","Defend_R","Defend_R","Defend_R","Bash","Cleave","Thunderclap","Whirlwind","Rampage","Dropkick+1","Armaments+1","Feed","Flex"],"special_seed":0,"relics":["Black Blood","Bag of Marbles","Bottled Flame","Lantern"],"potions_floor_usage":[8,14,16,16,20,20,22],"damage_taken":[{"damage":3.0,"enemies":"2 Louse","floor":1.0,"turns":4.0},{"damage":1.0,"enemies":"Cultist","floor":3.0,"turns":3.0},{"damage":8.0,"enemies":"Jaw Worm","floor":5.0,"turns":3.0},{"damage":9.0,"enemies":"2 Fungi Beasts","floor":7.0,"turns":3.0},{"damage":5,"enemies":"Looter","floor":8,"turns":3},{"damage":6,"enemies":"Exordium Wildlife","floor":10,"turns":3},{"damage":0,"enemies":"3 Louse","floor":11,"turns":1},{"damage":15,"enemies":"Gremlin Nob","floor":14,"turns":5},{"damage":56,"enemies":"Hexaghost","floor":16,"turns":9},{"damage":27,"enemies":"2 Thieves","floor":18,"turns":4},{"damage":38,"enemies":"Spheric Guardian","floor":20,"turns":7},{"damage":42,"enemies":"Snake Plant","floor":21,"turns":5},{"damage":37,"enemies":"Cultist and Chosen","floor":22,"turns":7},{"damage":25,"enemies":"Slavers","floor":23,"turns":2}],"seed_played":"7875710095973562473","potions_obtained":[{"floor":2.0,"key":"BloodPotion"},{"floor":5.0,"key":"FearPotion"},{"floor":8,"key":"SpeedPotion"},{"floor":10,"key":"SpeedPotion"},{"floor":14,"key":"BloodPotion"},{"floor":16,"key":"Weak Potion"},{"floor":21,"key":"Regen Potion"}],"is_trial":false,"path_per_floor":["M","?","M","$","M","R","M","M","T","M","M","$","R","E","R","B",null,"M","$","M","M","M","E"],"character_chosen":"IRONCLAD","items_purchased":["Armaments","Lantern"],"campfire_rested":0,"item_purchase_floors":[12,19],"current_hp_per_floor":[75,75,80,80,78,78,75,76,76,76,82,82,82,73,73,32,96,83,83,65,33,21,0],"gold":57,"neow_bonus":"TWENTY_PERCENT_HP_BONUS","is_prod":false,"is_daily":false,"chose_seed":false,"campfire_upgraded":2,"win_rate":0,"timestamp":1560823734,"path_taken":["M","?","M","$","M","R","M","M","T","?","M","$","R","E","R","BOSS","M","$","M","M","M","E"],"build_version":"2019-01-23","purchased_purges":2,"victory":false,"max_hp_per_floor":[96,96,96,96,96,96,96,96,96,96,96,96,96,96,96,96,96,100,100,100,100,100,103],"card_choices":[{"not_picked":["Anger","Wild Strike","Headbutt"],"picked":"SKIP","floor":1.0},{"not_picked":["Second Wind","Clash"],"picked":"Cleave","floor":3.0},{"not_picked":["Power Through","Warcry"],"picked":"Thunderclap","floor":5.0},{"not_picked":["Havoc","Ghostly Armor"],"picked":"Whirlwind","floor":7},{"not_picked":["Sword Boomerang","Bludgeon"],"picked":"Rampage","floor":8},{"not_picked":["Clash","Thunderclap","Twin Strike"],"picked":"SKIP","floor":10},{"not_picked":["Iron Wave","Sword Boomerang"],"picked":"Dropkick","floor":11},{"not_picked":["Sentinel","Thunderclap","Clothesline"],"picked":"SKIP","floor":14},{"not_picked":["Exhume","Juggernaut"],"picked":"Feed","floor":16},{"not_picked":["Reckless Charge","True Grit+1","Bloodletting+1"],"picked":"SKIP","floor":18},{"not_picked":["Perfected Strike","Sentinel","Wild Strike"],"picked":"SKIP","floor":20},{"not_picked":["Cleave","Iron Wave"],"picked":"Flex","floor":21},{"not_picked":["Second Wind","Perfected Strike","Pummel"],"picked":"SKIP","floor":22}],"player_experience":87476,"relics_obtained":[{"floor":9,"key":"Bag of Marbles"},{"floor":14,"key":"Bottled Flame"}],"event_choices":[{"damage_healed":0.0,"max_hp_gain":0.0,"max_hp_loss":0.0,"gold_gain":0.0,"event_name":"The Woman in Blue","player_choice":"Bought 1 Potion","floor":2.0,"gold_loss":0.0,"damage_taken":0.0}],"is_beta":false,"boss_relics":[{"not_picked":["Ectoplasm","Snecko Eye"],"picked":"Black Blood"}],"items_purged_floors":[4,12],"is_endless":false,"potions_floor_spawned":[5,8,10,14,16,21],"killed_by":"Slavers","ascension_level":0}