{"gold_per_floor":[109,123,134,134,150,206,226,226],"floor_reached":8,"playtime":459,"items_purged":[],"score":75,"play_id":"7fe98331-cf8c-4b4a-96eb-f26a66ac711b","local_time":"20190606062407","is_ascension_mode":true,"campfire_choices":[],"neow_cost":"NONE","seed_source_timestamp":1402355896886750,"circlet_count":0,"master_deck":["Strike_B","Strike_B","Strike_B","Defend_B","Defend_B","Defend_B","Defend_B","Zap","Dualcast","Conserve Battery","Capacitor","Barrage","Fusion","White Noise","BootSequence","Conserve Battery"],"relics":["Cracked Core","Tiny Chest"],"potions_floor_usage":[5,6,8],"damage_taken":[{"damage":0,"enemies":"Cultist","floor":1,"turns":3},{"damage":0,"enemies":"2 Louse","floor":2,"turns":2},{"damage":0,"enemies":"Small Slimes","floor":3,"turns":3},{"damage":45,"enemies":"Gremlin Gang","floor":5,"turns":5},{"damage":34,"enemies":"Gremlin Nob","floor":6,"turns":4},{"damage":4,"enemies":"Blue Slaver","floor":7,"turns":4},{"damage":10,"enemies":"3 Sentries","floor":8,"turns":2}],"seed_played":"4930775915268038589","potions_obtained":[{"floor":3,"key":"Regen Potion"},{"floor":5,"key":"Fire Potion"},{"floor":6,"key":"SneckoOil"}],"is_trial":false,"path_per_floor":["M","M","M","?","M","E","M","E"],"character_chosen":"DEFECT","items_purchased":[],"campfire_rested":0,"item_purchase_floors":[],"current_hp_per_floor":[75,75,75,75,39,5,1,0],"gold":226,"neow_bonus":"TRANSFORM_CARD","is_prod":false,"is_daily":false,"chose_seed":false,"campfire_upgraded":0,"win_rate":0,"timestamp":1559823847,"path_taken":["M","M","M","?","M","E","M","E"],"build_version":"2019-01-23","purchased_purges":0,"victory":false,"max_hp_per_floor":[75,75,75,75,75,75,75,75],"card_choices":[{"not_picked":["Stack","Chaos"],"picked":"Capacitor","floor":1},{"not_picked":["Turbo","Double Energy"],"picked":"Barrage","floor":2},{"not_picked":["Rebound","Barrage"],"picked":"Fusion","floor":3},{"not_picked":["Chaos","Beam Cell"],"picked":"White Noise","floor":5},{"not_picked":["Doom and Gloom","Melter"],"picked":"BootSequence","floor":6},{"not_picked":["Streamline","Go for the Eyes"],"picked":"Conserve Battery","floor":7}],"player_experience":324425,"relics_obtained":[{"floor":6,"key":"Tiny Chest"}],"event_choices":[{"damage_healed":0,"gold_gain":0,"player_choice":"Leave","damage_taken":0,"max_hp_gain":0,"max_hp_loss":0,"event_name":"The Cleric","floor":4,"gold_loss":0}],"is_beta":false,"boss_relics":[],"items_purged_floors":[],"is_endless":false,"potions_floor_spawned":[3,5,6],"killed_by":"3 Sentries","ascension_level":5}