{"gold_per_floor":[111,123,398,409,0,26,38,38,91,119,134,168,188,203,203,304,304,323,248,248,260,332,332,16,33,33,64,79,92,92,125,125,230,230,245,245,264,276,292,292,308,59,140,140,174,185,196,230,230,230],"floor_reached":51,"playtime":2853,"items_purged":["Regret","Strike_B","Strike_B"],"score":1435,"play_id":"9bffd917-8ff0-4e7d-a380-de9763b9a49e","local_time":"20190626011618","is_ascension_mode":true,"campfire_choices":[{"data":"Zap","floor":8.0,"key":"SMITH"},{"data":"Dualcast","floor":15.0,"key":"SMITH"},{"data":"Seek","floor":23.0,"key":"SMITH"},{"data":"Buffer","floor":30,"key":"SMITH"},{"data":"Beam Cell","floor":32,"key":"SMITH"},{"data":"Seek","floor":40,"key":"SMITH"},{"data":"Buffer","floor":44,"key":"SMITH"},{"data":"Skim","floor":49,"key":"SMITH"}],"neow_cost":"NONE","seed_source_timestamp":163040114657004,"circlet_count":0,"master_deck":["AscendersBane","Strike_B","Defend_B","Defend_B","Defend_B","Defend_B","Zap+1","Dualcast+1","Rebound","Self Repair","Genetic Algorithm","All For One","Cold Snap","Turbo","Conserve Battery","Turbo","Compile Driver","Streamline","Seek+1","Redo+1","Beam Cell+1","Seek+1","Turbo","Gash","Swift Strike","Streamline+1","Buffer+1","Beam Cell+1","Cold Snap+1","Core Surge","Core Surge","Beam Cell","All For One","Skim+1","Buffer+1","Beam Cell+1","Parasite","Skim+1","Rebound"],"special_seed":0,"relics":["Cracked Core","Symbiotic Virus","Mercury Hourglass","Vajra","Ancient Tea Set","Smiling Mask","Coffee Dripper","Anchor","Singing Bowl","Letter Opener","Pear","Du-Vu Doll","Runic Pyramid","Toolbox","Kunai","Blood Vial","Mummified Hand"],"potions_floor_usage":[27,31,33,37,46,50,50],"damage_taken":[{"damage":10.0,"enemies":"Small Slimes","floor":1.0,"turns":3.0},{"damage":1.0,"enemies":"Cultist","floor":2.0,"turns":4.0},{"damage":9.0,"enemies":"Jaw Worm","floor":4.0,"turns":3.0},{"damage":10.0,"enemies":"Lagavulin","floor":6.0,"turns":6.0},{"damage":8.0,"enemies":"Gremlin Gang","floor":7.0,"turns":3.0},{"damage":7.0,"enemies":"3 Sentries","floor":10.0,"turns":5.0},{"damage":5.0,"enemies":"3 Louse","floor":11.0,"turns":2.0},{"damage":20.0,"enemies":"Lagavulin","floor":12.0,"turns":5.0},{"damage":2.0,"enemies":"Exordium Thugs","floor":13.0,"turns":3.0},{"damage":0.0,"enemies":"2 Fungi Beasts","floor":14.0,"turns":2.0},{"damage":24.0,"enemies":"The Guardian","floor":16.0,"turns":10.0},{"damage":3.0,"enemies":"3 Byrds","floor":18.0,"turns":2.0},{"damage":15.0,"enemies":"Spheric Guardian","floor":21.0,"turns":4.0},{"damage":17,"enemies":"Shelled Parasite and Fungi","floor":25,"turns":3},{"damage":0,"enemies":"Slavers","floor":27,"turns":2},{"damage":0,"enemies":"Snecko","floor":28,"turns":3},{"damage":13,"enemies":"Cultist and Chosen","floor":29,"turns":4},{"damage":10,"enemies":"Gremlin Leader","floor":31,"turns":4},{"damage":3,"enemies":"Champ","floor":33,"turns":9},{"damage":0,"enemies":"Orb Walker","floor":35,"turns":2},{"damage":0,"enemies":"3 Darklings","floor":37,"turns":3},{"damage":1,"enemies":"Sphere and 2 Shapes","floor":38,"turns":2},{"damage":18,"enemies":"Writhing Mass","floor":39,"turns":3},{"damage":0,"enemies":"Spire Growth","floor":41,"turns":5},{"damage":0,"enemies":"Giant Head","floor":45,"turns":8},{"damage":3,"enemies":"4 Shapes","floor":46,"turns":4},{"damage":16,"enemies":"Writhing Mass","floor":47,"turns":4},{"damage":0,"enemies":"Nemesis","floor":48,"turns":3},{"damage":0,"enemies":"Donu and Deca","floor":50,"turns":4}],"seed_played":"9163805391204008996","potions_obtained":[{"floor":0.0,"key":"EssenceOfSteel"},{"floor":0.0,"key":"Strength Potion"},{"floor":0.0,"key":"Weak Potion"},{"floor":4.0,"key":"Poison Potion"},{"floor":6.0,"key":"FairyPotion"},{"floor":11.0,"key":"Regen Potion"},{"floor":16.0,"key":"EssenceOfSteel"},{"floor":27,"key":"SkillPotion"},{"floor":28,"key":"GamblersBrew"},{"floor":29,"key":"FocusPotion"},{"floor":31,"key":"EssenceOfSteel"},{"floor":35,"key":"AttackPotion"},{"floor":37,"key":"Poison Potion"},{"floor":45,"key":"Fire Potion"},{"floor":48,"key":"PowerPotion"}],"is_trial":false,"path_per_floor":["M","M","?","M","$","E","M","R","T","E","M","E","M","M","R","B",null,"M","?","?","M","T","R","$","M","T","E","M","M","R","E","R","B",null,"M","?","M","M","M","R","M","$","T","R","E","M","M","E","R","B",null],"character_chosen":"DEFECT","items_purchased":["Symbiotic Virus","Genetic Algorithm","Seek","Turbo","Gash","Swift Strike","Toolbox"],"campfire_rested":0,"item_purchase_floors":[5,5,24,24,24,24,42],"current_hp_per_floor":[58,57,57,48,48,45,44,44,44,44,39,26,40,40,40,23,62,66,66,66,58,58,58,58,48,48,58,65,59,59,56,56,60,79,79,79,85,86,68,68,77,77,77,77,86,91,82,91,91,91],"gold":230,"neow_bonus":"THREE_SMALL_POTIONS","is_prod":false,"is_daily":false,"chose_seed":false,"campfire_upgraded":8,"win_rate":0,"timestamp":1561533378,"path_taken":["M","M","?","?","$","E","M","R","T","E","M","E","M","M","R","BOSS","M","?","?","?","?","R","$","M","T","E","M","?","R","E","R","BOSS","M","?","M","M","M","R","M","$","T","R","E","M","M","E","R","BOSS"],"build_version":"2019-01-23","purchased_purges":3,"victory":true,"max_hp_per_floor":[75,75,75,75,75,75,75,75,75,75,75,75,75,75,75,75,75,75,75,75,75,75,75,75,75,75,85,85,85,85,85,85,85,85,85,85,85,87,87,87,89,89,89,89,91,91,91,91,91,91],"card_choices":[{"not_picked":["Leap","Double Energy"],"picked":"Rebound","floor":1.0},{"not_picked":["Stack","Barrage"],"picked":"Conserve Battery","floor":2.0},{"not_picked":["Turbo","Lockon"],"picked":"Self Repair","floor":4.0},{"not_picked":["Sweeping Beam","Double Energy"],"picked":"All For One","floor":6.0},{"not_picked":["Melter","Self Repair"],"picked":"Cold Snap","floor":7.0},{"not_picked":["Sweeping Beam","Heatsinks"],"picked":"Turbo","floor":10.0},{"not_picked":["Compile Driver","Darkness"],"picked":"Conserve Battery","floor":11.0},{"not_picked":["Glacier","Compile Driver"],"picked":"Turbo","floor":12.0},{"not_picked":["Conserve Battery","Rebound"],"picked":"Compile Driver","floor":13.0},{"not_picked":["Double Energy","Rip and Tear"],"picked":"Streamline","floor":14.0},{"not_picked":["Thunder Strike","Multi-Cast"],"picked":"Seek","floor":16.0},{"not_picked":["Turbo+1","BootSequence"],"picked":"Redo+1","floor":18.0},{"not_picked":["Defragment","Ball Lightning"],"picked":"Beam Cell+1","floor":21.0},{"not_picked":["Leap","Conserve Battery"],"picked":"Streamline+1","floor":25},{"not_picked":["Conserve Battery","Static Discharge+1"],"picked":"Buffer","floor":27},{"not_picked":["Go for the Eyes","Sweeping Beam+1"],"picked":"Beam Cell","floor":28},{"not_picked":["Sweeping Beam","Redo"],"picked":"Cold Snap+1","floor":29},{"not_picked":["Chill","BootSequence"],"picked":"Core Surge","floor":31},{"not_picked":["Amplify","Meteor Strike"],"picked":"Core Surge","floor":33},{"not_picked":["Turbo","Steam"],"picked":"Beam Cell","floor":35},{"not_picked":["Darkness","Go for the Eyes+1"],"picked":"Skim","floor":37},{"not_picked":["Fusion","Ball Lightning+1","Recycle+1"],"picked":"Singing Bowl","floor":38},{"not_picked":["Conserve Battery+1","Darkness"],"picked":"Buffer","floor":39},{"not_picked":["Leap+1","Double Energy","Aggregate+1"],"picked":"Singing Bowl","floor":41},{"not_picked":["Steam","Storm+1","Coolheaded"],"picked":"Singing Bowl","floor":45},{"not_picked":["Chill+1","Coolheaded+1"],"picked":"Beam Cell+1","floor":46},{"not_picked":["Ball Lightning","Conserve Battery+1"],"picked":"Skim+1","floor":47},{"not_picked":["Lockon","Steam+1"],"picked":"Rebound","floor":48}],"player_experience":387405,"relics_obtained":[{"floor":6.0,"key":"Mercury Hourglass"},{"floor":9.0,"key":"Vajra"},{"floor":10.0,"key":"Ancient Tea Set"},{"floor":12.0,"key":"Smiling Mask"},{"floor":22.0,"key":"Singing Bowl"},{"floor":26,"key":"Letter Opener"},{"floor":27,"key":"Pear"},{"floor":31,"key":"Du-Vu Doll"},{"floor":43,"key":"Kunai"},{"floor":45,"key":"Blood Vial"},{"floor":48,"key":"Mummified Hand"}],"event_choices":[{"damage_healed":0.0,"max_hp_gain":0.0,"max_hp_loss":0.0,"gold_gain":275.0,"event_name":"Golden Shrine","player_choice":"Desecrate","floor":3.0,"gold_loss":0.0,"damage_taken":0.0,"cards_obtained":["Regret"]},{"cards_removed":["Strike_B"],"damage_healed":0.0,"max_hp_gain":0.0,"max_hp_loss":0.0,"gold_gain":0.0,"event_name":"Beggar","player_choice":"Gave Gold","floor":19.0,"gold_loss":75.0,"damage_taken":0.0},{"cards_removed":["Conserve Battery"],"damage_healed":0.0,"max_hp_gain":0.0,"max_hp_loss":0.0,"gold_gain":0.0,"event_name":"WeMeetAgain","player_choice":"Gave Card","floor":20.0,"gold_loss":0.0,"damage_taken":0.0,"relics_obtained":["Anchor"]},{"damage_healed":0,"gold_gain":0,"player_choice":"Copied","damage_taken":0,"max_hp_gain":0,"max_hp_loss":0,"event_name":"Duplicator","floor":36,"gold_loss":0,"cards_obtained":["All For One"]}],"is_beta":false,"boss_relics":[{"not_picked":["Black Star","White Beast Statue"],"picked":"Coffee Dripper"},{"not_picked":["Snecko Eye","Eternal Feather"],"picked":"Runic Pyramid"}],"items_purged_floors":[5,24,42],"is_endless":false,"potions_floor_spawned":[4,6,11,16,27,28,29,31,35,37,45,48],"ascension_level":10}