{"gold_per_floor":[116,126,138,63,75,75,89,116,190,207,217,197],"floor_reached":12,"playtime":360,"items_purged":[],"score":168,"play_id":"c8194706-4cb1-4b28-a1fe-82efa4744c2f","local_time":"20190625113521","is_ascension_mode":true,"campfire_choices":[{"data":"Neutralize","floor":6,"key":"SMITH"}],"neow_cost":"NONE","seed_source_timestamp":122885409031900,"circlet_count":0,"master_deck":["AscendersBane","Strike_G","Strike_G","Strike_G","Strike_G","Defend_G","Defend_G","Defend_G","Defend_G","Defend_G","Survivor","Neutralize+1","Quick Slash","Calculated Gamble","Deadly Poison","Predator","Cloak And Dagger","Deadly Poison","Dagger Throw"],"relics":["Ring of the Snake","Dodecahedron","Frozen Egg 2"],"potions_floor_usage":[8,8,12,12],"damage_taken":[{"damage":11,"enemies":"Jaw Worm","floor":1,"turns":6},{"damage":0,"enemies":"2 Louse","floor":2,"turns":5},{"damage":1,"enemies":"Cultist","floor":3,"turns":3},{"damage":9,"enemies":"2 Fungi Beasts","floor":5,"turns":3},{"damage":6,"enemies":"Looter","floor":7,"turns":3},{"damage":24,"enemies":"Lagavulin","floor":8,"turns":6},{"damage":10,"enemies":"Large Slime","floor":10,"turns":6},{"damage":0,"enemies":"Blue Slaver","floor":11,"turns":4},{"damage":3,"enemies":"Looter","floor":12,"turns":2}],"seed_played":"2204263452686732381","potions_obtained":[{"floor":3,"key":"EntropicBrew"},{"floor":8,"key":"Swift Potion"},{"floor":10,"key":"SkillPotion"}],"is_trial":false,"path_per_floor":["M","M","M","?","M","R","M","E","T","M","M","M"],"character_chosen":"THE_SILENT","items_purchased":[],"campfire_rested":0,"item_purchase_floors":[],"current_hp_per_floor":[54,54,53,53,44,44,38,14,14,4,4,1],"gold":197,"neow_bonus":"TEN_PERCENT_HP_BONUS","is_prod":false,"is_daily":false,"chose_seed":false,"campfire_upgraded":1,"win_rate":0,"timestamp":1561455321,"path_taken":["M","M","M","?","M","R","M","E","T","M","M","M"],"build_version":"2019-06-24","purchased_purges":0,"victory":false,"max_hp_per_floor":[72,72,72,72,72,72,72,72,72,72,72,72],"card_choices":[{"not_picked":["Outmaneuver","Acrobatics"],"picked":"Quick Slash","floor":1},{"not_picked":["Tactician","Bane"],"picked":"Calculated Gamble","floor":2},{"not_picked":["Setup","Expertise"],"picked":"Deadly Poison","floor":3},{"not_picked":["Dagger Throw","Sucker Punch"],"picked":"Predator","floor":5},{"not_picked":["Quick Slash","Riddle With Holes"],"picked":"Cloak And Dagger","floor":7},{"not_picked":["Grand Finale","Tactician","Deflect"],"picked":"SKIP","floor":8},{"not_picked":["Blade Dance","Eviscerate"],"picked":"Deadly Poison","floor":10},{"not_picked":["Tactician","Choke"],"picked":"Dagger Throw","floor":11}],"player_experience":887237,"relics_obtained":[{"floor":8,"key":"Dodecahedron"},{"floor":9,"key":"Frozen Egg 2"}],"event_choices":[{"cards_removed":["Strike_G"],"damage_healed":0,"gold_gain":0,"player_choice":"Card Removal","damage_taken":0,"max_hp_gain":0,"max_hp_loss":0,"event_name":"The Cleric","floor":4,"gold_loss":75}],"is_beta":true,"boss_relics":[],"items_purged_floors":[],"is_endless":false,"potions_floor_spawned":[3,8,10],"killed_by":"Looter","ascension_level":20}