{"gold_per_floor":[119,129,145,145,156,156,191,202,275,275,286,314,314,187,187,259,259,270,270,284,284],"floor_reached":21,"playtime":743,"items_purged":["Strike_R"],"score":382,"play_id":"5dd44cae-d576-40a8-a7ea-f510dc685d22","local_time":"20190515182632","is_ascension_mode":true,"campfire_choices":[{"data":"Disarm","floor":6.0,"key":"SMITH"},{"data":"Uppercut","floor":10.0,"key":"SMITH"},{"data":"Feel No Pain","floor":13.0,"key":"SMITH"},{"floor":15.0,"key":"REST"}],"neow_cost":"NONE","seed_source_timestamp":0,"circlet_count":0,"master_deck":["AscendersBane","Strike_R","Strike_R","Strike_R","Strike_R","Defend_R","Defend_R","Defend_R","Defend_R","Bash+1","Battle Trance","Rampage","Disarm+1","Feel No Pain+1","Uppercut+1","Havoc","Headbutt","Shrug It Off","Feed","Metallicize","Pain"],"special_seed":0,"relics":["Burning Blood","Du-Vu Doll","Mercury Hourglass","Torii","Snecko Eye","WarpedTongs"],"potions_floor_usage":[],"damage_taken":[{"damage":1.0,"enemies":"Cultist","floor":1.0,"turns":3.0},{"damage":7.0,"enemies":"Jaw Worm","floor":2.0,"turns":3.0},{"damage":14.0,"enemies":"Small Slimes","floor":3.0,"turns":3.0},{"damage":5.0,"enemies":"2 Fungi Beasts","floor":5.0,"turns":4.0},{"damage":24.0,"enemies":"3 Sentries","floor":7.0,"turns":14.0},{"damage":6.0,"enemies":"3 Louse","floor":8.0,"turns":4.0},{"damage":9.0,"enemies":"Blue Slaver","floor":11.0,"turns":2.0},{"damage":24.0,"enemies":"Gremlin Nob","floor":12.0,"turns":4.0},{"damage":4.0,"enemies":"The Guardian","floor":16.0,"turns":10.0},{"damage":24.0,"enemies":"3 Byrds","floor":18.0,"turns":6.0},{"damage":21.0,"enemies":"Spheric Guardian","floor":20.0,"turns":6.0},{"damage":51,"enemies":"3 Cultists","floor":21,"turns":5}],"seed_played":"-3373918764363391750","potions_obtained":[{"floor":3.0,"key":"Swift Potion"},{"floor":8.0,"key":"Dexterity Potion"},{"floor":16.0,"key":"SteroidPotion"}],"is_trial":false,"path_per_floor":["M","M","M","?","M","R","E","M","T","R","M","E","R","$","R","B",null,"M","?","M","M"],"character_chosen":"IRONCLAD","items_purchased":["Shrug It Off"],"campfire_rested":1,"item_purchase_floors":[14],"current_hp_per_floor":[73,72,64,69,70,70,52,52,52,52,49,31,31,31,55,57,74,56,56,41,0],"gold":284,"neow_bonus":"UPGRADE_CARD","is_prod":false,"is_daily":false,"chose_seed":false,"campfire_upgraded":3,"win_rate":0,"timestamp":1557937592,"path_taken":["M","M","?","?","M","R","E","M","T","R","M","E","R","$","R","BOSS","M","?","M","?"],"build_version":"2019-05-07","purchased_purges":1,"victory":false,"max_hp_per_floor":[75,75,75,80,80,80,80,80,80,80,80,80,80,80,80,80,80,80,80,80,80],"card_choices":[{"not_picked":["Flex","Second Wind"],"picked":"Battle Trance","floor":1.0},{"not_picked":["Shrug It Off","Inflame"],"picked":"Rampage","floor":2.0},{"not_picked":["Perfected Strike","Clash"],"picked":"Disarm","floor":3.0},{"not_picked":["Hemokinesis","Wild Strike"],"picked":"Feel No Pain","floor":5.0},{"not_picked":["Rupture","Double Tap"],"picked":"Uppercut","floor":7.0},{"not_picked":["Wild Strike","Warcry"],"picked":"Havoc","floor":8.0},{"not_picked":["Flex","Clothesline","Infernal Blade"],"picked":"SKIP","floor":11.0},{"not_picked":["Infernal Blade","Body Slam"],"picked":"Headbutt","floor":12.0},{"not_picked":["Reaper","Berserk"],"picked":"Feed","floor":16.0},{"not_picked":["Clash+1","Second Wind"],"picked":"Metallicize","floor":18.0},{"not_picked":["Havoc","Armaments","Searing Blow"],"picked":"SKIP","floor":20.0}],"player_experience":718690,"relics_obtained":[{"floor":7.0,"key":"Du-Vu Doll"},{"floor":9.0,"key":"Mercury Hourglass"},{"floor":12.0,"key":"Torii"}],"event_choices":[{"damage_healed":0.0,"max_hp_gain":5.0,"max_hp_loss":0.0,"gold_gain":0.0,"event_name":"Big Fish","player_choice":"Donut","floor":4.0,"gold_loss":0.0,"damage_taken":0.0},{"damage_healed":0.0,"max_hp_gain":0.0,"max_hp_loss":0.0,"gold_gain":0.0,"event_name":"Accursed Blacksmith","player_choice":"Rummage","floor":19.0,"gold_loss":0.0,"damage_taken":0.0,"relics_obtained":["WarpedTongs"],"cards_obtained":["Pain"]}],"is_beta":true,"boss_relics":[{"not_picked":["Black Star","Runic Pyramid"],"picked":"Snecko Eye"}],"items_purged_floors":[14],"is_endless":false,"potions_floor_spawned":[3,8,11,12,16],"killed_by":"3 Cultists","ascension_level":20}