{"gold_per_floor":[119,119,119,69,89,148,148,181,207,207,226,236,265,265,265,367,367,387,387,39,39,52,52,82,82,82,95,7,33,33,46,46,147,147,157,168,188,204,219,254,254,254],"floor_reached":42,"playtime":2851,"items_purged":[],"score":640,"play_id":"3a942c25-a04a-42c6-aaae-d14576a811c9","local_time":"20181023000914","is_ascension_mode":true,"campfire_choices":[{"data":"Conserve Battery","floor":7,"key":"SMITH"},{"floor":10,"key":"REST"},{"floor":15,"key":"REST"},{"data":"Genetic Algorithm","floor":23,"key":"SMITH"},{"data":"Conserve Battery","floor":25,"key":"SMITH"},{"data":"Self Repair","floor":32,"key":"SMITH"}],"neow_cost":"NONE","seed_source_timestamp":510858723972699,"circlet_count":0,"master_deck":["Strike_B+1","Strike_B+1","Strike_B+1","Strike_B+1","Defend_B+1","Defend_B+1","Defend_B+1","Zap","Dualcast","Conserve Battery+1","All For One+1","Ball Lightning+1","All For One+1","Genetic Algorithm+1","Ball Lightning+1","Compile Driver+1","Ball Lightning+1","Stack","Gash+1","Machine Learning","Rebound+1","FTL+1","Storm","Compile Driver+1","Conserve Battery+1","Conserve Battery","Barrage+1","Self Repair+1","Sweeping Beam+1","Storm+1","FTL+1","Echo Form","Steam+1","FTL+1","Barrage+1","Hello World+1","Go for the Eyes+1","Ball Lightning+1","Apotheosis","Bandage Up","Discovery"],"relics":["Cracked Core","Molten Egg 2","Tiny Chest","Orichalcum","Dream Catcher","Oddly Smooth Stone","Juzu Bracelet","Eternal Feather","Ancient Tea Set","Vajra","Bag of Preparation","Meat on the Bone","Omamori","Inserter","Dodecahedron"],"potions_floor_usage":[6,8,13,16,27,33,37,39],"damage_taken":[{"damage":1,"enemies":"Cultist","floor":1,"turns":4},{"damage":0,"enemies":"Small Slimes","floor":5,"turns":3},{"damage":19,"enemies":"Lagavulin","floor":6,"turns":5},{"damage":16,"enemies":"Gremlin Nob","floor":8,"turns":3},{"damage":5,"enemies":"2 Louse","floor":11,"turns":2},{"damage":2,"enemies":"2 Fungi Beasts","floor":12,"turns":3},{"damage":9,"enemies":"Lagavulin","floor":13,"turns":5},{"damage":0,"enemies":"Slime Boss","floor":16,"turns":8},{"damage":13,"enemies":"3 Byrds","floor":18,"turns":4},{"damage":18,"enemies":"Shell Parasite","floor":22,"turns":4},{"damage":2,"enemies":"Gremlin Leader","floor":24,"turns":6},{"damage":0,"enemies":"3 Cultists","floor":27,"turns":4},{"damage":26,"enemies":"Slavers","floor":29,"turns":4},{"damage":11,"enemies":"Centurion and Healer","floor":31,"turns":4},{"damage":45,"enemies":"Automaton","floor":33,"turns":9},{"damage":43,"enemies":"3 Darklings","floor":35,"turns":6},{"damage":5,"enemies":"Orb Walker","floor":36,"turns":3},{"damage":17,"enemies":"Spire Growth","floor":37,"turns":5},{"damage":44,"enemies":"Jaw Worm Horde","floor":38,"turns":5},{"damage":11,"enemies":"Transient","floor":39,"turns":5},{"damage":32,"enemies":"Nemesis","floor":40,"turns":7},{"damage":32,"enemies":"Writhing Mass","floor":42,"turns":4}],"seed_played":"-2574761389096251082","potions_obtained":[{"floor":0,"key":"SteroidPotion"},{"floor":0,"key":"SkillPotion"},{"floor":0,"key":"LiquidBronze"},{"floor":1,"key":"FearPotion"},{"floor":5,"key":"Energy Potion"},{"floor":11,"key":"Block Potion"},{"floor":13,"key":"SkillPotion"},{"floor":24,"key":"Fire Potion"},{"floor":31,"key":"EssenceOfSteel"},{"floor":35,"key":"EssenceOfSteel"},{"floor":38,"key":"Poison Potion"}],"is_trial":false,"path_per_floor":["M","T","?","?","M","E","R","E","T","R","M","M","E","?","R","B",null,"M","?","$","?","M","R","E","R","T","M","$","E","?","M","R","B",null,"M","M","M","M","M","E","?"],"character_chosen":"DEFECT","items_purchased":["FTL+1","Storm","Vajra","Compile Driver+1","Self Repair","Sweeping Beam+1"],"campfire_rested":2,"item_purchase_floors":[20,20,20,20,28,28],"current_hp_per_floor":[74,74,74,74,74,55,55,39,39,61,56,54,45,38,60,60,75,62,62,62,62,44,59,57,72,72,72,72,46,46,54,72,49,75,54,59,52,30,41,31,21,0],"gold":254,"neow_bonus":"THREE_SMALL_POTIONS","is_prod":false,"is_daily":false,"chose_seed":false,"campfire_upgraded":4,"win_rate":0,"timestamp":1540274954,"path_taken":["M","?","?","?","M","E","R","E","T","R","M","M","E","?","R","BOSS","M","?","$","?","M","R","E","R","T","M","?","E","?","M","R","BOSS","M","M","M","M","M","E","?","M"],"build_version":"2018-10-18","purchased_purges":0,"victory":false,"max_hp_per_floor":[75,75,75,75,75,75,75,75,75,75,75,75,75,75,75,75,75,75,75,75,75,75,75,75,75,75,75,75,75,75,75,75,75,75,75,75,75,75,75,75,75,75],"card_choices":[{"not_picked":["Redo","Static Discharge"],"picked":"Conserve Battery","floor":1},{"not_picked":["Meteor Strike+1","Sweeping Beam+1"],"picked":"Ball Lightning+1","floor":5},{"not_picked":["Stack","Steam Power"],"picked":"All For One+1","floor":6},{"not_picked":["Redo","Hologram"],"picked":"Genetic Algorithm","floor":8},{"not_picked":["Reboot","Go for the Eyes+1"],"picked":"Ball Lightning+1","floor":10},{"not_picked":["Turbo","Streamline+1"],"picked":"Compile Driver+1","floor":11},{"not_picked":["Sunder+1","Stack"],"picked":"Ball Lightning+1","floor":12},{"not_picked":["Turbo","Glacier"],"picked":"Stack","floor":13},{"not_picked":["Cold Snap+1","Steam"],"picked":"Gash+1","floor":15},{"not_picked":["Hyperbeam+1","Multi-Cast"],"picked":"Machine Learning","floor":16},{"not_picked":["Hologram+1","Blizzard+1"],"picked":"Rebound+1","floor":18},{"not_picked":["Steam","Defragment"],"picked":"Conserve Battery","floor":22},{"not_picked":["Cold Snap+1","Leap"],"picked":"Conserve Battery","floor":24},{"not_picked":["Cold Snap+1","Steam"],"picked":"Barrage+1","floor":27},{"not_picked":["Blizzard+1","Steam"],"picked":"Storm+1","floor":29},{"not_picked":["Heatsinks","Ball Lightning+1"],"picked":"FTL+1","floor":31},{"not_picked":["Reboot","Multi-Cast"],"picked":"Echo Form","floor":33},{"not_picked":["Chaos","Recycle+1"],"picked":"Steam+1","floor":35},{"not_picked":["Ball Lightning+1","Gash+1"],"picked":"FTL+1","floor":36},{"not_picked":["Compile Driver+1","Coolheaded"],"picked":"Barrage+1","floor":37},{"not_picked":["Rip and Tear+1","Auto Shields"],"picked":"Hello World+1","floor":38},{"not_picked":["Rip and Tear+1","Redo+1"],"picked":"Go for the Eyes+1","floor":39},{"not_picked":["Leap+1","Coolheaded"],"picked":"Ball Lightning+1","floor":40},{"not_picked":["Secret Weapon","HandOfGreed+1"],"picked":"Apotheosis","floor":41},{"not_picked":["Swift Strike+1","Good Instincts"],"picked":"Bandage Up","floor":41},{"not_picked":["Purity","Deep Breath"],"picked":"Discovery","floor":41}],"player_experience":121335,"relics_obtained":[{"floor":2,"key":"Molten Egg 2"},{"floor":6,"key":"Tiny Chest"},{"floor":8,"key":"Orichalcum"},{"floor":9,"key":"Dream Catcher"},{"floor":13,"key":"Oddly Smooth Stone"},{"floor":24,"key":"Bag of Preparation"},{"floor":26,"key":"Meat on the Bone"},{"floor":29,"key":"Omamori"},{"floor":40,"key":"Dodecahedron"}],"event_choices":[{"damage_healed":0,"gold_gain":0,"player_choice":"1 cards matched","damage_taken":0,"max_hp_gain":0,"max_hp_loss":0,"event_name":"Match and Keep!","floor":3,"gold_loss":0,"cards_obtained":["All For One"]},{"cards_removed":["Defend_B"],"damage_healed":0,"gold_gain":0,"player_choice":"Card Removal","damage_taken":0,"max_hp_gain":0,"max_hp_loss":0,"event_name":"The Cleric","floor":4,"gold_loss":50},{"damage_healed":0,"gold_gain":0,"player_choice":"Success","damage_taken":7,"relics_obtained":["Juzu Bracelet"],"max_hp_gain":0,"max_hp_loss":0,"event_name":"Scrap Ooze","floor":14,"gold_loss":0},{"damage_healed":0,"gold_gain":0,"player_choice":"Gave Potion","damage_taken":0,"relics_obtained":["Ancient Tea Set"],"max_hp_gain":0,"max_hp_loss":0,"event_name":"WeMeetAgain","floor":19,"gold_loss":0},{"damage_healed":0,"gold_gain":0,"player_choice":"Simplicity","damage_taken":0,"max_hp_gain":0,"max_hp_loss":0,"event_name":"Back to Basics","floor":21,"gold_loss":0,"cards_upgraded":["Strike_B","Strike_B","Strike_B","Strike_B","Defend_B","Defend_B","Defend_B"]},{"damage_healed":0,"gold_gain":0,"player_choice":"Ignored","damage_taken":0,"max_hp_gain":0,"max_hp_loss":0,"event_name":"Ghosts","floor":30,"gold_loss":0},{"damage_healed":0,"gold_gain":0,"player_choice":"Memory 3","damage_taken":10,"max_hp_gain":0,"max_hp_loss":0,"event_name":"SensoryStone","floor":41,"gold_loss":0}],"is_beta":false,"boss_relics":[{"not_picked":["Velvet Choker","Lizard Tail"],"picked":"Eternal Feather"},{"not_picked":["Pandora\u0027s Box","Snecko Eye"],"picked":"Inserter"}],"items_purged_floors":[],"is_endless":false,"potions_floor_spawned":[1,5,11,13,24,31,35,38],"killed_by":"Writhing Mass","ascension_level":2}