{"gold_per_floor":[109,121,131,151,151,151,177,26,49,65,65,84,94,111,111,111],"floor_reached":16,"playtime":892,"items_purged":[],"score":175,"play_id":"0c62d6fa-2e35-47aa-a408-8d700e9bbdc2","local_time":"20190626224229","is_ascension_mode":true,"campfire_choices":[{"data":"Capacitor","floor":6,"key":"SMITH"},{"data":"Melter","floor":11,"key":"SMITH"},{"data":"Zap","floor":15,"key":"SMITH"}],"neow_cost":"NONE","seed_source_timestamp":983561090395670,"circlet_count":0,"master_deck":["AscendersBane","Strike_B","Strike_B","Strike_B","Defend_B","Defend_B","Defend_B","Defend_B","Zap+1","Dualcast","Sweeping Beam","Chill","BootSequence+1","Steam+1","Capacitor+1","Skim","Leap","Glacier","Melter+1","Self Repair"],"relics":["Cracked Core","Vajra","War Paint"],"potions_floor_usage":[],"damage_taken":[{"damage":0,"enemies":"Cultist","floor":1,"turns":3},{"damage":7,"enemies":"Jaw Worm","floor":2,"turns":5},{"damage":0,"enemies":"Small Slimes","floor":3,"turns":3},{"damage":3,"enemies":"Exordium Thugs","floor":4,"turns":5},{"damage":18,"enemies":"Lagavulin","floor":7,"turns":9},{"damage":0,"enemies":"3 Louse","floor":10,"turns":5},{"damage":6,"enemies":"Exordium Wildlife","floor":12,"turns":4},{"damage":6,"enemies":"Exordium Thugs","floor":13,"turns":8},{"damage":0,"enemies":"Looter","floor":14,"turns":3},{"damage":47,"enemies":"Hexaghost","floor":16,"turns":14}],"seed_played":"1826732754998513886","potions_obtained":[{"floor":1,"key":"Dexterity Potion"},{"floor":2,"key":"Poison Potion"},{"floor":3,"key":"Explosive Potion"}],"is_trial":false,"path_per_floor":["M","M","M","M","?","R","E","$","T","M","R","M","M","M","R","B"],"character_chosen":"DEFECT","items_purchased":["Glacier","Melter"],"campfire_rested":0,"item_purchase_floors":[8,8],"current_hp_per_floor":[68,61,61,58,58,58,40,40,40,40,40,34,35,42,42,0],"gold":111,"neow_bonus":"THREE_CARDS","is_prod":false,"is_daily":false,"chose_seed":false,"campfire_upgraded":3,"win_rate":0,"timestamp":1561560149,"path_taken":["M","?","M","M","?","R","E","$","T","M","R","M","?","M","R","BOSS"],"build_version":"2019-01-23","purchased_purges":0,"victory":false,"max_hp_per_floor":[75,75,75,75,75,75,75,75,75,75,75,75,75,75,75,75],"card_choices":[{"not_picked":["Chaos","Steam Power"],"picked":"Sweeping Beam","floor":0},{"not_picked":["Skim","Beam Cell"],"picked":"Chill","floor":1},{"not_picked":["Steam Power","Darkness"],"picked":"BootSequence","floor":2},{"not_picked":["Skim","Tempest"],"picked":"Steam","floor":3},{"not_picked":["Gash","Blizzard"],"picked":"Capacitor","floor":4},{"not_picked":["Cold Snap","Force Field"],"picked":"Leap","floor":7},{"not_picked":["Conserve Battery","Storm","Double Energy"],"picked":"SKIP","floor":10},{"not_picked":["Auto Shields","Lockon"],"picked":"Self Repair","floor":12},{"not_picked":["Heatsinks","Conserve Battery","Rebound"],"picked":"SKIP","floor":13},{"not_picked":["Heatsinks","Conserve Battery","Rebound"],"picked":"SKIP","floor":13},{"not_picked":["Redo","Steam","Reprogram"],"picked":"SKIP","floor":14}],"player_experience":801859,"relics_obtained":[{"floor":7,"key":"Vajra"},{"floor":9,"key":"War Paint"}],"event_choices":[{"damage_healed":0,"gold_gain":0,"cards_transformed":["Strike_B"],"player_choice":"Transformed","damage_taken":0,"max_hp_gain":0,"max_hp_loss":0,"event_name":"Transmorgrifier","floor":5,"gold_loss":0,"cards_obtained":["Skim"]}],"is_beta":false,"boss_relics":[],"items_purged_floors":[],"is_endless":false,"potions_floor_spawned":[1,2,3,7],"killed_by":"Hexaghost","ascension_level":13}