{"gold_per_floor":[116,132,209,229,246,272,272,297,321,279,289,322,342,354,354,455,455,473,487,504,504,504,504],"floor_reached":23,"playtime":2122,"items_purged":[],"score":324,"play_id":"ced2747a-2b8a-44d0-ab57-fd006ae07f23","local_time":"20190602150127","is_ascension_mode":true,"campfire_choices":[{"data":"Well Laid Plans","floor":7.0,"key":"SMITH"},{"floor":15.0,"key":"REST"}],"neow_cost":"NONE","seed_source_timestamp":0,"circlet_count":0,"master_deck":["Defend_G","Defend_G","Defend_G","Defend_G","Defend_G","Strike_G","Strike_G","Strike_G","Strike_G","Strike_G","Survivor","Neutralize","Dodge and Roll","Predator","Well Laid Plans+1","Leg Sweep","Tools of the Trade","Backstab","Caltrops","PiercingWail","Poisoned Stab","Underhanded Strike","Doppelganger","Skewer+1","Caltrops","Crippling Poison","Writhe"],"special_seed":0,"relics":["Ring of the Snake","NeowsBlessing","Girya","Smiling Mask","Bronze Scales","Potion Belt","Velvet Choker","Art of War"],"potions_floor_usage":[18,19,23],"damage_taken":[{"damage":0.0,"enemies":"2 Louse","floor":1.0,"turns":1.0},{"damage":0.0,"enemies":"Jaw Worm","floor":2.0,"turns":1.0},{"damage":0.0,"enemies":"Small Slimes","floor":4.0,"turns":1.0},{"damage":4.0,"enemies":"Blue Slaver","floor":5.0,"turns":5.0},{"damage":25.0,"enemies":"Lagavulin","floor":6.0,"turns":11.0},{"damage":27.0,"enemies":"Gremlin Nob","floor":8.0,"turns":5.0},{"damage":5.0,"enemies":"3 Louse","floor":11.0,"turns":3.0},{"damage":0.0,"enemies":"Lagavulin","floor":12.0,"turns":10.0},{"damage":0.0,"enemies":"Red Slaver","floor":13.0,"turns":4.0},{"damage":0.0,"enemies":"Looter","floor":14.0,"turns":2.0},{"damage":3.0,"enemies":"Hexaghost","floor":16.0,"turns":9.0},{"damage":0,"enemies":"3 Byrds","floor":18,"turns":3},{"damage":9,"enemies":"Shell Parasite","floor":19,"turns":5},{"damage":13,"enemies":"Shelled Parasite and Fungi","floor":20,"turns":5},{"damage":34,"enemies":"Slavers","floor":23,"turns":4}],"seed_played":"8795288235404811219","potions_obtained":[{"floor":2.0,"key":"Dexterity Potion"},{"floor":5.0,"key":"SkillPotion"},{"floor":6.0,"key":"EssenceOfSteel"},{"floor":12.0,"key":"Strength Potion"},{"floor":13.0,"key":"Swift Potion"},{"floor":16.0,"key":"EssenceOfSteel"},{"floor":18,"key":"FairyPotion"},{"floor":20,"key":"SteroidPotion"}],"is_trial":false,"path_per_floor":["M","M","?","M","M","E","R","E","T","?","M","E","M","M","R","B",null,"M","M","M","?","?","E"],"character_chosen":"THE_SILENT","items_purchased":[],"campfire_rested":1,"item_purchase_floors":[],"current_hp_per_floor":[63,63,63,63,59,34,34,7,7,7,2,2,2,2,23,20,58,58,49,36,23,23,0],"gold":504,"neow_bonus":"THREE_ENEMY_KILL","is_prod":false,"is_daily":false,"chose_seed":false,"campfire_upgraded":1,"win_rate":0,"timestamp":1559509287,"path_taken":["M","M","?","M","M","E","R","E","T","?","M","E","M","M","R","BOSS","M","M","M","?","?","E"],"build_version":"2019-01-23","purchased_purges":0,"victory":false,"max_hp_per_floor":[70,70,70,70,70,70,70,70,70,70,70,70,70,70,70,70,70,70,70,70,75,75,75],"card_choices":[{"not_picked":["Slice","Prepared"],"picked":"Dodge and Roll","floor":1.0},{"not_picked":["Acrobatics","Deflect"],"picked":"Predator","floor":2.0},{"not_picked":["Setup","Sucker Punch"],"picked":"Well Laid Plans","floor":4.0},{"not_picked":["Deadly Poison","Blade Dance"],"picked":"Leg Sweep","floor":5.0},{"not_picked":["PiercingWail","Finisher"],"picked":"Tools of the Trade","floor":6.0},{"not_picked":["Prepared","Setup"],"picked":"Backstab","floor":8.0},{"not_picked":["Outmaneuver","PiercingWail"],"picked":"Caltrops","floor":11.0},{"not_picked":["Bouncing Flask","Dagger Throw"],"picked":"PiercingWail","floor":12.0},{"not_picked":["Outmaneuver","Slice"],"picked":"Poisoned Stab","floor":13.0},{"not_picked":["Endless Agony","Blur"],"picked":"Underhanded Strike","floor":14.0},{"not_picked":["Tools of the Trade","Die Die Die"],"picked":"Doppelganger","floor":16.0},{"not_picked":["Backflip","Dodge and Roll"],"picked":"Skewer+1","floor":18},{"not_picked":["Poisoned Stab","Dodge and Roll"],"picked":"Caltrops","floor":19},{"not_picked":["Prepared+1","Endless Agony"],"picked":"Crippling Poison","floor":20}],"player_experience":266405,"relics_obtained":[{"floor":6.0,"key":"Girya"},{"floor":8.0,"key":"Smiling Mask"},{"floor":9.0,"key":"Bronze Scales"},{"floor":12.0,"key":"Potion Belt"}],"event_choices":[{"damage_healed":0.0,"max_hp_gain":0.0,"max_hp_loss":0.0,"gold_gain":77.0,"event_name":"Golden Wing","player_choice":"Gained Gold","floor":3.0,"gold_loss":0.0,"damage_taken":0.0},{"damage_healed":0.0,"max_hp_gain":0.0,"max_hp_loss":0.0,"gold_gain":0.0,"event_name":"World of Goop","player_choice":"Left Gold","floor":10.0,"gold_loss":42.0,"damage_taken":0.0},{"damage_healed":0,"gold_gain":0,"player_choice":"Shed Blood","damage_taken":18,"max_hp_gain":5,"max_hp_loss":0,"event_name":"Forgotten Altar","floor":21,"gold_loss":0},{"damage_healed":0,"gold_gain":0,"player_choice":"Opened","damage_taken":0,"relics_obtained":["Art of War"],"max_hp_gain":0,"max_hp_loss":0,"event_name":"The Mausoleum","floor":22,"gold_loss":0,"cards_obtained":["Writhe"]}],"is_beta":false,"boss_relics":[{"not_picked":["Fusion Hammer","Astrolabe"],"picked":"Velvet Choker"}],"items_purged_floors":[],"is_endless":false,"potions_floor_spawned":[2,5,6,12,13,16,18,20],"killed_by":"Slavers","ascension_level":7}