{"gold_per_floor":[14,32,9,20,39,39,67,67,67,84,84,9,34,34,34,153,153,168,168,83,83,83,83,83],"floor_reached":24,"playtime":1515,"items_purged":["Injury"],"score":219,"play_id":"e459f453-a6c3-4252-ac05-66d576473027","local_time":"20190609131629","is_ascension_mode":false,"campfire_choices":[{"floor":6,"key":"REST"},{"data":"Demon Form","floor":8,"key":"SMITH"},{"floor":15,"key":"REST"},{"floor":23,"key":"RECALL"}],"neow_cost":"NO_GOLD","seed_source_timestamp":240786985969670,"circlet_count":0,"master_deck":["Defend_R","Defend_R","Bash","Iron Wave","Uppercut","Cleave","Inflame","Demon Form+1","Thunderclap","Feed","Rupture+1","Dropkick+1","Whirlwind+1","Bloodletting+1","Bite","Bite","Bite","Bite","Bite"],"relics":["Burning Blood","Juzu Bracelet","Golden Idol","Astrolabe","Incense Burner","Regal Pillow"],"potions_floor_usage":[7,16,18,18],"damage_taken":[{"damage":2,"enemies":"Cultist","floor":1,"turns":5},{"damage":2,"enemies":"Jaw Worm","floor":2,"turns":5},{"damage":5,"enemies":"Small Slimes","floor":4,"turns":3},{"damage":25,"enemies":"Gremlin Gang","floor":5,"turns":5},{"damage":21,"enemies":"Lagavulin","floor":7,"turns":7},{"damage":24,"enemies":"Exordium Wildlife","floor":10,"turns":5},{"damage":17,"enemies":"Looter","floor":13,"turns":4},{"damage":41,"enemies":"Hexaghost","floor":16,"turns":7},{"damage":40,"enemies":"Spheric Guardian","floor":18,"turns":6},{"damage":52,"enemies":"Slavers","floor":24,"turns":3}],"seed_played":"-8338060015898126296","potions_obtained":[{"floor":4,"key":"Weak Potion"},{"floor":10,"key":"Energy Potion"},{"floor":13,"key":"SpeedPotion"},{"floor":16,"key":"Dexterity Potion"}],"is_trial":false,"path_per_floor":["M","M","$","M","M","R","E","R","T","M","?","$","M","$","R","B",null,"M","?","?","?","?","R","E"],"character_chosen":"IRONCLAD","items_purchased":["Cleave"],"campfire_rested":2,"item_purchase_floors":[3],"current_hp_per_floor":[80,80,80,80,61,80,65,65,65,47,47,47,36,36,60,25,80,46,46,46,46,46,46,0],"gold":83,"neow_bonus":"REMOVE_TWO","is_prod":false,"is_daily":false,"chose_seed":false,"campfire_upgraded":1,"win_rate":0,"timestamp":1560100589,"path_taken":["M","M","?","M","?","R","E","R","T","M","?","$","M","?","R","BOSS","M","?","?","?","?","R","E"],"build_version":"2019-01-23","purchased_purges":1,"victory":false,"max_hp_per_floor":[80,80,80,80,80,80,80,80,80,80,80,80,80,80,80,80,80,80,80,80,56,56,56,56],"card_choices":[{"not_picked":["Clothesline","Wild Strike"],"picked":"Iron Wave","floor":1},{"not_picked":["True Grit","Warcry"],"picked":"Uppercut","floor":2},{"not_picked":["True Grit","Pummel","Clothesline"],"picked":"SKIP","floor":4},{"not_picked":["Iron Wave","Bloodletting"],"picked":"Inflame","floor":5},{"not_picked":["Wild Strike","Rupture"],"picked":"Demon Form","floor":7},{"not_picked":["Shockwave","Sentinel"],"picked":"Thunderclap","floor":10},{"not_picked":["Clash","Dual Wield","Anger"],"picked":"SKIP","floor":13},{"not_picked":["Fiend Fire","Demon Form"],"picked":"Feed","floor":16},{"not_picked":["Clothesline+1","Flame Barrier"],"picked":"Bloodletting","floor":18}],"player_experience":55988,"relics_obtained":[{"floor":7,"key":"Juzu Bracelet"}],"event_choices":[{"damage_healed":0,"gold_gain":0,"player_choice":"Take Wound","damage_taken":0,"relics_obtained":["Golden Idol"],"max_hp_gain":0,"max_hp_loss":0,"event_name":"Golden Idol","floor":11,"gold_loss":0,"cards_obtained":["Injury"]},{"damage_healed":0,"gold_gain":0,"player_choice":"Opened","damage_taken":0,"relics_obtained":["Incense Burner"],"max_hp_gain":0,"max_hp_loss":0,"event_name":"The Mausoleum","floor":19,"gold_loss":0},{"damage_healed":0,"gold_gain":0,"player_choice":"Obtained Relic","damage_taken":0,"relics_obtained":["Regal Pillow"],"max_hp_gain":0,"max_hp_loss":0,"event_name":"Addict","floor":20,"gold_loss":85},{"damage_healed":0,"gold_gain":0,"player_choice":"Became a vampire","damage_taken":0,"max_hp_gain":0,"max_hp_loss":24,"event_name":"Vampires","floor":21,"gold_loss":0,"cards_obtained":["Bite","Bite","Bite","Bite","Bite"]},{"damage_healed":0,"gold_gain":0,"player_choice":"Forge","damage_taken":0,"max_hp_gain":0,"max_hp_loss":0,"event_name":"Accursed Blacksmith","floor":22,"gold_loss":0,"cards_upgraded":["Bloodletting"]}],"is_beta":false,"boss_relics":[{"not_picked":["Orrery","White Beast Statue"],"picked":"Astrolabe"}],"items_purged_floors":[12],"is_endless":false,"potions_floor_spawned":[4,10,13,16],"killed_by":"Slavers","ascension_level":0}