{"gold_per_floor":[117,133,58,72,89,120,20,36,118,118,96,123,139,151,151,151],"floor_reached":16,"playtime":1576,"items_purged":["Strike_R","Strike_R"],"score":114,"play_id":"54775099-6728-423c-a32b-8eac397bfb30","local_time":"20180930001943","is_ascension_mode":false,"campfire_choices":[{"data":"Whirlwind","floor":10,"key":"SMITH"},{"floor":15,"key":"REST"}],"neow_cost":"","seed_source_timestamp":1197583492719401,"circlet_count":0,"master_deck":["Strike_R","Strike_R","Strike_R","Defend_R","Defend_R","Defend_R","Defend_R","Bash","Twin Strike","Searing Blow","Whirlwind+1","Iron Wave","Flex","Flame Barrier","Twin Strike","Iron Wave","Flex","Flex"],"relics":["Burning Blood","Bottled Flame","Darkstone Periapt","Champion Belt"],"potions_floor_usage":[6,12,16],"damage_taken":[{"damage":18,"enemies":"Cultist","floor":1,"turns":5},{"damage":11,"enemies":"Jaw Worm","floor":2,"turns":2},{"damage":0,"enemies":"Small Slimes","floor":4,"turns":3},{"damage":13,"enemies":"Red Slaver","floor":5,"turns":3},{"damage":24,"enemies":"Gremlin Nob","floor":6,"turns":4},{"damage":9,"enemies":"2 Fungi Beasts","floor":8,"turns":3},{"damage":36,"enemies":"Lagavulin","floor":12,"turns":6},{"damage":0,"enemies":"3 Louse","floor":13,"turns":1},{"damage":1,"enemies":"Exordium Wildlife","floor":14,"turns":3},{"damage":56,"enemies":"The Guardian","floor":16,"turns":14}],"seed_played":"-5981089502978599976","potions_obtained":[{"floor":2,"key":"PowerPotion"},{"floor":4,"key":"Explosive Potion"},{"floor":13,"key":"BloodPotion"}],"is_trial":false,"path_per_floor":["M","M","$","M","M","E","$","M","T","R","$","E","M","M","R"],"character_chosen":"IRONCLAD","items_purchased":["Twin Strike"],"campfire_rested":1,"item_purchase_floors":[11],"current_hp_per_floor":[68,63,63,69,62,44,44,41,41,41,41,11,17,22,46,0],"gold":151,"neow_bonus":"","is_prod":false,"is_daily":false,"chose_seed":false,"campfire_upgraded":1,"win_rate":0.0,"timestamp":1538288383,"path_taken":["M","M","$","?","M","E","?","M","T","R","?","E","M","M","R","BOSS"],"build_version":"2018-09-27","purchased_purges":2,"victory":false,"max_hp_per_floor":[80,80,80,80,80,80,80,80,80,80,80,80,80,80,80,80],"card_choices":[{"not_picked":["Thunderclap","Headbutt"],"picked":"Twin Strike","floor":1},{"not_picked":["Rampage","Dropkick"],"picked":"Searing Blow","floor":2},{"not_picked":["True Grit","Rampage"],"picked":"Whirlwind","floor":4},{"not_picked":["Corruption","Reckless Charge"],"picked":"Iron Wave","floor":5},{"not_picked":["Dropkick","Barricade"],"picked":"Flex","floor":6},{"not_picked":["Clash","Thunderclap"],"picked":"Flame Barrier","floor":8},{"not_picked":["Clash","Infernal Blade"],"picked":"Iron Wave","floor":12},{"not_picked":["Berserk","Cleave"],"picked":"Flex","floor":13},{"not_picked":["Cleave","Disarm"],"picked":"Flex","floor":14}],"player_experience":0,"relics_obtained":[{"floor":6,"key":"Bottled Flame"},{"floor":9,"key":"Darkstone Periapt"},{"floor":12,"key":"Champion Belt"}],"event_choices":[],"is_beta":false,"boss_relics":[],"items_purged_floors":[3,7],"is_endless":false,"potions_floor_spawned":[2,4,13],"killed_by":"The Guardian","ascension_level":0}