{"gold_per_floor":[17,31,44,44,62,95,108,108],"floor_reached":8,"playtime":942,"items_purged":[],"score":72,"play_id":"ebffdb6a-76ee-46fa-a1ab-b513b675770d","local_time":"20190518002709","is_ascension_mode":true,"campfire_choices":[],"neow_cost":"NO_GOLD","seed_source_timestamp":158563233112915,"circlet_count":0,"master_deck":["Defend_G","Defend_G","Defend_G","Defend_G","Defend_G","Strike_G","Strike_G","Strike_G","Strike_G","Strike_G","Survivor","Neutralize","Well Laid Plans","Deadly Poison","Escape Plan","Bane","Endless Agony","Escape Plan"],"relics":["Ring of the Snake","Pocketwatch","Strawberry"],"potions_floor_usage":[2,6,6,8],"damage_taken":[{"damage":0,"enemies":"Cultist","floor":1,"turns":4},{"damage":0,"enemies":"Small Slimes","floor":2,"turns":4},{"damage":0,"enemies":"2 Louse","floor":3,"turns":3},{"damage":0,"enemies":"2 Fungi Beasts","floor":5,"turns":5},{"damage":13,"enemies":"Lagavulin","floor":6,"turns":8},{"damage":3,"enemies":"Blue Slaver","floor":7,"turns":4},{"damage":100,"enemies":"Gremlin Nob","floor":8,"turns":5}],"seed_played":"-8237108420020723170","potions_obtained":[{"floor":1,"key":"PowerPotion"},{"floor":3,"key":"PowerPotion"},{"floor":5,"key":"Weak Potion"},{"floor":7,"key":"SkillPotion"}],"is_trial":false,"path_per_floor":["M","M","M","?","M","E","M","E"],"character_chosen":"THE_SILENT","items_purchased":[],"campfire_rested":0,"item_purchase_floors":[],"current_hp_per_floor":[70,70,70,70,70,64,61,0],"gold":108,"neow_bonus":"ONE_RARE_RELIC","is_prod":false,"is_daily":false,"chose_seed":false,"campfire_upgraded":0,"win_rate":0,"timestamp":1558160829,"path_taken":["M","M","M","?","M","E","M","E"],"build_version":"2019-01-23","purchased_purges":0,"victory":false,"max_hp_per_floor":[70,70,70,70,70,77,77,77],"card_choices":[{"not_picked":["Infinite Blades","Concentrate"],"picked":"Well Laid Plans","floor":1},{"not_picked":["Poisoned Stab","Prepared"],"picked":"Deadly Poison","floor":2},{"not_picked":["Accuracy","Cloak And Dagger"],"picked":"Escape Plan","floor":3},{"not_picked":["Finisher","Distraction"],"picked":"Bane","floor":5},{"not_picked":["Flying Knee","Prepared"],"picked":"Endless Agony","floor":6},{"not_picked":["Deflect","Deadly Poison"],"picked":"Escape Plan","floor":7}],"player_experience":202803,"relics_obtained":[{"floor":6,"key":"Strawberry"}],"event_choices":[{"damage_healed":0,"gold_gain":0,"player_choice":"Leave","damage_taken":0,"max_hp_gain":0,"max_hp_loss":0,"event_name":"The Cleric","floor":4,"gold_loss":0}],"is_beta":false,"boss_relics":[],"items_purged_floors":[],"is_endless":false,"potions_floor_spawned":[1,3,5,7],"killed_by":"Gremlin Nob","ascension_level":4}