{"gold_per_floor":[114,128,141,154,164,191,207,227,252,283,94,94,114,143,143,244,294,313,60,60,26,36,36],"floor_reached":23,"playtime":2128,"items_purged":[],"score":283,"play_id":"d2c12c89-3b72-4170-9f3b-2f7d9bceac8d","local_time":"20190519051125","is_ascension_mode":true,"campfire_choices":[{"data":"Noxious Fumes","floor":12,"key":"SMITH"},{"floor":15,"key":"REST"}],"neow_cost":"NONE","seed_source_timestamp":260829973715794,"circlet_count":0,"master_deck":["Defend_G","Defend_G","Defend_G","Defend_G","Defend_G","Survivor","Neutralize","Backflip","Dagger Throw","Leg Sweep","Outmaneuver","Well Laid Plans","Noxious Fumes+1","Acrobatics","Tools of the Trade","Bouncing Flask","Heel Hook","Infinite Blades","Backflip","Well Laid Plans","After Image","Deadly Poison","Slice+1","Bite+1","Bite+1","Bite+1","Bite+1","Bite+1","Escape Plan","Dash+1"],"relics":["Ring of the Snake","NeowsBlessing","Orichalcum","Oddly Smooth Stone","Bottled Lightning","Omamori","Tiny House","Molten Egg 2"],"potions_floor_usage":[6,6,10,16,16,18,22],"damage_taken":[{"damage":0,"enemies":"Small Slimes","floor":1,"turns":1},{"damage":0,"enemies":"Jaw Worm","floor":2,"turns":1},{"damage":0,"enemies":"2 Louse","floor":3,"turns":1},{"damage":1,"enemies":"Exordium Wildlife","floor":4,"turns":6},{"damage":4,"enemies":"Red Slaver","floor":5,"turns":5},{"damage":12,"enemies":"Gremlin Nob","floor":6,"turns":5},{"damage":0,"enemies":"2 Fungi Beasts","floor":7,"turns":5},{"damage":0,"enemies":"Blue Slaver","floor":8,"turns":5},{"damage":14,"enemies":"3 Sentries","floor":10,"turns":3},{"damage":11,"enemies":"3 Louse","floor":13,"turns":5},{"damage":6,"enemies":"Lagavulin","floor":14,"turns":7},{"damage":15,"enemies":"Slime Boss","floor":16,"turns":7},{"damage":25,"enemies":"Chosen","floor":18,"turns":6},{"damage":9,"enemies":"3 Byrds","floor":22,"turns":5},{"damage":64,"enemies":"3 Cultists","floor":23,"turns":6}],"seed_played":"8023874107681500708","potions_obtained":[{"floor":1,"key":"EssenceOfSteel"},{"floor":3,"key":"Fire Potion"},{"floor":5,"key":"LiquidBronze"},{"floor":8,"key":"SkillPotion"},{"floor":13,"key":"Fire Potion"},{"floor":14,"key":"Poison Potion"},{"floor":17,"key":"SkillPotion"}],"is_trial":false,"path_per_floor":["M","M","M","M","M","E","M","M","T","E","$","R","M","E","R","B",null,"M","$","?","$","M","M"],"character_chosen":"THE_SILENT","items_purchased":["Bouncing Flask","Heel Hook","Infinite Blades","Molten Egg 2","Escape Plan"],"campfire_rested":1,"item_purchase_floors":[11,11,11,19,21],"current_hp_per_floor":[70,70,70,69,65,53,53,53,53,39,39,39,28,22,43,28,75,50,50,50,50,52,0],"gold":36,"neow_bonus":"THREE_ENEMY_KILL","is_prod":false,"is_daily":false,"chose_seed":false,"campfire_upgraded":1,"win_rate":0,"timestamp":1558264285,"path_taken":["M","M","M","M","M","E","M","M","T","E","$","R","M","E","R","BOSS","M","$","?","$","M","M"],"build_version":"2019-01-23","purchased_purges":0,"victory":false,"max_hp_per_floor":[70,70,70,70,70,70,70,70,70,70,70,70,70,70,70,70,75,75,75,52,52,52,52],"card_choices":[{"not_picked":["Expertise","Sucker Punch"],"picked":"Backflip","floor":1},{"not_picked":["Prepared","Masterful Stab"],"picked":"Dagger Throw","floor":2},{"not_picked":["Acrobatics","Underhanded Strike"],"picked":"Leg Sweep","floor":3},{"not_picked":["Expertise","Tactician"],"picked":"Outmaneuver","floor":4},{"not_picked":["Poisoned Stab","Deflect"],"picked":"Well Laid Plans","floor":5},{"not_picked":["Underhanded Strike","Choke","Deflect"],"picked":"SKIP","floor":6},{"not_picked":["Finisher","PiercingWail"],"picked":"Noxious Fumes","floor":7},{"not_picked":["Distraction","Setup"],"picked":"Acrobatics","floor":8},{"not_picked":["Underhanded Strike","Infinite Blades"],"picked":"Tools of the Trade","floor":10},{"not_picked":["Masterful Stab","Slice"],"picked":"Backflip","floor":13},{"not_picked":["Wraith Form v2","Slice"],"picked":"Well Laid Plans","floor":14},{"not_picked":["Venomology","Doppelganger"],"picked":"After Image","floor":16},{"not_picked":["Skewer","Blade Dance"],"picked":"Deadly Poison","floor":17},{"not_picked":["Dodge and Roll","Dagger Throw"],"picked":"Slice+1","floor":18},{"not_picked":["Flechettes+1","Blade Dance"],"picked":"Dash+1","floor":22}],"player_experience":213774,"relics_obtained":[{"floor":6,"key":"Orichalcum"},{"floor":9,"key":"Oddly Smooth Stone"},{"floor":10,"key":"Bottled Lightning"},{"floor":14,"key":"Omamori"}],"event_choices":[{"damage_healed":0,"gold_gain":0,"player_choice":"Became a vampire","damage_taken":0,"max_hp_gain":0,"max_hp_loss":23,"event_name":"Vampires","floor":20,"gold_loss":0,"cards_obtained":["Bite","Bite","Bite","Bite","Bite"]}],"is_beta":false,"boss_relics":[{"not_picked":["Runic Pyramid","Empty Cage"],"picked":"Tiny House"}],"items_purged_floors":[],"is_endless":false,"potions_floor_spawned":[1,3,5,8,13,14],"killed_by":"3 Cultists","ascension_level":4}