{"gold_per_floor":[119,119,137,137,35,35,67,92,154,184,196,241,22,49,49,148,148,162,162,173,188,203,229,229,254,254,282,292,325,342,342,342,447,447,457,467,17,34,49,81,81,181,204,254,283,301,328,328,328,328],"floor_reached":50,"playtime":4404,"items_purged":["Regret"],"score":921,"play_id":"e9137bea-e940-4ee0-b381-dfb492bd3a59","local_time":"20190605225450","is_ascension_mode":true,"campfire_choices":[{"data":"Zap","floor":6,"key":"SMITH"},{"data":"Sunder","floor":11,"key":"SMITH"},{"data":"Echo Form","floor":15,"key":"SMITH"},{"data":"Dualcast","floor":24,"key":"SMITH"},{"data":"Streamline","floor":32,"key":"SMITH"},{"data":"Buffer","floor":41,"key":"SMITH"},{"data":"Loop","floor":49,"key":"SMITH"}],"neow_cost":"NONE","seed_source_timestamp":1371453251353681,"circlet_count":0,"master_deck":["Defend_B","Defend_B","Defend_B","Defend_B","Zap+1","Dualcast+1","Ball Lightning","Sunder+1","Streamline+1","FTL","Self Repair","Ball Lightning","Self Repair","Echo Form+1","Enlightenment","Loop+1","Thunder Strike","Rebound+1","Bite","Bite","Bite","Bite","Bite","Conserve Battery+1","Sweeping Beam+1","All For One","Streamline+1","Doom and Gloom","Core Surge+1","Conserve Battery+1","Cold Snap+1","Compile Driver+1","Buffer+1","Gash+1","Sweeping Beam+1","Hyperbeam+1","Ball Lightning+1","Streamline+1","Stack+1","Electrodynamics","Gash+1","Defragment","Scrape+1","Doom and Gloom+1"],"relics":["Eternal Feather","Bag of Marbles","MawBank","Ancient Tea Set","Incense Burner","Singing Bowl","Coffee Dripper","Gremlin Horn","Strawberry","Molten Egg 2","Pen Nib","Smiling Mask","MutagenicStrength","Inserter","Bag of Preparation","Centennial Puzzle","Sundial","Peace Pipe","Bronze Scales","Thread and Needle","Gambling Chip","Unceasing Top"],"potions_floor_usage":[14,16,23,23,25,29,38,39,50,50,50],"damage_taken":[{"damage":4,"enemies":"Jaw Worm","floor":1,"turns":5},{"damage":7,"enemies":"Small Slimes","floor":3,"turns":4},{"damage":35,"enemies":"3 Sentries","floor":7,"turns":7},{"damage":0,"enemies":"2 Louse","floor":8,"turns":2},{"damage":0,"enemies":"Large Slime","floor":10,"turns":4},{"damage":16,"enemies":"Gremlin Nob","floor":12,"turns":3},{"damage":20,"enemies":"Lagavulin","floor":14,"turns":5},{"damage":16,"enemies":"Hexaghost","floor":16,"turns":7},{"damage":1,"enemies":"Spheric Guardian","floor":18,"turns":3},{"damage":7,"enemies":"2 Thieves","floor":20,"turns":3},{"damage":44,"enemies":"Centurion and Healer","floor":21,"turns":7},{"damage":33,"enemies":"Cultist and Chosen","floor":22,"turns":6},{"damage":40,"enemies":"Slavers","floor":23,"turns":5},{"damage":39,"enemies":"Book of Stabbing","floor":25,"turns":4},{"damage":0,"enemies":"Gremlin Leader","floor":27,"turns":6},{"damage":3,"enemies":"Sentry and Sphere","floor":28,"turns":4},{"damage":50,"enemies":"Slavers","floor":29,"turns":5},{"damage":23,"enemies":"Shelled Parasite and Fungi","floor":30,"turns":3},{"damage":35,"enemies":"Collector","floor":33,"turns":6},{"damage":1,"enemies":"Orb Walker","floor":35,"turns":3},{"damage":12,"enemies":"3 Shapes","floor":36,"turns":2},{"damage":13,"enemies":"3 Darklings","floor":38,"turns":2},{"damage":42,"enemies":"Spire Growth","floor":39,"turns":4},{"damage":22,"enemies":"Reptomancer","floor":40,"turns":6},{"damage":9,"enemies":"Mind Bloom Boss Battle","floor":42,"turns":8},{"damage":19,"enemies":"2 Orb Walkers","floor":44,"turns":4},{"damage":0,"enemies":"Giant Head","floor":45,"turns":7},{"damage":0,"enemies":"Sphere and 2 Shapes","floor":46,"turns":3},{"damage":0,"enemies":"Reptomancer","floor":47,"turns":3},{"damage":70,"enemies":"Time Eater","floor":50,"turns":7}],"seed_played":"7585640039659227516","potions_obtained":[{"floor":7,"key":"SpeedPotion"},{"floor":12,"key":"Regen Potion"},{"floor":14,"key":"Strength Potion"},{"floor":16,"key":"Explosive Potion"},{"floor":22,"key":"SkillPotion"},{"floor":25,"key":"PowerPotion"},{"floor":33,"key":"Block Potion"},{"floor":38,"key":"Weak Potion"},{"floor":40,"key":"Poison Potion"},{"floor":44,"key":"SpeedPotion"},{"floor":45,"key":"Block Potion"},{"floor":46,"key":"Strength Potion"},{"floor":47,"key":"Energy Potion"}],"is_trial":false,"path_per_floor":["M","?","M","?","$","R","E","M","T","M","R","E","$","E","R","B",null,"M","?","M","M","M","E","R","E","T","E","M","E","M","?","R","B",null,"M","M","$","M","M","E","R","?","T","?","E","M","E","?","R","B"],"character_chosen":"DEFECT","items_purchased":["Streamline","Echo Form","Enlightenment","Bag of Preparation","Hyperbeam+1","Centennial Puzzle"],"campfire_rested":0,"item_purchase_floors":[5,13,13,37,37,37],"current_hp_per_floor":[71,71,64,64,64,70,35,35,35,42,51,42,42,43,55,53,75,74,52,52,40,38,29,44,25,25,49,59,29,13,13,31,13,59,59,59,59,53,15,19,40,59,59,54,59,59,59,59,59,0],"gold":328,"neow_bonus":"BOSS_RELIC","is_prod":false,"is_daily":false,"chose_seed":false,"campfire_upgraded":7,"win_rate":0,"timestamp":1559796890,"path_taken":["M","?","M","?","$","R","E","M","T","M","R","E","$","E","R","BOSS","M","?","M","M","M","E","R","E","T","E","M","E","M","?","R","BOSS","M","M","$","M","M","E","R","?","T","?","E","M","E","?","R","BOSS"],"build_version":"2019-01-23","purchased_purges":1,"victory":false,"max_hp_per_floor":[75,75,75,75,75,75,75,75,75,75,75,75,75,75,75,75,75,75,52,52,52,52,52,52,59,59,59,59,59,59,59,59,59,59,59,59,59,59,59,59,59,59,59,59,59,59,59,59,59,59],"card_choices":[{"not_picked":["Steam","Storm"],"picked":"Ball Lightning","floor":1},{"not_picked":["Reinforced Body","Steam"],"picked":"Sunder","floor":3},{"not_picked":["Storm","Lockon"],"picked":"FTL","floor":7},{"not_picked":["Force Field","Stack"],"picked":"Self Repair","floor":8},{"not_picked":["Sweeping Beam","Scrape"],"picked":"Ball Lightning","floor":10},{"not_picked":["Redo","Recycle"],"picked":"Self Repair","floor":12},{"not_picked":["Melter","Rebound"],"picked":"Loop","floor":14},{"not_picked":["Reboot","Fission"],"picked":"Thunder Strike","floor":16},{"not_picked":["Stack","Hologram"],"picked":"Rebound+1","floor":18},{"not_picked":["Rebound","Go for the Eyes"],"picked":"Conserve Battery+1","floor":20},{"not_picked":["Barrage+1","Static Discharge"],"picked":"Sweeping Beam+1","floor":21},{"not_picked":["Conserve Battery","Hello World+1"],"picked":"All For One","floor":22},{"not_picked":["Coolheaded","Double Energy"],"picked":"Streamline+1","floor":23},{"not_picked":["Stack","Beam Cell+1"],"picked":"Doom and Gloom","floor":25},{"not_picked":["Redo","Scrape+1"],"picked":"Core Surge+1","floor":27},{"not_picked":["Compile Driver+1","Leap+1"],"picked":"Conserve Battery","floor":28},{"not_picked":["Hologram","Ball Lightning+1"],"picked":"Cold Snap+1","floor":29},{"not_picked":["Conserve Battery","Rainbow"],"picked":"Compile Driver+1","floor":30},{"not_picked":["Creative AI","Thunder Strike+1"],"picked":"Buffer","floor":33},{"not_picked":["Steam+1","Fusion+1"],"picked":"Gash+1","floor":35},{"not_picked":["Redo+1","Steam+1"],"picked":"Sweeping Beam+1","floor":36},{"not_picked":["Genetic Algorithm+1","Redo"],"picked":"Ball Lightning+1","floor":38},{"not_picked":["Rip and Tear+1","Meteor Strike+1"],"picked":"Streamline+1","floor":39},{"not_picked":["Meteor Strike+1","Coolheaded"],"picked":"Stack+1","floor":40},{"not_picked":["Steam+1","Hello World"],"picked":"Electrodynamics","floor":42},{"not_picked":["Sweeping Beam+1","Darkness+1"],"picked":"Gash+1","floor":44},{"not_picked":["Barrage+1","Redo"],"picked":"Defragment","floor":45},{"not_picked":["Compile Driver+1","Electrodynamics"],"picked":"Scrape+1","floor":46},{"not_picked":["Chaos+1","BootSequence+1"],"picked":"Doom and Gloom+1","floor":47}],"player_experience":311344,"relics_obtained":[{"floor":7,"key":"MawBank"},{"floor":9,"key":"Ancient Tea Set"},{"floor":12,"key":"Incense Burner"},{"floor":14,"key":"Singing Bowl"},{"floor":23,"key":"Gremlin Horn"},{"floor":25,"key":"Strawberry"},{"floor":26,"key":"Molten Egg 2"},{"floor":27,"key":"Pen Nib"},{"floor":29,"key":"Smiling Mask"},{"floor":40,"key":"Sundial"},{"floor":42,"key":"Peace Pipe"},{"floor":43,"key":"Bronze Scales"},{"floor":44,"key":"Thread and Needle"},{"floor":45,"key":"Gambling Chip"},{"floor":47,"key":"Unceasing Top"}],"event_choices":[{"damage_healed":0,"gold_gain":0,"player_choice":"Box","damage_taken":0,"relics_obtained":["Bag of Marbles"],"max_hp_gain":0,"max_hp_loss":0,"event_name":"Big Fish","floor":2,"gold_loss":0,"cards_obtained":["Regret"]},{"damage_healed":0,"gold_gain":0,"player_choice":"Leave","damage_taken":0,"max_hp_gain":0,"max_hp_loss":0,"event_name":"The Cleric","floor":4,"gold_loss":0},{"damage_healed":0,"gold_gain":0,"player_choice":"Became a vampire","damage_taken":0,"max_hp_gain":0,"max_hp_loss":23,"event_name":"Vampires","floor":19,"gold_loss":0,"cards_obtained":["Bite","Bite","Bite","Bite","Bite"]},{"damage_healed":0,"gold_gain":0,"player_choice":"Inject Mutagens","damage_taken":0,"relics_obtained":["MutagenicStrength"],"max_hp_gain":0,"max_hp_loss":0,"event_name":"Drug Dealer","floor":31,"gold_loss":0},{"damage_healed":0,"gold_gain":0,"player_choice":"Fight","damage_taken":0,"max_hp_gain":0,"max_hp_loss":0,"event_name":"MindBloom","floor":42,"gold_loss":0},{"damage_healed":0,"gold_gain":0,"player_choice":"Fight","damage_taken":0,"max_hp_gain":0,"max_hp_loss":0,"event_name":"Mysterious Sphere","floor":44,"gold_loss":0},{"damage_healed":0,"gold_gain":0,"player_choice":"Upgraded","damage_taken":0,"max_hp_gain":0,"max_hp_loss":0,"event_name":"Upgrade Shrine","floor":48,"gold_loss":0,"cards_upgraded":["Conserve Battery"]}],"is_beta":false,"boss_relics":[{"not_picked":["Philosopher\u0027s Stone","Runic Pyramid"],"picked":"Coffee Dripper"},{"not_picked":["White Beast Statue","Nuclear Battery"],"picked":"Inserter"}],"items_purged_floors":[5],"is_endless":false,"potions_floor_spawned":[7,12,14,16,22,25,33,38,40,44,45,46,47],"killed_by":"Time Eater","ascension_level":4}