{"gold_per_floor":[362,381,381,381,400,15,95,109,109,129,129,172,172,187,187,338,338,377,395,436,23,23,23,48,86,116,155,155,209,209,243,243,386,386,409,422,422,443,468,522,537,571,594,26,41,64,87,107,107,107],"floor_reached":51,"playtime":2566,"items_purged":[],"score":1113,"play_id":"79ac8aa8-d7ef-4f84-8f25-4510e3f671df","local_time":"20190619215613","is_ascension_mode":true,"campfire_choices":[{"data":"Dualcast","floor":13,"key":"SMITH"},{"data":"Storm","floor":15,"key":"SMITH"},{"data":"Buffer","floor":23,"key":"SMITH"},{"floor":32,"key":"REST"},{"floor":49,"key":"REST"}],"neow_cost":"PERCENT_DAMAGE","seed_source_timestamp":61192260631291,"circlet_count":0,"master_deck":["Strike_B","Strike_B","Strike_B","Strike_B","Defend_B","Defend_B","Defend_B","Defend_B","Zap+1","Dualcast+1","Self Repair","Capacitor","Undo","HandOfGreed","Loop","Glacier","Stack","Storm+1","Hologram","Loop","Hologram","FTL","Buffer+1","Defragment+1","Storm+1","Auto Shields+1","Hello World","Ball Lightning+1","Electrodynamics","Beam Cell","Redo+1","Conserve Battery+1","Creative AI","Redo+1","Storm+1","Capacitor+1","Turbo+1","Turbo+1","Seek+1","Conserve Battery+1","PanicButton+1","Apotheosis+1","Reinforced Body+1","Hologram+1","Steam Power+1","Conserve Battery+1","Storm+1","Rebound","Buffer"],"relics":["Cracked Core","Golden Idol","Happy Flower","Bronze Scales","Blue Candle","Runic Pyramid","DataDisk","ClockworkSouvenir","FossilizedHelix","Tiny Chest","Toxic Egg 2","Kunai","Fusion Hammer","The Courier","Regal Pillow","Calipers","Dream Catcher","Mango"],"potions_floor_usage":[7,7,16,29,31,35,39,40,42,50],"damage_taken":[{"damage":2,"enemies":"2 Louse","floor":1,"turns":2},{"damage":8,"enemies":"Small Slimes","floor":2,"turns":4},{"damage":8,"enemies":"Jaw Worm","floor":5,"turns":4},{"damage":5,"enemies":"3 Sentries","floor":7,"turns":6},{"damage":0,"enemies":"Large Slime","floor":8,"turns":5},{"damage":8,"enemies":"Looter","floor":10,"turns":3},{"damage":0,"enemies":"Lagavulin","floor":12,"turns":7},{"damage":4,"enemies":"Red Slaver","floor":14,"turns":3},{"damage":17,"enemies":"Slime Boss","floor":16,"turns":8},{"damage":38,"enemies":"2 Thieves","floor":18,"turns":4},{"damage":0,"enemies":"Spheric Guardian","floor":19,"turns":3},{"damage":0,"enemies":"Snecko","floor":20,"turns":4},{"damage":0,"enemies":"Snake Plant","floor":24,"turns":3},{"damage":20,"enemies":"Gremlin Leader","floor":25,"turns":5},{"damage":7,"enemies":"Book of Stabbing","floor":27,"turns":4},{"damage":20,"enemies":"Gremlin Leader","floor":29,"turns":5},{"damage":9,"enemies":"Centurion and Healer","floor":31,"turns":4},{"damage":24,"enemies":"Automaton","floor":33,"turns":9},{"damage":2,"enemies":"Orb Walker","floor":35,"turns":3},{"damage":0,"enemies":"3 Darklings","floor":36,"turns":2},{"damage":30,"enemies":"Jaw Worm Horde","floor":38,"turns":4},{"damage":0,"enemies":"Transient","floor":39,"turns":5},{"damage":22,"enemies":"Nemesis","floor":40,"turns":5},{"damage":0,"enemies":"4 Shapes","floor":41,"turns":3},{"damage":9,"enemies":"Reptomancer","floor":42,"turns":5},{"damage":0,"enemies":"Spire Growth","floor":45,"turns":3},{"damage":0,"enemies":"Jaw Worm Horde","floor":46,"turns":4},{"damage":0,"enemies":"Transient","floor":47,"turns":5},{"damage":0,"enemies":"Maw","floor":48,"turns":4},{"damage":12,"enemies":"Donu and Deca","floor":50,"turns":4}],"seed_played":"521303916483975115","potions_obtained":[{"floor":1,"key":"AttackPotion"},{"floor":2,"key":"Energy Potion"},{"floor":12,"key":"FearPotion"},{"floor":25,"key":"Explosive Potion"},{"floor":29,"key":"SkillPotion"},{"floor":33,"key":"Block Potion"},{"floor":38,"key":"SkillPotion"},{"floor":39,"key":"FocusPotion"},{"floor":41,"key":"FearPotion"},{"floor":45,"key":"Poison Potion"},{"floor":48,"key":"Explosive Potion"}],"is_trial":false,"path_per_floor":["M","M","?","?","M","$","E","M","T","M","?","E","R","M","R","B",null,"M","M","M","$","?","R","M","E","T","E","?","E","?","M","R","B",null,"M","M","T","M","M","E","M","E","T","$","M","M","M","M","R","B",null],"character_chosen":"DEFECT","items_purchased":["HandOfGreed","Loop","Glacier","Stack","Hello World","DataDisk","ClockworkSouvenir","PanicButton+1","Apotheosis+1","Mango","Reinforced Body+1","Hologram+1"],"campfire_rested":2,"item_purchase_floors":[6,6,6,6,21,21,21,44,44,44,44,44],"current_hp_per_floor":[48,47,47,47,46,46,41,48,48,47,52,59,59,62,62,52,69,38,38,45,45,45,45,52,39,39,39,39,26,26,17,39,22,61,66,66,66,36,36,14,14,12,12,26,36,46,53,63,88,83],"gold":107,"neow_bonus":"TWO_FIFTY_GOLD","is_prod":false,"is_daily":false,"chose_seed":false,"campfire_upgraded":3,"win_rate":0,"timestamp":1561002973,"path_taken":["M","M","?","?","M","$","E","M","T","M","?","E","R","?","R","BOSS","M","M","M","$","?","R","M","E","T","E","?","E","?","M","R","BOSS","M","M","?","M","M","E","M","E","T","$","M","M","M","M","R","BOSS"],"build_version":"2019-01-23","purchased_purges":0,"victory":true,"max_hp_per_floor":[75,75,69,69,69,69,69,69,69,69,74,74,74,74,74,74,74,74,74,74,74,74,74,74,74,74,74,74,74,74,74,74,74,74,74,74,74,74,74,74,74,74,74,88,88,88,88,88,88,88],"card_choices":[{"not_picked":["Barrage","Aggregate"],"picked":"Self Repair","floor":1},{"not_picked":["Beam Cell","Steam"],"picked":"Capacitor","floor":2},{"not_picked":["Leap","Consume"],"picked":"Undo","floor":5},{"not_picked":["FTL","Chaos"],"picked":"Storm","floor":7},{"not_picked":["Streamline","Skim"],"picked":"Hologram","floor":8},{"not_picked":["Compile Driver","Barrage"],"picked":"Loop","floor":10},{"not_picked":["Blizzard","Chill"],"picked":"Hologram","floor":12},{"not_picked":["Consume","Auto Shields"],"picked":"FTL","floor":14},{"not_picked":["Multi-Cast","Thunder Strike"],"picked":"Buffer","floor":16},{"not_picked":["Beam Cell","White Noise"],"picked":"Defragment","floor":18},{"not_picked":["Hello World","Lockon"],"picked":"Storm+1","floor":19},{"not_picked":["Redo","Reprogram"],"picked":"Auto Shields+1","floor":20},{"not_picked":["Turbo+1","Gash"],"picked":"Ball Lightning+1","floor":24},{"not_picked":["Turbo","Ball Lightning"],"picked":"Electrodynamics","floor":25},{"not_picked":["Coolheaded+1","Melter"],"picked":"Beam Cell","floor":27},{"not_picked":["Barrage","Coolheaded+1"],"picked":"Redo+1","floor":29},{"not_picked":["Barrage","Consume+1"],"picked":"Conserve Battery+1","floor":31},{"not_picked":["Biased Cognition","Thunder Strike"],"picked":"Creative AI","floor":33},{"not_picked":["Go for the Eyes","Stack+1"],"picked":"Redo+1","floor":35},{"not_picked":["Sweeping Beam+1","Compile Driver+1"],"picked":"Storm+1","floor":36},{"not_picked":["Loop","Conserve Battery+1"],"picked":"Capacitor+1","floor":38},{"not_picked":["Steam+1","Sweeping Beam"],"picked":"Turbo+1","floor":39},{"not_picked":["Sweeping Beam+1","Go for the Eyes"],"picked":"Turbo+1","floor":40},{"not_picked":["Ball Lightning+1","Conserve Battery+1"],"picked":"Seek+1","floor":41},{"not_picked":["Compile Driver+1","Turbo+1"],"picked":"Conserve Battery+1","floor":42},{"not_picked":["Cold Snap","Coolheaded+1"],"picked":"Steam Power+1","floor":45},{"not_picked":["Go for the Eyes+1","Turbo+1"],"picked":"Conserve Battery+1","floor":46},{"not_picked":["Auto Shields+1","Coolheaded+1"],"picked":"Storm+1","floor":47},{"not_picked":["Streamline+1","Rip and Tear"],"picked":"Rebound","floor":48},{"not_picked":["Streamline+1","Stack+1"],"picked":"Buffer","floor":49}],"player_experience":364369,"relics_obtained":[{"floor":7,"key":"Happy Flower"},{"floor":9,"key":"Bronze Scales"},{"floor":12,"key":"Blue Candle"},{"floor":25,"key":"FossilizedHelix"},{"floor":26,"key":"Tiny Chest"},{"floor":27,"key":"Toxic Egg 2"},{"floor":29,"key":"Kunai"},{"floor":37,"key":"The Courier"},{"floor":40,"key":"Regal Pillow"},{"floor":42,"key":"Calipers"},{"floor":43,"key":"Dream Catcher"}],"event_choices":[{"damage_healed":0,"gold_gain":0,"player_choice":"Lose Max HP","damage_taken":0,"relics_obtained":["Golden Idol"],"max_hp_gain":0,"max_hp_loss":6,"event_name":"Golden Idol","floor":3,"gold_loss":0},{"damage_healed":0,"gold_gain":0,"player_choice":"Grow","damage_taken":0,"max_hp_gain":0,"max_hp_loss":0,"event_name":"Living Wall","floor":4,"gold_loss":0,"cards_upgraded":["Zap"]},{"damage_healed":0,"gold_gain":0,"player_choice":"Donut","damage_taken":0,"max_hp_gain":5,"max_hp_loss":0,"event_name":"Big Fish","floor":11,"gold_loss":0},{"damage_healed":0,"gold_gain":0,"player_choice":"Ignored","damage_taken":0,"max_hp_gain":0,"max_hp_loss":0,"event_name":"Beggar","floor":22,"gold_loss":0},{"damage_healed":0,"gold_gain":0,"player_choice":"Ignored","damage_taken":0,"max_hp_gain":0,"max_hp_loss":0,"event_name":"The Mausoleum","floor":28,"gold_loss":0},{"damage_healed":0,"gold_gain":0,"player_choice":"Upgraded","damage_taken":0,"max_hp_gain":0,"max_hp_loss":0,"event_name":"Upgrade Shrine","floor":30,"gold_loss":0,"cards_upgraded":["Defragment"]}],"is_beta":false,"boss_relics":[{"not_picked":["Runic Dome","White Beast Statue"],"picked":"Runic Pyramid"},{"not_picked":["Velvet Choker","Nuclear Battery"],"picked":"Fusion Hammer"}],"items_purged_floors":[],"is_endless":false,"potions_floor_spawned":[1,2,12,25,29,33,38,39,41,45,48],"ascension_level":6}