{"gold_per_floor":[117,67,342,361,361,361,378,453,453,68,68,87,112,132,132,209,209,223,243,243,243,254,254,254,274,274,274,308,308,342,278,278,356,356,373,390,390,410,410,410,410],"floor_reached":41,"playtime":1921,"items_purged":["Regret","Strike_B"],"score":708,"play_id":"fd6431f1-0ecd-4ab6-9692-cb6b5aed86b6","local_time":"20190507092150","is_ascension_mode":true,"campfire_choices":[{"data":"Echo Form","floor":6,"key":"SMITH"},{"floor":11,"key":"REST"},{"data":"Go for the Eyes","floor":15,"key":"SMITH"},{"floor":23,"key":"REST"},{"floor":32,"key":"REST"},{"data":"Genetic Algorithm","floor":40,"key":"SMITH"}],"neow_cost":"CURSE","seed_source_timestamp":88466292240500,"circlet_count":0,"master_deck":["AscendersBane","Strike_B+1","Strike_B+1","Strike_B","Defend_B","Defend_B","Defend_B","Defend_B","Zap","Dualcast","Echo Form+1","Self Repair","Darkness","Go for the Eyes+1","Fusion","Leap","Storm","Compile Driver","Amplify","Glacier","Coolheaded+1","Coolheaded+1","Chaos","RitualDagger","Multi-Cast","Conserve Battery","Machine Learning","Genetic Algorithm+1","Parasite","Leap"],"relics":["Cracked Core","Smiling Mask","Ornamental Fan","DataDisk","Whetstone","Matryoshka","Velvet Choker","Enchiridion","PreservedInsect","Centennial Puzzle","Anchor","MawBank","Snecko Eye"],"potions_floor_usage":[12,16,16,28,33,38],"damage_taken":[{"damage":11,"enemies":"Jaw Worm","floor":1,"turns":3},{"damage":13,"enemies":"Small Slimes","floor":4,"turns":4},{"damage":10,"enemies":"Cultist","floor":7,"turns":4},{"damage":5,"enemies":"Blue Slaver","floor":12,"turns":3},{"damage":25,"enemies":"3 Sentries","floor":13,"turns":8},{"damage":6,"enemies":"2 Fungi Beasts","floor":14,"turns":4},{"damage":40,"enemies":"Slime Boss","floor":16,"turns":6},{"damage":23,"enemies":"Shell Parasite","floor":18,"turns":5},{"damage":13,"enemies":"Spheric Guardian","floor":19,"turns":4},{"damage":18,"enemies":"Chosen and Byrds","floor":22,"turns":6},{"damage":23,"enemies":"Centurion and Healer","floor":25,"turns":14},{"damage":30,"enemies":"Slavers","floor":28,"turns":5},{"damage":19,"enemies":"Gremlin Leader","floor":30,"turns":5},{"damage":32,"enemies":"Champ","floor":33,"turns":13},{"damage":2,"enemies":"Orb Walker","floor":35,"turns":4},{"damage":0,"enemies":"3 Shapes","floor":36,"turns":5},{"damage":36,"enemies":"Writhing Mass","floor":38,"turns":6},{"damage":52,"enemies":"3 Darklings","floor":41,"turns":9}],"seed_played":"5718416476015114469","potions_obtained":[{"floor":7,"key":"Block Potion"},{"floor":12,"key":"Fire Potion"},{"floor":13,"key":"SteroidPotion"},{"floor":14,"key":"Fire Potion"},{"floor":19,"key":"Explosive Potion"},{"floor":25,"key":"LiquidBronze"},{"floor":35,"key":"SkillPotion"}],"is_trial":false,"path_per_floor":["M","?","?","M","?","R","M","?","T","$","R","M","E","M","R","B",null,"M","M","?","?","M","R","?","M","T","?","E","?","E","$","R","B",null,"M","M","?","M","?","R","M"],"character_chosen":"DEFECT","items_purchased":["DataDisk","Fusion","Whetstone","Conserve Battery"],"campfire_rested":3,"item_purchase_floors":[10,10,10,31],"current_hp_per_floor":[57,57,57,51,51,51,48,37,37,37,59,54,43,44,44,11,59,50,51,35,35,38,60,60,51,51,51,35,29,17,17,39,21,62,67,74,71,49,49,49,0],"gold":410,"neow_bonus":"THREE_RARE_CARDS","is_prod":false,"is_daily":false,"chose_seed":false,"campfire_upgraded":3,"win_rate":0,"timestamp":1557213710,"path_taken":["M","?","?","?","?","R","M","?","T","$","R","M","E","M","R","BOSS","M","M","?","?","M","R","?","?","T","?","E","?","E","$","R","BOSS","M","M","?","M","?","R","M"],"build_version":"2019-04-23","purchased_purges":2,"victory":false,"max_hp_per_floor":[75,75,75,75,75,75,75,75,75,75,75,75,75,75,75,75,75,75,75,75,75,75,75,75,75,75,75,75,75,75,75,75,75,75,75,75,71,71,71,71,71],"card_choices":[{"not_picked":["Creative AI","Fission"],"picked":"Echo Form","floor":0},{"not_picked":["Turbo","Barrage"],"picked":"Self Repair","floor":1},{"not_picked":["Steam","Barrage"],"picked":"Darkness","floor":4},{"not_picked":["Consume","Streamline"],"picked":"Go for the Eyes","floor":7},{"not_picked":["Doom and Gloom","Coolheaded"],"picked":"Leap","floor":12},{"not_picked":["White Noise","Barrage"],"picked":"Storm","floor":13},{"not_picked":["Steam Power","Scrape"],"picked":"Compile Driver","floor":14},{"not_picked":["Seek","Thunder Strike"],"picked":"Amplify","floor":16},{"not_picked":["Gash","Steam Power"],"picked":"Glacier","floor":18},{"not_picked":["Reprogram","Beam Cell"],"picked":"Coolheaded+1","floor":19},{"not_picked":["Redo","Aggregate+1","Beam Cell"],"picked":"SKIP","floor":22},{"not_picked":["Stack","Steam"],"picked":"Chaos","floor":25},{"not_picked":["Cold Snap","Go for the Eyes","Gash"],"picked":"SKIP","floor":28},{"not_picked":["Barrage","Conserve Battery"],"picked":"Multi-Cast","floor":30},{"not_picked":["Thunder Strike","Hyperbeam"],"picked":"Machine Learning","floor":33},{"not_picked":["Leap","Ball Lightning+1"],"picked":"Genetic Algorithm","floor":35},{"not_picked":["Rip and Tear+1","Hologram","Go for the Eyes+1"],"picked":"SKIP","floor":36},{"not_picked":["Turbo","Double Energy"],"picked":"Leap","floor":38}],"player_experience":574918,"relics_obtained":[{"floor":9,"key":"Ornamental Fan"},{"floor":13,"key":"Matryoshka"},{"floor":20,"key":"Enchiridion"},{"floor":26,"key":"PreservedInsect"},{"floor":26,"key":"Centennial Puzzle"},{"floor":28,"key":"Anchor"},{"floor":30,"key":"MawBank"}],"event_choices":[{"cards_removed":["Regret"],"damage_healed":0,"gold_gain":0,"player_choice":"Card Removal","damage_taken":0,"max_hp_gain":0,"max_hp_loss":0,"event_name":"The Cleric","floor":2,"gold_loss":50},{"damage_healed":0,"gold_gain":275,"player_choice":"Desecrate","damage_taken":0,"max_hp_gain":0,"max_hp_loss":0,"event_name":"Golden Shrine","floor":3,"gold_loss":0,"cards_obtained":["Regret"]},{"damage_healed":0,"gold_gain":0,"player_choice":"Box","damage_taken":0,"relics_obtained":["Smiling Mask"],"max_hp_gain":0,"max_hp_loss":0,"event_name":"Big Fish","floor":5,"gold_loss":0,"cards_obtained":["Regret"]},{"damage_healed":0,"gold_gain":75,"player_choice":"Gather Gold","damage_taken":11,"max_hp_gain":0,"max_hp_loss":0,"event_name":"World of Goop","floor":8,"gold_loss":0},{"damage_healed":0,"gold_gain":0,"player_choice":"Obtained Book","damage_taken":16,"max_hp_gain":0,"max_hp_loss":0,"event_name":"Cursed Tome","floor":20,"gold_loss":0},{"cards_removed":["Regret"],"damage_healed":0,"gold_gain":0,"player_choice":"Elegance","damage_taken":0,"max_hp_gain":0,"max_hp_loss":0,"event_name":"Back to Basics","floor":21,"gold_loss":0},{"damage_healed":0,"gold_gain":0,"player_choice":"Copied","damage_taken":0,"max_hp_gain":0,"max_hp_loss":0,"event_name":"Duplicator","floor":24,"gold_loss":0,"cards_obtained":["Coolheaded"]},{"damage_healed":0,"gold_gain":0,"player_choice":"Ignored","damage_taken":0,"max_hp_gain":0,"max_hp_loss":0,"event_name":"Vampires","floor":27,"gold_loss":0},{"damage_healed":0,"gold_gain":0,"player_choice":"Joined the Cult","damage_taken":6,"max_hp_gain":0,"max_hp_loss":0,"event_name":"Nest","floor":29,"gold_loss":0,"cards_obtained":["RitualDagger"]},{"damage_healed":0,"gold_gain":0,"player_choice":"Max HP","damage_taken":0,"max_hp_gain":0,"max_hp_loss":4,"event_name":"Winding Halls","floor":37,"gold_loss":0},{"damage_healed":0,"gold_gain":0,"player_choice":"Ignored","damage_taken":0,"max_hp_gain":0,"max_hp_loss":0,"event_name":"Tomb of Lord Red Mask","floor":39,"gold_loss":0}],"is_beta":true,"boss_relics":[{"not_picked":["Astrolabe","Empty Cage"],"picked":"Velvet Choker"},{"not_picked":["Coffee Dripper","Lizard Tail"],"picked":"Snecko Eye"}],"items_purged_floors":[10,31],"is_endless":false,"potions_floor_spawned":[7,12,13,14,19,25,35],"killed_by":"3 Darklings","ascension_level":13}