{"gold_per_floor":[115,125,140,160,175,210,228,259,259,278,291,325,425,425],"floor_reached":14,"playtime":1261,"items_purged":[],"score":133,"play_id":"156f8112-ea06-4e2a-8ceb-a76a6c5c65ff","local_time":"20190516015615","is_ascension_mode":true,"campfire_choices":[],"neow_cost":"NONE","seed_source_timestamp":0,"circlet_count":0,"master_deck":["Strike_R","Strike_R","Strike_R","Strike_R","Strike_R","Defend_R","Defend_R","Defend_R","Defend_R","Bash","Combust","Pommel Strike","Rupture","Bloodletting","Metallicize","Wild Strike","Reaper","Thunderclap","Evolve","Shrug It Off","Rampage"],"special_seed":0,"relics":["Burning Blood","Pantograph","Ice Cream","Shuriken","Meat on the Bone"],"potions_floor_usage":[12,14],"damage_taken":[{"damage":1.0,"enemies":"Cultist","floor":1.0,"turns":3.0},{"damage":7.0,"enemies":"Jaw Worm","floor":2.0,"turns":3.0},{"damage":3.0,"enemies":"2 Louse","floor":3.0,"turns":2.0},{"damage":15.0,"enemies":"Exordium Thugs","floor":4.0,"turns":4.0},{"damage":10.0,"enemies":"3 Louse","floor":5.0,"turns":3.0},{"damage":27.0,"enemies":"3 Sentries","floor":6.0,"turns":6.0},{"damage":8.0,"enemies":"Looter","floor":7.0,"turns":3.0},{"damage":43.0,"enemies":"Gremlin Nob","floor":8.0,"turns":4.0},{"damage":15.0,"enemies":"Exordium Wildlife","floor":10.0,"turns":3.0},{"damage":8.0,"enemies":"3 Louse","floor":11.0,"turns":4.0},{"damage":26,"enemies":"3 Sentries","floor":12,"turns":5},{"damage":14,"enemies":"Exordium Thugs","floor":14,"turns":1}],"seed_played":"-5133760825652299255","potions_obtained":[{"floor":1.0,"key":"SkillPotion"},{"floor":5.0,"key":"Poison Potion"},{"floor":7.0,"key":"SkillPotion"},{"floor":10.0,"key":"PowerPotion"},{"floor":11.0,"key":"Strength Potion"},{"floor":12,"key":"Energy Potion"}],"is_trial":false,"path_per_floor":["M","M","M","M","M","E","M","E","T","M","M","E","?","M"],"character_chosen":"IRONCLAD","items_purchased":[],"campfire_rested":0,"item_purchase_floors":[],"current_hp_per_floor":[88,87,88,79,75,54,52,19,19,18,28,8,8,0],"gold":425,"neow_bonus":"TEN_PERCENT_HP_BONUS","is_prod":false,"is_daily":false,"chose_seed":false,"campfire_upgraded":0,"win_rate":0,"timestamp":1557993375,"path_taken":["M","?","M","M","?","E","M","E","T","M","M","E","?","?"],"build_version":"2019-01-23","purchased_purges":0,"victory":false,"max_hp_per_floor":[88,88,88,88,88,88,88,88,88,88,88,88,88,88],"card_choices":[{"not_picked":["Body Slam","Sword Boomerang"],"picked":"Combust","floor":1.0},{"not_picked":["Intimidate","Reckless Charge"],"picked":"Pommel Strike","floor":2.0},{"not_picked":["Anger","Havoc"],"picked":"Rupture","floor":3.0},{"not_picked":["Intimidate","Cleave"],"picked":"Bloodletting","floor":4.0},{"not_picked":["Warcry","Shrug It Off"],"picked":"Metallicize","floor":5.0},{"not_picked":["Uppercut","Power Through"],"picked":"Wild Strike","floor":6.0},{"not_picked":["Burning Pact","Iron Wave"],"picked":"Reaper","floor":7.0},{"not_picked":["Entrench","Anger"],"picked":"Thunderclap","floor":8.0},{"not_picked":["Pommel Strike","Dual Wield"],"picked":"Evolve","floor":10.0},{"not_picked":["Feel No Pain","Wild Strike"],"picked":"Shrug It Off","floor":11.0},{"not_picked":["Clash","Fire Breathing"],"picked":"Rampage","floor":12}],"player_experience":198152,"relics_obtained":[{"floor":6.0,"key":"Pantograph"},{"floor":8.0,"key":"Ice Cream"},{"floor":9.0,"key":"Shuriken"},{"floor":12,"key":"Meat on the Bone"}],"event_choices":[{"damage_healed":0,"gold_gain":100,"player_choice":"Pray","damage_taken":0,"max_hp_gain":0,"max_hp_loss":0,"event_name":"Golden Shrine","floor":13,"gold_loss":0}],"is_beta":false,"boss_relics":[],"items_purged_floors":[],"is_endless":false,"potions_floor_spawned":[1,5,7,10,11,12],"killed_by":"Exordium Thugs","ascension_level":3}