{"gold_per_floor":[114,129,144,159,334,364,379,379,379,394,44,86,98,125,137,249,261,288,300,387,399,426,438,480,492,504,531,573,600,627,654,666,778,790,817,29,44,59,59,89,104,104,104,119,134,149,179,19,19,19],"floor_reached":50,"playtime":5345,"items_purged":["Regret"],"score":735,"play_id":"9fa3b79b-9376-43ff-bc7f-4e0330d5e4ed","local_time":"20181007140846","daily_mods":["Insanity","Diverse","Binary"],"is_ascension_mode":false,"campfire_choices":[{"data":"Storm","floor":8,"key":"SMITH"},{"data":"Fission","floor":13,"key":"SMITH"},{"floor":15,"key":"REST"},{"data":"Fission","floor":23,"key":"SMITH"},{"floor":25,"key":"REST"},{"floor":32,"key":"REST"},{"floor":42,"key":"REST"},{"floor":49,"key":"REST"}],"neow_cost":"","seed_source_timestamp":0,"circlet_count":0,"master_deck":["Ball Lightning","Tempest","Echo Form","Rip and Tear","Hello World","Cold Snap","Strike_B","Coolheaded","Aggregate+1","Compile Driver","Strike_B","White Noise","Turbo","Genetic Algorithm","Buffer","Rip and Tear","Thunder Strike","Beam Cell","Capacitor","Defragment","Fission+1","Electrodynamics","Self Repair","Streamline","Hologram","White Noise","Blizzard","Rebound","Meteor Strike","Loop","Conserve Battery","Defend_B","Electrodynamics","Scrape","Reprogram","Gash","Buffer","Blizzard","Auto Shields+1","Reprogram","Electrodynamics","Doom and Gloom","Fission+1","Recycle","Steam Power","Force Field","Strike_B","White Noise","Rip and Tear","Steam Power","Storm+1","Distraction","Shrug It Off","Body Slam","Doubt","Coolheaded","Flying Knee","Metallicize","Ghostly Armor","Hologram","Dodge and Roll","Corpse Explosion","Decay","Regret","Doom and Gloom","Dramatic Entrance","Blind","Forethought","Impatience","Dual Wield","Steam Power+1","Ghostly Armor","Feel No Pain","Masterful Stab","Skewer+1","Heatsinks+1","Shrug It Off+1","Go for the Eyes","Armaments","Perfected Strike+1","Compile Driver+1","Juggernaut","Echo Form","Self Repair","Cloak And Dagger+1","Sunder+1","Darkness+1","Cloak And Dagger+1","Flying Knee+1","Acrobatics+1","Steam","Reinforced Body+1","Armaments+1","Demon Form","Infinite Blades","Headbutt+1","Fire Breathing","Sweeping Beam+1","Fusion+1","Barrage","Barricade","Headbutt+1"],"special_seed":17811,"relics":["Cracked Core","FossilizedHelix","Regal Pillow","Toolbox","MawBank","Dream Catcher","Calling Bell","Meat on the Bone","Thread and Needle","War Paint","Prayer Wheel","The Courier","Ginger","Lizard Tail","Ornamental Fan","Bird Faced Urn","Strange Spoon","Pear","Nunchaku","Strawberry","Pantograph","Omamori"],"potions_floor_usage":[4,10,18,22,22,28,29,33,37,39,39,40,44,50,50,50],"damage_taken":[{"damage":0,"enemies":"Cultist","floor":1,"turns":2},{"damage":0,"enemies":"Small Slimes","floor":2,"turns":2},{"damage":4,"enemies":"2 Louse","floor":3,"turns":2},{"damage":5,"enemies":"Lots of Slimes","floor":4,"turns":3},{"damage":14,"enemies":"Gremlin Nob","floor":6,"turns":3},{"damage":6,"enemies":"Gremlin Gang","floor":7,"turns":3},{"damage":0,"enemies":"2 Fungi Beasts","floor":10,"turns":2},{"damage":0,"enemies":"Lagavulin","floor":12,"turns":4},{"damage":10,"enemies":"Lots of Slimes","floor":14,"turns":2},{"damage":0,"enemies":"Slime Boss","floor":16,"turns":4},{"damage":0,"enemies":"Spheric Guardian","floor":18,"turns":4},{"damage":3,"enemies":"3 Byrds","floor":22,"turns":3},{"damage":27,"enemies":"Slavers","floor":24,"turns":3},{"damage":10,"enemies":"Sentry and Sphere","floor":27,"turns":5},{"damage":17,"enemies":"Book of Stabbing","floor":28,"turns":4},{"damage":0,"enemies":"Snake Plant","floor":29,"turns":4},{"damage":0,"enemies":"Snecko","floor":30,"turns":2},{"damage":5,"enemies":"Cultist and Chosen","floor":31,"turns":4},{"damage":18,"enemies":"Automaton","floor":33,"turns":7},{"damage":32,"enemies":"3 Shapes","floor":35,"turns":3},{"damage":0,"enemies":"Orb Walker","floor":37,"turns":3},{"damage":18,"enemies":"Sphere and 2 Shapes","floor":38,"turns":5},{"damage":0,"enemies":"Mind Bloom Boss Battle","floor":39,"turns":8},{"damage":68,"enemies":"Nemesis","floor":40,"turns":8},{"damage":22,"enemies":"4 Shapes","floor":41,"turns":3},{"damage":0,"enemies":"3 Darklings","floor":44,"turns":3},{"damage":18,"enemies":"Reptomancer","floor":45,"turns":5},{"damage":32,"enemies":"Spire Growth","floor":46,"turns":7},{"damage":96,"enemies":"Giant Head","floor":47,"turns":10},{"damage":164,"enemies":"Time Eater","floor":50,"turns":12}],"seed_played":"7316523632384569074","potions_obtained":[{"floor":1,"key":"Block Potion"},{"floor":4,"key":"Ancient Potion"},{"floor":7,"key":"Regen Potion"},{"floor":14,"key":"Fire Potion"},{"floor":16,"key":"Block Potion"},{"floor":18,"key":"Energy Potion"},{"floor":24,"key":"SteroidPotion"},{"floor":28,"key":"Block Potion"},{"floor":29,"key":"FearPotion"},{"floor":31,"key":"FearPotion"},{"floor":35,"key":"Poison Potion"},{"floor":38,"key":"GamblersBrew"},{"floor":41,"key":"Fire Potion"},{"floor":47,"key":"Poison Potion"}],"is_trial":false,"path_per_floor":["M","M","M","M","?","E","M","R","T","M","$","E","R","M","R","B",null,"M","?","?","$","M","R","E","R","T","M","E","M","M","M","R","B",null,"M","$","M","M","?","E","M","R","T","M","M","M","E","$","R"],"character_chosen":"DEFECT","items_purchased":["Toolbox","MawBank","Ornamental Fan","Bird Faced Urn","Strange Spoon","Pear","EssenceOfSteel","Energy Potion"],"campfire_rested":5,"item_purchase_floors":[11,11,36,36,36,36,48,48],"current_hp_per_floor":[75,75,71,73,73,59,53,53,53,58,58,58,58,48,75,75,75,75,40,33,33,49,49,34,71,71,61,44,44,51,46,75,57,75,50,60,77,76,85,42,42,84,84,92,83,79,23,23,65,0],"gold":19,"neow_bonus":"","is_prod":false,"is_daily":true,"chose_seed":false,"campfire_upgraded":3,"win_rate":0,"timestamp":1538942926,"path_taken":["M","?","M","M","?","E","M","R","T","?","$","E","R","M","R","BOSS","M","?","?","$","M","R","E","R","T","?","E","M","M","M","R","BOSS","M","$","M","M","?","E","M","R","T","?","M","M","E","?","R","BOSS"],"build_version":"2018-10-04v2","purchased_purges":1,"victory":false,"max_hp_per_floor":[75,75,75,75,75,75,75,75,75,75,75,75,75,75,75,75,75,75,75,75,75,75,75,75,75,75,75,75,75,75,75,75,75,75,75,85,85,85,85,92,92,92,92,92,92,92,92,92,92,92],"card_choices":[{"not_picked":["Body Slam"],"picked":"Storm","floor":1},{"not_picked":["Cleave"],"picked":"Distraction","floor":2},{"not_picked":["Streamline"],"picked":"Shrug It Off","floor":3},{"not_picked":["Dagger Spray"],"picked":"Body Slam","floor":4},{"not_picked":["Dagger Spray"],"picked":"Coolheaded","floor":6},{"not_picked":["Perfected Strike"],"picked":"Flying Knee","floor":7},{"not_picked":["Outmaneuver"],"picked":"Metallicize","floor":10},{"not_picked":["Deadly Poison"],"picked":"Ghostly Armor","floor":12},{"not_picked":["Clothesline"],"picked":"Hologram","floor":14},{"not_picked":["Backflip"],"picked":"Dodge and Roll","floor":15},{"not_picked":["Bludgeon"],"picked":"Corpse Explosion","floor":16},{"not_picked":["Eviscerate"],"picked":"Doom and Gloom","floor":18},{"not_picked":["Iron Wave"],"picked":"Dual Wield","floor":22},{"not_picked":["PiercingWail"],"picked":"Steam Power+1","floor":24},{"not_picked":["Outmaneuver"],"picked":"Ghostly Armor","floor":25},{"not_picked":["Iron Wave"],"picked":"Feel No Pain","floor":27},{"not_picked":["Heavy Blade"],"picked":"Masterful Stab","floor":27},{"not_picked":["Havoc"],"picked":"Skewer+1","floor":28},{"not_picked":["Chaos"],"picked":"Heatsinks+1","floor":29},{"not_picked":["Underhanded Strike+1"],"picked":"Shrug It Off+1","floor":29},{"not_picked":["Terror"],"picked":"Go for the Eyes","floor":30},{"not_picked":["Clothesline"],"picked":"Armaments","floor":30},{"not_picked":["Hologram"],"picked":"Perfected Strike+1","floor":31},{"not_picked":["Cold Snap+1"],"picked":"Compile Driver+1","floor":31},{"not_picked":["Iron Wave"],"picked":"Juggernaut","floor":32},{"not_picked":["Demon Form"],"picked":"Echo Form","floor":33},{"not_picked":["Barrage"],"picked":"Self Repair","floor":35},{"not_picked":["Blade Dance"],"picked":"Cloak And Dagger+1","floor":35},{"not_picked":["Well Laid Plans+1"],"picked":"Sunder+1","floor":37},{"not_picked":["Wild Strike"],"picked":"Darkness+1","floor":37},{"not_picked":["Gash"],"picked":"Cloak And Dagger+1","floor":38},{"not_picked":["Headbutt"],"picked":"Flying Knee+1","floor":38},{"not_picked":["Sword Boomerang+1"],"picked":"Acrobatics+1","floor":39},{"not_picked":["Pummel"],"picked":"Steam","floor":40},{"not_picked":["Thunderclap+1"],"picked":"Reinforced Body+1","floor":41},{"not_picked":["Body Slam"],"picked":"Armaments+1","floor":41},{"not_picked":["Outmaneuver"],"picked":"Demon Form","floor":42},{"not_picked":["Wild Strike+1"],"picked":"Infinite Blades","floor":44},{"not_picked":["Quick Slash"],"picked":"Headbutt+1","floor":44},{"not_picked":["Twin Strike+1"],"picked":"Fire Breathing","floor":45},{"not_picked":["Outmaneuver+1"],"picked":"Sweeping Beam+1","floor":45},{"not_picked":["Bane"],"picked":"Fusion+1","floor":46},{"not_picked":["Twin Strike"],"picked":"Barrage","floor":46},{"not_picked":["Blizzard+1"],"picked":"Barricade","floor":47},{"not_picked":["Bane"],"picked":"Headbutt+1","floor":49}],"player_experience":59597,"relics_obtained":[{"floor":6,"key":"FossilizedHelix"},{"floor":9,"key":"Regal Pillow"},{"floor":12,"key":"Dream Catcher"},{"floor":17,"key":"Meat on the Bone"},{"floor":17,"key":"Thread and Needle"},{"floor":17,"key":"War Paint"},{"floor":24,"key":"Prayer Wheel"},{"floor":26,"key":"The Courier"},{"floor":28,"key":"Ginger"},{"floor":39,"key":"Nunchaku"},{"floor":40,"key":"Strawberry"},{"floor":43,"key":"Pantograph"},{"floor":47,"key":"Omamori"}],"event_choices":[{"event_name":"Liars Game","player_choice":"agreed","floor":5,"damage_taken":0},{"event_name":"Knowing Skull","player_choice":"CARD CARD CARD CARD ","floor":19,"damage_taken":0},{"event_name":"FaceTrader","player_choice":"Touch","floor":20,"damage_taken":0},{"event_name":"MindBloom","player_choice":"Fight","floor":39,"damage_taken":0}],"is_beta":false,"boss_relics":[{"not_picked":["Philosopher\u0027s Stone","Pandora\u0027s Box"],"picked":"Calling Bell"},{"not_picked":["Snecko Eye","Astrolabe"],"picked":"Lizard Tail"}],"items_purged_floors":[48],"is_endless":false,"potions_floor_spawned":[1,4,7,14,16,18,24,28,29,31,35,38,41,47],"killed_by":"Time Eater","ascension_level":0}