{"gold_per_floor":[119,119,119,133,152,152,179,179,179,190,204,204,174,194,194,293,293,304,324,334,382,402,66,66,86,86,105,105,121,121,141,141,141],"floor_reached":33,"playtime":3636,"items_purged":["Defend_G"],"score":253,"play_id":"44985231-025e-498a-ac4d-affe0d514e3f","local_time":"20190606224323","is_ascension_mode":false,"campfire_choices":[{"floor":6,"key":"REST"},{"floor":8,"key":"REST"},{"floor":12,"key":"RECALL"},{"floor":15,"key":"REST"},{"floor":24,"key":"REST"},{"floor":28,"key":"REST"},{"floor":30,"key":"REST"},{"data":"Catalyst","floor":32,"key":"SMITH"}],"neow_cost":"NONE","seed_source_timestamp":13459808150193,"circlet_count":0,"master_deck":["Defend_G+1","Defend_G","Defend_G+1","Defend_G","Strike_G","Strike_G","Strike_G","Strike_G","Survivor","Neutralize","Backflip+1","Leg Sweep","Dagger Throw","Bouncing Flask","PiercingWail","Corpse Explosion","Sucker Punch","Heel Hook","Catalyst+1","Well Laid Plans","Crippling Poison","Dodge and Roll+1","Poisoned Stab+1","Deflect+1","PiercingWail","Quick Slash+1"],"relics":["Ring of the Snake","Boot","Ancient Tea Set","Orrery","War Paint","Kunai","Mummified Hand"],"potions_floor_usage":[16,16,20,25,25,33,33],"damage_taken":[{"damage":0,"enemies":"Small Slimes","floor":1,"turns":4},{"damage":0,"enemies":"Cultist","floor":4,"turns":4},{"damage":0,"enemies":"Jaw Worm","floor":5,"turns":3},{"damage":38,"enemies":"Lagavulin","floor":7,"turns":18},{"damage":0,"enemies":"Red Slaver","floor":10,"turns":5},{"damage":2,"enemies":"Gremlin Gang","floor":11,"turns":7},{"damage":0,"enemies":"2 Fungi Beasts","floor":14,"turns":5},{"damage":2,"enemies":"The Guardian","floor":16,"turns":10},{"damage":3,"enemies":"Chosen","floor":18,"turns":6},{"damage":0,"enemies":"3 Byrds","floor":19,"turns":6},{"damage":33,"enemies":"Cultist and Chosen","floor":20,"turns":10},{"damage":8,"enemies":"Snake Plant","floor":22,"turns":6},{"damage":21,"enemies":"Sentry and Sphere","floor":25,"turns":6},{"damage":4,"enemies":"Centurion and Healer","floor":27,"turns":6},{"damage":0,"enemies":"Snake Plant","floor":29,"turns":3},{"damage":0,"enemies":"Snecko","floor":31,"turns":4},{"damage":71,"enemies":"Champ","floor":33,"turns":17}],"seed_played":"5570359400655884159","potions_obtained":[{"floor":10,"key":"Strength Potion"},{"floor":13,"key":"Weak Potion"},{"floor":13,"key":"AttackPotion"},{"floor":16,"key":"Energy Potion"},{"floor":22,"key":"Regen Potion"},{"floor":25,"key":"EssenceOfSteel"},{"floor":27,"key":"Strength Potion"}],"is_trial":false,"path_per_floor":["M","?","?","M","M","R","E","R","T","M","M","R","?","M","R","B",null,"M","M","M","T","M","$","R","M","T","M","R","M","R","M","R","B"],"character_chosen":"THE_SILENT","items_purchased":["Kunai"],"campfire_rested":6,"item_purchase_floors":[23],"current_hp_per_floor":[70,52,52,52,52,70,32,53,53,53,51,51,51,51,70,68,70,67,67,34,34,26,26,47,41,41,37,58,58,70,70,70,0],"gold":141,"neow_bonus":"REMOVE_CARD","is_prod":false,"is_daily":false,"chose_seed":false,"campfire_upgraded":1,"win_rate":1,"timestamp":1559875403,"path_taken":["M","?","?","M","M","R","E","R","T","?","M","R","?","M","R","BOSS","M","M","M","?","M","$","R","?","T","?","R","M","R","M","R","BOSS"],"build_version":"2019-01-23","purchased_purges":1,"victory":false,"max_hp_per_floor":[70,70,70,70,70,70,70,70,70,70,70,70,70,70,70,70,70,70,70,70,70,70,70,70,70,70,70,70,70,70,70,70,70],"card_choices":[{"not_picked":["Quick Slash","Acrobatics"],"picked":"Backflip","floor":1},{"not_picked":["Slice","Prepared"],"picked":"Leg Sweep","floor":4},{"not_picked":["Bane","Choke","Deadly Poison"],"picked":"SKIP","floor":5},{"not_picked":["Bane","Backflip"],"picked":"Dagger Throw","floor":7},{"not_picked":["Choke","Catalyst"],"picked":"Bouncing Flask","floor":10},{"not_picked":["Deadly Poison","Outmaneuver"],"picked":"PiercingWail","floor":11},{"not_picked":["Calculated Gamble","Phantasmal Killer","Blade Dance"],"picked":"SKIP","floor":14},{"not_picked":["Night Terror","Wraith Form v2"],"picked":"Corpse Explosion","floor":16},{"not_picked":["Deadly Poison","Dash"],"picked":"Sucker Punch","floor":17},{"not_picked":["Sucker Punch","Skewer"],"picked":"Heel Hook","floor":17},{"not_picked":["Choke","Tactician"],"picked":"Catalyst","floor":17},{"not_picked":["Poisoned Stab","All Out Attack"],"picked":"Well Laid Plans","floor":17},{"not_picked":["Slice","Dagger Throw"],"picked":"Crippling Poison","floor":17},{"not_picked":["Infinite Blades","Flying Knee"],"picked":"Dodge and Roll+1","floor":18},{"not_picked":["Blade Dance+1","Dagger Throw","Malaise"],"picked":"SKIP","floor":19},{"not_picked":["Bouncing Flask","PiercingWail"],"picked":"Poisoned Stab+1","floor":20},{"not_picked":["Underhanded Strike","Choke+1","Riddle With Holes+1"],"picked":"SKIP","floor":22},{"not_picked":["Flying Knee","Backflip"],"picked":"Deflect+1","floor":25},{"not_picked":["Dagger Spray","Blade Dance"],"picked":"PiercingWail","floor":27},{"not_picked":["Reflex","Deadly Poison","Expertise"],"picked":"SKIP","floor":29},{"not_picked":["Terror","Leg Sweep"],"picked":"Quick Slash+1","floor":31}],"player_experience":37244,"relics_obtained":[{"floor":7,"key":"Ancient Tea Set"},{"floor":21,"key":"War Paint"},{"floor":26,"key":"Mummified Hand"}],"event_choices":[{"damage_healed":0,"gold_gain":0,"player_choice":"Success","damage_taken":18,"relics_obtained":["Boot"],"max_hp_gain":0,"max_hp_loss":0,"event_name":"Scrap Ooze","floor":2,"gold_loss":0},{"damage_healed":0,"gold_gain":0,"player_choice":"Upgraded","damage_taken":0,"max_hp_gain":0,"max_hp_loss":0,"event_name":"Upgrade Shrine","floor":3,"gold_loss":0,"cards_upgraded":["Backflip"]},{"damage_healed":0,"gold_gain":0,"player_choice":"Bought 2 Potions","damage_taken":0,"max_hp_gain":0,"max_hp_loss":0,"event_name":"The Woman in Blue","floor":13,"gold_loss":0}],"is_beta":false,"boss_relics":[{"not_picked":["Tiny House","Runic Dome"],"picked":"Orrery"}],"items_purged_floors":[23],"is_endless":false,"potions_floor_spawned":[10,14,16,22,25,27],"killed_by":"Champ","ascension_level":0}