{"gold_per_floor":[19,37,37,37,48,82,82,109,135,160,160,110,110,127,127,223,223,237,337,353,155,174,174,174,184,184,27,27,62,76,76,76,171,171,186,204,204,29,0,0,29,29,99,131,148,148,174,174,174,174,174,174,26,53,53],"floor_reached":55,"playtime":3015,"items_purged":["Strike_G","Strike_G","Strike_G"],"score":1026,"play_id":"ae1a914b-37b3-4f3e-a529-7c74c2ac51ce","local_time":"20190617221852","is_ascension_mode":true,"campfire_choices":[{"data":"Noxious Fumes","floor":7.0,"key":"SMITH"},{"floor":11.0,"key":"REST"},{"data":"Backflip","floor":15.0,"key":"SMITH"},{"data":"Survivor","floor":23.0,"key":"SMITH"},{"floor":28.0,"key":"REST"},{"floor":32.0,"key":"RECALL"},{"data":"Footwork","floor":40.0,"key":"SMITH"},{"data":"Burst","floor":42.0,"key":"SMITH"},{"floor":49,"key":"REST"},{"data":"Bullet Time","floor":52,"key":"SMITH"}],"neow_cost":"NO_GOLD","seed_source_timestamp":0,"circlet_count":0,"master_deck":["Defend_G","Defend_G","Defend_G","Defend_G","Survivor+1","Neutralize+1","Flying Knee","Cloak And Dagger","Escape Plan+1","Noxious Fumes+1","PiercingWail","Backflip+1","Doppelganger+1","Escape Plan+1","Deadly Poison+1","Noxious Fumes","Bane","Neutralize+1","Cloak And Dagger+1","Prepared+1","Burst+1","Catalyst+1","Acrobatics+1","Footwork+1","PiercingWail+1","Leg Sweep","Crippling Poison+1","Writhe","Bullet Time+1","Deadly Poison","Cloak And Dagger"],"special_seed":0,"relics":["Ring of the Serpent","The Specimen","Oddly Smooth Stone","Lantern","Happy Flower","Whetstone","Empty Cage","War Paint","Blood Vial","Red Mask","Ornamental Fan","Bottled Flame","Blue Candle","Frozen Egg 2","Dodecahedron","Bag of Marbles"],"potions_floor_usage":[54,55],"damage_taken":[{"damage":4.0,"enemies":"Small Slimes","floor":1.0,"turns":4.0},{"damage":3.0,"enemies":"Jaw Worm","floor":2.0,"turns":4.0},{"damage":1.0,"enemies":"Cultist","floor":5.0,"turns":4.0},{"damage":16.0,"enemies":"3 Sentries","floor":6.0,"turns":7.0},{"damage":24.0,"enemies":"Lagavulin","floor":8.0,"turns":8.0},{"damage":21.0,"enemies":"Gremlin Nob","floor":10.0,"turns":4.0},{"damage":0.0,"enemies":"3 Louse","floor":14.0,"turns":3.0},{"damage":7.0,"enemies":"Hexaghost","floor":16.0,"turns":9.0},{"damage":18.0,"enemies":"Spheric Guardian","floor":18.0,"turns":5.0},{"damage":2.0,"enemies":"3 Byrds","floor":20.0,"turns":6.0},{"damage":11.0,"enemies":"Sentry and Sphere","floor":22.0,"turns":4.0},{"damage":2.0,"enemies":"Centurion and Healer","floor":25.0,"turns":5.0},{"damage":0.0,"enemies":"Book of Stabbing","floor":29.0,"turns":6.0},{"damage":10.0,"enemies":"Cultist and Chosen","floor":30.0,"turns":5.0},{"damage":24.0,"enemies":"Champ","floor":33.0,"turns":11.0},{"damage":16.0,"enemies":"3 Darklings","floor":35.0,"turns":6.0},{"damage":3.0,"enemies":"Orb Walker","floor":36.0,"turns":4.0},{"damage":5.0,"enemies":"Nemesis","floor":41.0,"turns":7.0},{"damage":6.0,"enemies":"Giant Head","floor":44.0,"turns":7.0},{"damage":20.0,"enemies":"Spire Growth","floor":45.0,"turns":6.0},{"damage":21,"enemies":"Nemesis","floor":47,"turns":7},{"damage":26,"enemies":"Donu and Deca","floor":50,"turns":10},{"damage":14,"enemies":"Shield and Spear","floor":54,"turns":6},{"damage":61,"enemies":"The Heart","floor":55,"turns":3}],"seed_played":"6242665688612385327","potions_obtained":[{"floor":2.0,"key":"FairyPotion"},{"floor":4.0,"key":"Poison Potion"},{"floor":4.0,"key":"PowerPotion"},{"floor":8.0,"key":"EssenceOfSteel"},{"floor":18.0,"key":"GhostInAJar"},{"floor":22.0,"key":"GamblersBrew"},{"floor":33.0,"key":"Strength Potion"},{"floor":35.0,"key":"Explosive Potion"},{"floor":41.0,"key":"SpeedPotion"}],"is_trial":false,"path_per_floor":["M","M","?","?","M","E","R","E","T","E","R","?","?","M","R","B",null,"M","?","M","$","M","R","?","M","T","$","R","E","M","$","R","B",null,"M","M","?","$","?","R","E","R","T","E","M","?","E","T","R","B",null,"R","$","E","B"],"character_chosen":"THE_SILENT","items_purchased":["Noxious Fumes","Fire Potion","War Paint","Footwork","Deadly Poison"],"campfire_rested":3,"item_purchase_floors":[21,21,27,38,53],"current_hp_per_floor":[59,56,56,56,55,39,39,15,15,7,28,28,25,25,25,18,57,39,39,37,37,26,26,26,24,24,24,45,45,37,37,37,15,56,42,41,41,41,41,41,38,38,38,34,16,34,15,15,36,12,56,56,56,44,0],"gold":53,"neow_bonus":"ONE_RARE_RELIC","is_prod":false,"is_daily":false,"chose_seed":false,"campfire_upgraded":6,"win_rate":0,"timestamp":1560835132,"path_taken":["M","M","?","?","?","E","R","E","T","E","R","?","?","M","R","BOSS","M","?","?","$","M","R","?","M","T","$","R","E","M","?","R","BOSS","M","M","?","$","?","R","E","R","T","E","M","?","E","?","R","BOSS","R","$","E","BOSS"],"build_version":"2019-01-23","purchased_purges":3,"victory":false,"max_hp_per_floor":[70,70,70,70,70,70,70,70,70,70,70,70,70,70,70,70,70,70,70,70,70,70,70,70,70,70,70,70,70,70,70,70,70,70,70,70,70,70,70,70,70,70,70,70,70,70,70,70,70,70,70,70,70,70,70],"card_choices":[{"not_picked":["Blade Dance","Dagger Spray"],"picked":"Flying Knee","floor":1.0},{"not_picked":["Deadly Poison","Quick Slash"],"picked":"Cloak And Dagger","floor":2.0},{"not_picked":["Setup","Sucker Punch"],"picked":"Escape Plan","floor":5.0},{"not_picked":["Burst","Eviscerate"],"picked":"Noxious Fumes","floor":6.0},{"not_picked":["Doppelganger","Escape Plan"],"picked":"Poisoned Stab","floor":8.0},{"not_picked":["Poisoned Stab","Quick Slash"],"picked":"PiercingWail","floor":10.0},{"not_picked":["Noxious Fumes","PiercingWail"],"picked":"Backflip","floor":14.0},{"not_picked":["Die Die Die","A Thousand Cuts"],"picked":"Doppelganger","floor":16.0},{"not_picked":["Backstab","Dagger Spray+1"],"picked":"Escape Plan+1","floor":18.0},{"not_picked":["Choke","Caltrops"],"picked":"Deadly Poison+1","floor":20.0},{"not_picked":["Heel Hook","Deflect"],"picked":"Bane","floor":22.0},{"not_picked":["Underhanded Strike","Flechettes","Dagger Spray"],"picked":"SKIP","floor":25.0},{"not_picked":["Venomology","Dagger Spray"],"picked":"Cloak And Dagger+1","floor":29.0},{"not_picked":["Finisher+1","Cloak And Dagger"],"picked":"Prepared+1","floor":30.0},{"not_picked":["Tools of the Trade","Wraith Form v2"],"picked":"Burst","floor":33.0},{"not_picked":["Quick Slash+1","Dagger Throw+1"],"picked":"Catalyst+1","floor":35.0},{"not_picked":["Dagger Throw+1","Backflip"],"picked":"Acrobatics+1","floor":36.0},{"not_picked":["Poisoned Stab+1","Slice"],"picked":"PiercingWail+1","floor":41.0},{"not_picked":["Quick Slash","A Thousand Cuts"],"picked":"Leg Sweep","floor":44.0},{"not_picked":["Concentrate","Slice+1"],"picked":"Crippling Poison+1","floor":45.0},{"not_picked":["Expertise","Skewer+1"],"picked":"Bullet Time","floor":47},{"not_picked":["Terror","Sucker Punch"],"picked":"Cloak And Dagger","floor":54}],"player_experience":341660,"relics_obtained":[{"floor":6.0,"key":"Oddly Smooth Stone"},{"floor":8.0,"key":"Lantern"},{"floor":9.0,"key":"Happy Flower"},{"floor":10.0,"key":"Whetstone"},{"floor":29.0,"key":"Blood Vial"},{"floor":41.0,"key":"Ornamental Fan"},{"floor":43.0,"key":"Bottled Flame"},{"floor":44.0,"key":"Blue Candle"},{"floor":47,"key":"Frozen Egg 2"},{"floor":48,"key":"Dodecahedron"},{"floor":54,"key":"Bag of Marbles"}],"event_choices":[{"damage_healed":0.0,"max_hp_gain":0.0,"max_hp_loss":0.0,"gold_gain":0.0,"event_name":"Liars Game","player_choice":"Ignored","floor":3.0,"gold_loss":0.0,"damage_taken":0.0},{"damage_healed":0.0,"max_hp_gain":0.0,"max_hp_loss":0.0,"gold_gain":0.0,"event_name":"Lab","player_choice":"Got Potions","floor":4.0,"gold_loss":0.0,"damage_taken":0.0},{"cards_removed":["Strike_G"],"damage_healed":0.0,"max_hp_gain":0.0,"max_hp_loss":0.0,"gold_gain":0.0,"event_name":"The Cleric","player_choice":"Card Removal","floor":12.0,"gold_loss":50.0,"damage_taken":0.0},{"damage_healed":0.0,"max_hp_gain":0.0,"max_hp_loss":0.0,"gold_gain":0.0,"event_name":"Scrap Ooze","player_choice":"Fled","floor":13.0,"gold_loss":0.0,"damage_taken":3.0},{"damage_healed":0.0,"max_hp_gain":0.0,"max_hp_loss":0.0,"gold_gain":100.0,"event_name":"Golden Shrine","player_choice":"Pray","floor":19.0,"gold_loss":0.0,"damage_taken":0.0},{"damage_healed":0.0,"max_hp_gain":0.0,"max_hp_loss":0.0,"gold_gain":0.0,"event_name":"Duplicator","player_choice":"Copied","floor":24.0,"gold_loss":0.0,"damage_taken":0.0,"cards_obtained":["Neutralize"]},{"cards_removed":["Poisoned Stab"],"damage_healed":0.0,"max_hp_gain":0.0,"max_hp_loss":0.0,"gold_gain":0.0,"event_name":"Falling","player_choice":"Removed Attack","floor":37.0,"gold_loss":0.0,"damage_taken":0.0},{"damage_healed":0.0,"max_hp_gain":0.0,"max_hp_loss":0.0,"gold_gain":0.0,"event_name":"Tomb of Lord Red Mask","player_choice":"Paid","floor":39.0,"gold_loss":29.0,"damage_taken":0.0,"relics_obtained":["Red Mask"]},{"damage_healed":18.0,"max_hp_gain":0.0,"max_hp_loss":0.0,"gold_gain":0.0,"event_name":"Winding Halls","player_choice":"Writhe","floor":46.0,"gold_loss":0.0,"damage_taken":0.0,"cards_obtained":["Writhe"]}],"is_beta":false,"boss_relics":[{"not_picked":["Eternal Feather","WristBlade"],"picked":"Empty Cage"},{"not_picked":["Tiny House","Lizard Tail"],"picked":"Ring of the Serpent"}],"items_purged_floors":[21,38,53],"is_endless":false,"potions_floor_spawned":[2,5,8,18,22,30,33,35,41,47],"killed_by":"The Heart","ascension_level":6}