{"gold_per_floor":[217,217,240,14,14,14,14,37,37,37,51,51,72,88,88,209,209,230,32,32,47,61,61],"floor_reached":23,"playtime":1659,"items_purged":["Defend_B","Strike_B"],"score":183,"play_id":"45678dbe-5ec8-4c01-9b7a-f97126df18cf","local_time":"20190615211653","is_ascension_mode":false,"campfire_choices":[{"floor":6.0,"key":"REST"},{"floor":12.0,"key":"REST"},{"floor":15.0,"key":"REST"}],"neow_cost":"NONE","seed_source_timestamp":0,"circlet_count":0,"master_deck":["Strike_B","Strike_B","Strike_B","Defend_B","Defend_B","Defend_B","Zap","Dualcast","Hologram","Ball Lightning","Beam Cell","Conserve Battery","Machine Learning+1","Conserve Battery","Redo+1","Streamline"],"special_seed":0,"relics":["Cracked Core","Golden Idol","Omamori","The Courier","Potion Belt","Incense Burner","Black Star","Bag of Marbles"],"potions_floor_usage":[22],"damage_taken":[{"damage":0.0,"enemies":"Small Slimes","floor":1.0,"turns":3.0},{"damage":1.0,"enemies":"2 Louse","floor":3.0,"turns":2.0},{"damage":6.0,"enemies":"Jaw Worm","floor":8.0,"turns":3.0},{"damage":21.0,"enemies":"Exordium Thugs","floor":11.0,"turns":4.0},{"damage":12.0,"enemies":"Gremlin Gang","floor":13.0,"turns":4.0},{"damage":9.0,"enemies":"3 Louse","floor":14.0,"turns":3.0},{"damage":28.0,"enemies":"Slime Boss","floor":16.0,"turns":9.0},{"damage":15.0,"enemies":"Shell Parasite","floor":18.0,"turns":7.0},{"damage":0,"enemies":"Spheric Guardian","floor":21,"turns":5},{"damage":14,"enemies":"3 Cultists","floor":22,"turns":7},{"damage":47,"enemies":"Gremlin Leader","floor":23,"turns":5}],"seed_played":"5831738290166085887","potions_obtained":[{"floor":1.0,"key":"Poison Potion"},{"floor":11.0,"key":"Poison Potion"},{"floor":16.0,"key":"Energy Potion"},{"floor":21,"key":"Dexterity Potion"}],"is_trial":false,"path_per_floor":["M","?","M","$","?","R","?","M","T","$","M","R","M","M","R","B",null,"M","$","?","M","M","E"],"character_chosen":"DEFECT","items_purchased":["Omamori","Bag of Marbles"],"campfire_rested":3,"item_purchase_floors":[4,19],"current_hp_per_floor":[75,57,56,56,56,75,68,62,62,62,41,63,51,42,64,36,75,60,60,60,60,46,0],"gold":61,"neow_bonus":"HUNDRED_GOLD","is_prod":false,"is_daily":false,"chose_seed":false,"campfire_upgraded":0,"win_rate":0,"timestamp":1560647813,"path_taken":["M","?","M","$","?","R","?","M","T","?","M","R","M","M","R","BOSS","M","$","?","M","M","E"],"build_version":"2019-01-23","purchased_purges":2,"victory":false,"max_hp_per_floor":[75,75,75,75,75,75,75,75,75,75,75,75,75,75,75,75,75,75,75,75,75,75,75],"card_choices":[{"not_picked":["Scrape","Sunder","Turbo"],"picked":"SKIP","floor":1.0},{"not_picked":["Redo","Hello World"],"picked":"Hologram","floor":3.0},{"not_picked":["Leap","Steam"],"picked":"Ball Lightning","floor":8.0},{"not_picked":["Hologram","Scrape","Reprogram"],"picked":"SKIP","floor":11.0},{"not_picked":["Hologram","Turbo"],"picked":"Beam Cell","floor":13.0},{"not_picked":["Lockon","Coolheaded"],"picked":"Conserve Battery","floor":14.0},{"not_picked":["Reboot","Core Surge"],"picked":"Machine Learning","floor":16.0},{"not_picked":["Steam","Sweeping Beam"],"picked":"Conserve Battery","floor":18.0},{"not_picked":["Coolheaded","Turbo+1"],"picked":"Redo+1","floor":21},{"not_picked":["Rip and Tear","Cold Snap"],"picked":"Streamline","floor":22}],"player_experience":80388,"relics_obtained":[{"floor":9.0,"key":"Incense Burner"}],"event_choices":[{"damage_healed":0.0,"max_hp_gain":0.0,"max_hp_loss":0.0,"gold_gain":0.0,"event_name":"Golden Idol","player_choice":"Take Damage","floor":2.0,"gold_loss":0.0,"damage_taken":18.0,"relics_obtained":["Golden Idol"]},{"damage_healed":0.0,"max_hp_gain":0.0,"max_hp_loss":0.0,"gold_gain":0.0,"event_name":"Big Fish","player_choice":"Box","floor":5.0,"gold_loss":0.0,"damage_taken":0.0,"relics_obtained":["The Courier"],"cards_obtained":["Regret"]},{"damage_healed":0.0,"max_hp_gain":0.0,"max_hp_loss":0.0,"gold_gain":0.0,"event_name":"Scrap Ooze","player_choice":"Success","floor":7.0,"gold_loss":0.0,"damage_taken":7.0,"relics_obtained":["Potion Belt"]},{"damage_healed":0,"gold_gain":0,"player_choice":"Forge","damage_taken":0,"max_hp_gain":0,"max_hp_loss":0,"event_name":"Accursed Blacksmith","floor":20,"gold_loss":0,"cards_upgraded":["Machine Learning"]}],"is_beta":false,"boss_relics":[{"not_picked":["Philosopher\u0027s Stone","Sozu"],"picked":"Black Star"}],"items_purged_floors":[4,19],"is_endless":false,"potions_floor_spawned":[1,11,16,21],"killed_by":"Gremlin Leader","ascension_level":0}