{"gold_per_floor":[113,113,188,199,53,53,79,89,89,118,128,128,149,166,166,166],"floor_reached":16,"playtime":978,"items_purged":[],"score":110,"play_id":"c76dc431-1347-42e5-bff3-dafd747d9967","local_time":"20181002014547","is_ascension_mode":false,"campfire_choices":[{"data":"Cleave","floor":6,"key":"SMITH"},{"data":"Reaper","floor":12,"key":"SMITH"},{"data":"Rampage","floor":15,"key":"SMITH"}],"neow_cost":"","seed_source_timestamp":1376207437015654,"circlet_count":0,"master_deck":["Strike_R","Strike_R","Strike_R","Strike_R","Defend_R","Defend_R","Defend_R","Defend_R","Bash","Cleave+1","Headbutt","Rampage+1","Reaper+1","Pommel Strike","Perfected Strike","Disarm","Perfected Strike"],"relics":["Burning Blood","Anchor","Pantograph","Matryoshka","Question Card","Odd Mushroom"],"potions_floor_usage":[10,13,13],"damage_taken":[{"damage":0,"enemies":"2 Louse","floor":1,"turns":3},{"damage":1,"enemies":"Jaw Worm","floor":4,"turns":4},{"damage":15,"enemies":"Gremlin Nob","floor":7,"turns":4},{"damage":2,"enemies":"Small Slimes","floor":8,"turns":3},{"damage":26,"enemies":"3 Sentries","floor":10,"turns":6},{"damage":2,"enemies":"Blue Slaver","floor":11,"turns":2},{"damage":16,"enemies":"The Mushroom Lair","floor":13,"turns":4},{"damage":0,"enemies":"3 Louse","floor":14,"turns":2},{"damage":91,"enemies":"Slime Boss","floor":16,"turns":8}],"seed_played":"5704014848755663412","potions_obtained":[{"floor":1,"key":"Fire Potion"},{"floor":10,"key":"Strength Potion"},{"floor":11,"key":"Regen Potion"}],"is_trial":false,"path_per_floor":["M","?","?","M","$","R","E","M","T","E","M","R","?","M","R"],"character_chosen":"IRONCLAD","items_purchased":["Anchor"],"campfire_rested":0,"item_purchase_floors":[5],"current_hp_per_floor":[80,73,62,67,67,67,58,62,62,54,58,58,73,79,79,0],"gold":166,"neow_bonus":"","is_prod":false,"is_daily":false,"chose_seed":false,"campfire_upgraded":3,"win_rate":0.0,"timestamp":1538466347,"path_taken":["M","?","?","M","$","R","E","M","T","E","M","R","?","M","R","BOSS"],"build_version":"2018-09-27","purchased_purges":0,"victory":false,"max_hp_per_floor":[80,80,80,80,80,80,80,80,80,80,80,80,80,80,80,80],"card_choices":[{"not_picked":["Rampage","Heavy Blade"],"picked":"Cleave","floor":1},{"not_picked":["Anger","Sword Boomerang"],"picked":"Headbutt","floor":4},{"not_picked":["Clothesline","Pummel"],"picked":"Rampage","floor":7},{"not_picked":["Perfected Strike","Clothesline"],"picked":"Reaper","floor":8},{"not_picked":["Cleave","Twin Strike"],"picked":"Pommel Strike","floor":10},{"not_picked":["Flex","Iron Wave","Inflame"],"picked":"Perfected Strike","floor":11},{"not_picked":["Armaments","Dropkick","Twin Strike"],"picked":"Disarm","floor":13},{"not_picked":["Uppercut","Body Slam","Corruption"],"picked":"Perfected Strike","floor":14}],"player_experience":38735,"relics_obtained":[{"floor":7,"key":"Pantograph"},{"floor":9,"key":"Matryoshka"},{"floor":10,"key":"Question Card"},{"floor":13,"key":"Odd Mushroom"}],"event_choices":[{"event_name":"Golden Wing","player_choice":"Card Removal","floor":2,"damage_taken":0},{"event_name":"World of Goop","player_choice":"Gather Gold","floor":3,"damage_taken":0},{"event_name":"Mushrooms","player_choice":"Fought Mushrooms","floor":13,"damage_taken":0}],"is_beta":false,"boss_relics":[],"items_purged_floors":[],"is_endless":false,"potions_floor_spawned":[1,10,11],"killed_by":"Slime Boss","ascension_level":0}