{"gold_per_floor":[112,132,132,132,147,147,166,199,199,212,229,229,245,257,257,355,355,366,385,397,408,82,82,109,126,178,192,192,192,92,107,107,202,202,216,216],"floor_reached":36,"playtime":6182,"items_purged":["Defend_G","Decay"],"score":392,"play_id":"674f56bd-62d4-47ec-b9f3-0bf140b7b9e0","local_time":"20190613221946","is_ascension_mode":false,"campfire_choices":[{"floor":6.0,"key":"REST"},{"floor":12.0,"key":"RECALL"},{"data":"Footwork","floor":15.0,"key":"SMITH"},{"floor":23,"key":"REST"},{"floor":29,"key":"REST"},{"floor":32,"key":"REST"}],"neow_cost":"NONE","seed_source_timestamp":0,"circlet_count":0,"master_deck":["Defend_G","Defend_G","Defend_G","Defend_G","Strike_G","Strike_G+1","Strike_G","Strike_G","Survivor","Neutralize","Cloak And Dagger","Backflip+1","Predator","Flying Knee","Backflip","Reflex","Sucker Punch","Tactician","Footwork+1","Malaise","Dagger Throw+1","Sucker Punch","Flying Knee","Underhanded Strike","Slice","Finisher+1","Caltrops","Dagger Throw+1","Adrenaline","Flechettes+1","Terror","Underhanded Strike","Infinite Blades+1","After Image"],"special_seed":0,"relics":["HoveringKite","Bird Faced Urn","Runic Pyramid","Kunai","Sundial","Oddly Smooth Stone","Orrery"],"potions_floor_usage":[27,31,31,33],"damage_taken":[{"damage":1.0,"enemies":"Jaw Worm","floor":1.0,"turns":8.0},{"damage":6.0,"enemies":"Cultist","floor":2.0,"turns":6.0},{"damage":1.0,"enemies":"Small Slimes","floor":5.0,"turns":3.0},{"damage":2.0,"enemies":"Blue Slaver","floor":7.0,"turns":3.0},{"damage":9.0,"enemies":"Lagavulin","floor":8.0,"turns":7.0},{"damage":0.0,"enemies":"Looter","floor":10.0,"turns":3.0},{"damage":1.0,"enemies":"Large Slime","floor":11.0,"turns":6.0},{"damage":0.0,"enemies":"3 Louse","floor":13.0,"turns":4.0},{"damage":0.0,"enemies":"Looter","floor":14.0,"turns":3.0},{"damage":13.0,"enemies":"The Guardian","floor":16.0,"turns":13.0},{"damage":0.0,"enemies":"Chosen","floor":18.0,"turns":6.0},{"damage":5.0,"enemies":"3 Byrds","floor":19.0,"turns":8.0},{"damage":4,"enemies":"3 Cultists","floor":20,"turns":8},{"damage":28,"enemies":"Snake Plant","floor":21,"turns":8},{"damage":41,"enemies":"Gremlin Leader","floor":24,"turns":18},{"damage":6,"enemies":"Sentry and Sphere","floor":25,"turns":7},{"damage":0,"enemies":"Snecko","floor":27,"turns":4},{"damage":11,"enemies":"Shelled Parasite and Fungi","floor":31,"turns":5},{"damage":20,"enemies":"Champ","floor":33,"turns":16},{"damage":0,"enemies":"3 Shapes","floor":35,"turns":5},{"damage":79,"enemies":"2 Orb Walkers","floor":36,"turns":5}],"seed_played":"2928221575077500759","potions_obtained":[{"floor":1.0,"key":"GamblersBrew"},{"floor":5.0,"key":"Swift Potion"},{"floor":7.0,"key":"Swift Potion"},{"floor":11.0,"key":"LiquidBronze"},{"floor":24,"key":"Energy Potion"},{"floor":25,"key":"Ancient Potion"},{"floor":27,"key":"PowerPotion"},{"floor":31,"key":"AttackPotion"}],"is_trial":false,"path_per_floor":["M","M","?","?","M","R","M","E","T","M","M","R","M","M","R","B",null,"M","M","M","M","$","R","E","M","T","M","?","R","$","M","R","B",null,"M","?"],"character_chosen":"THE_SILENT","items_purchased":["Kunai"],"campfire_rested":4,"item_purchase_floors":[22],"current_hp_per_floor":[69,63,49,49,48,69,67,58,58,58,57,57,57,57,57,46,70,70,65,63,37,37,58,19,15,15,17,17,38,38,33,54,38,70,70,0],"gold":216,"neow_bonus":"BOSS_RELIC","is_prod":false,"is_daily":false,"chose_seed":false,"campfire_upgraded":1,"win_rate":0,"timestamp":1560478786,"path_taken":["M","M","?","?","M","R","M","E","T","M","?","R","M","M","R","BOSS","M","M","?","M","$","R","E","M","T","M","?","R","$","M","R","BOSS","M","?"],"build_version":"2019-01-23","purchased_purges":2,"victory":false,"max_hp_per_floor":[70,70,70,70,70,70,70,70,70,70,70,70,70,70,70,70,70,70,70,70,70,70,70,70,70,70,70,70,70,70,70,70,70,70,70,70],"card_choices":[{"not_picked":["Finisher","Slice"],"picked":"Cloak And Dagger","floor":1.0},{"not_picked":["Cloak And Dagger","Blur"],"picked":"Backflip","floor":2.0},{"not_picked":["Wraith Form v2","Prepared"],"picked":"Flying Knee","floor":5.0},{"not_picked":["Dodge and Roll","Expertise"],"picked":"Backflip","floor":7.0},{"not_picked":["Deadly Poison","Dagger Throw"],"picked":"Reflex","floor":8.0},{"not_picked":["Flying Knee","Distraction","Blade Dance"],"picked":"SKIP","floor":10.0},{"not_picked":["Acrobatics","Backflip"],"picked":"Sucker Punch","floor":11.0},{"not_picked":["Cloak And Dagger","Blade Dance"],"picked":"Tactician","floor":13.0},{"not_picked":["Deadly Poison","Blade Dance"],"picked":"Footwork","floor":14.0},{"not_picked":["Glass Knife","Tools of the Trade"],"picked":"Malaise","floor":16.0},{"not_picked":["Quick Slash","Backstab"],"picked":"Dagger Throw+1","floor":18.0},{"not_picked":["Backflip","Catalyst"],"picked":"Sucker Punch","floor":19},{"not_picked":["Predator","Deflect"],"picked":"Flying Knee","floor":20},{"not_picked":["Poisoned Stab+1","Cloak And Dagger"],"picked":"Underhanded Strike","floor":21},{"not_picked":["Backflip","Backstab"],"picked":"Slice","floor":24},{"not_picked":["Tactician","Skewer+1"],"picked":"Finisher+1","floor":25},{"not_picked":["Slice+1","Deflect"],"picked":"Caltrops","floor":27},{"not_picked":["Acrobatics","Prepared+1"],"picked":"Dagger Throw+1","floor":31},{"not_picked":["Glass Knife","Wraith Form v2"],"picked":"Adrenaline","floor":33},{"not_picked":["Prepared","Outmaneuver"],"picked":"Flechettes+1","floor":34},{"not_picked":["Blade Dance","Well Laid Plans"],"picked":"Terror","floor":34},{"not_picked":["Flying Knee","Blade Dance"],"picked":"Underhanded Strike","floor":34},{"not_picked":["Flechettes","Accuracy"],"picked":"Infinite Blades+1","floor":34},{"not_picked":["Backflip+1","Cloak And Dagger"],"picked":"After Image","floor":35}],"player_experience":67526,"relics_obtained":[{"floor":8.0,"key":"Bird Faced Urn"},{"floor":24,"key":"Sundial"},{"floor":26,"key":"Oddly Smooth Stone"}],"event_choices":[{"damage_healed":0.0,"max_hp_gain":0.0,"max_hp_loss":0.0,"gold_gain":0.0,"event_name":"Shining Light","player_choice":"Entered Light","floor":3.0,"gold_loss":0.0,"damage_taken":14.0,"cards_upgraded":["Backflip","Strike_G"]},{"damage_healed":0.0,"max_hp_gain":0.0,"max_hp_loss":0.0,"gold_gain":0.0,"cards_transformed":["Strike_G"],"event_name":"Transmorgrifier","player_choice":"Transformed","floor":4.0,"gold_loss":0.0,"damage_taken":0.0,"cards_obtained":["Predator"]},{"damage_healed":0,"gold_gain":0,"player_choice":"Smashed Altar","damage_taken":0,"max_hp_gain":0,"max_hp_loss":0,"event_name":"Forgotten Altar","floor":28,"gold_loss":0,"cards_obtained":["Decay"]},{"damage_healed":0,"gold_gain":0,"player_choice":"Fight","damage_taken":0,"max_hp_gain":0,"max_hp_loss":0,"event_name":"Mysterious Sphere","floor":36,"gold_loss":0}],"is_beta":false,"boss_relics":[{"not_picked":["Lizard Tail","Sozu"],"picked":"Runic Pyramid"},{"not_picked":["Velvet Choker","WristBlade"],"picked":"Orrery"}],"items_purged_floors":[22,30],"is_endless":false,"potions_floor_spawned":[1,5,7,11,24,25,27,31],"killed_by":"2 Orb Walkers","ascension_level":0}