{"gold_per_floor":[114,129,144,144,159,189,204,219,294,294,309,309,339,339,339,439,439,454,469,484,499,514,544,544,559,559,559,190,190,220,235,235,335,335,350,365,20,35,50,50,50,65,65,95,110,210,240,255,255,255],"floor_reached":51,"playtime":3355,"items_purged":[],"score":1117,"play_id":"6a10125d-d6f6-4f7a-bde0-ce65c472664d","local_time":"20181117001432","daily_mods":["Heirloom","Hoarder","Night Terrors"],"is_ascension_mode":false,"campfire_choices":[{"data":"Clash","floor":12,"key":"SMITH"},{"data":"Body Slam","floor":15,"key":"SMITH"},{"floor":24,"key":"REST"},{"data":"Inflame","floor":27,"key":"SMITH"},{"data":"Flex","floor":32,"key":"SMITH"},{"data":"1","floor":40,"key":"LIFT"},{"data":"2","floor":49,"key":"LIFT"}],"neow_cost":"","seed_source_timestamp":0,"circlet_count":0,"master_deck":["Strike_R","Strike_R","Strike_R","Strike_R","Strike_R","Defend_R","Defend_R","Defend_R","Defend_R","Bash","Body Slam+1","Body Slam","Body Slam","Clash+1","Clash","Clash","Rage","Rage","Rage","True Grit","True Grit","Entrench+1","Entrench","Entrench","Cleave","Cleave","Cleave","Iron Wave","Iron Wave","Iron Wave","Pummel","Pummel","Pummel","Infernal Blade+1","Infernal Blade","Infernal Blade","Anger","Anger","Anger","Feed","Feed","Feed","Cleave","Cleave","Cleave","Reaper","Reaper","Reaper","Body Slam","Body Slam","Body Slam","Twin Strike","Twin Strike","Twin Strike","Anger+1","Anger+1","Anger+1","Inflame+1","Inflame","Inflame","Shockwave+1","Shockwave+1","Shockwave+1","Rage","Rage","Rage","Perfected Strike","Perfected Strike","Perfected Strike","Second Wind","Second Wind","Second Wind","Flex+1","Flex","Flex","Good Instincts","Good Instincts","Good Instincts","Spot Weakness","Spot Weakness","Spot Weakness","Inflame","Inflame","Inflame","Demon Form","Demon Form","Demon Form","Sword Boomerang+1","Sword Boomerang+1","Sword Boomerang+1","Twin Strike","Twin Strike","Twin Strike","Impervious","Impervious","Impervious","Clash","Clash","Clash","Headbutt","Headbutt","Headbutt","Perfected Strike+1","Perfected Strike+1","Perfected Strike+1","Flex+1","Flex+1","Flex+1","Clash","Clash","Clash","Shrug It Off+1","Shrug It Off+1","Shrug It Off+1","Iron Wave+1","Iron Wave+1","Iron Wave+1","Anger","Anger","Anger","Heavy Blade","Heavy Blade","Heavy Blade"],"special_seed":17852,"relics":["Burning Blood","Ice Cream","Mercury Hourglass","The Courier","Calipers","Pen Nib","Lizard Tail","Charon\u0027s Ashes","Lantern","Bag of Preparation","War Paint","Coffee Dripper","Girya","Toxic Egg 2","Dream Catcher","Magic Flower","Bottled Lightning"],"potions_floor_usage":[16,22,23,35,35,48,50,50,50],"damage_taken":[{"damage":0,"enemies":"2 Louse","floor":1,"turns":3},{"damage":5,"enemies":"Cultist","floor":2,"turns":4},{"damage":6,"enemies":"Jaw Worm","floor":3,"turns":2},{"damage":0,"enemies":"3 Louse","floor":5,"turns":5},{"damage":14,"enemies":"3 Sentries","floor":6,"turns":5},{"damage":8,"enemies":"Red Slaver","floor":7,"turns":2},{"damage":0,"enemies":"Looter","floor":8,"turns":3},{"damage":2,"enemies":"Blue Slaver","floor":11,"turns":4},{"damage":0,"enemies":"Gremlin Nob","floor":13,"turns":2},{"damage":31,"enemies":"The Guardian","floor":16,"turns":10},{"damage":20,"enemies":"2 Thieves","floor":18,"turns":4},{"damage":0,"enemies":"Chosen","floor":19,"turns":4},{"damage":33,"enemies":"Snecko","floor":20,"turns":5},{"damage":39,"enemies":"Snake Plant","floor":21,"turns":5},{"damage":5,"enemies":"Chosen and Byrds","floor":22,"turns":4},{"damage":41,"enemies":"Slavers","floor":23,"turns":5},{"damage":5,"enemies":"Cultist and Chosen","floor":25,"turns":3},{"damage":17,"enemies":"Gremlin Leader","floor":30,"turns":4},{"damage":9,"enemies":"Snake Plant","floor":31,"turns":3},{"damage":19,"enemies":"Collector","floor":33,"turns":5},{"damage":9,"enemies":"3 Shapes","floor":35,"turns":3},{"damage":0,"enemies":"Orb Walker","floor":36,"turns":2},{"damage":33,"enemies":"Writhing Mass","floor":38,"turns":4},{"damage":19,"enemies":"Jaw Worm Horde","floor":39,"turns":2},{"damage":0,"enemies":"3 Darklings","floor":42,"turns":2},{"damage":28,"enemies":"Reptomancer","floor":44,"turns":3},{"damage":4,"enemies":"Sphere and 2 Shapes","floor":45,"turns":3},{"damage":41,"enemies":"Mind Bloom Boss Battle","floor":46,"turns":4},{"damage":19,"enemies":"Giant Head","floor":47,"turns":5},{"damage":13,"enemies":"4 Shapes","floor":48,"turns":2},{"damage":37,"enemies":"Time Eater","floor":50,"turns":6}],"seed_played":"-3427943864636333063","potions_obtained":[{"floor":2,"key":"Weak Potion"},{"floor":7,"key":"BloodPotion"},{"floor":8,"key":"Fire Potion"},{"floor":22,"key":"SkillPotion"},{"floor":30,"key":"Explosive Potion"},{"floor":31,"key":"Strength Potion"},{"floor":35,"key":"Fruit Juice"},{"floor":42,"key":"Dexterity Potion"},{"floor":47,"key":"Poison Potion"},{"floor":48,"key":"Poison Potion"}],"is_trial":false,"path_per_floor":["M","M","M","?","M","E","M","M","T","?","M","R","E","?","R","B",null,"M","M","M","M","M","E","R","M","T","R","$","?","E","M","R","B",null,"M","M","$","M","M","R","?","M","T","E","M","?","E","M","R","B",null],"character_chosen":"IRONCLAD","items_purchased":["Rage","Perfected Strike","Bag of Preparation","Second Wind","Flex","Good Instincts","Girya","Impervious","Clash"],"campfire_rested":1,"item_purchase_floors":[28,28,28,28,28,28,37,37,37],"current_hp_per_floor":[80,80,80,80,80,72,70,76,76,51,55,55,61,61,61,36,80,69,78,51,21,25,29,87,87,87,87,87,87,79,76,76,63,90,92,98,98,71,61,61,61,67,67,69,94,59,49,45,45,32],"gold":255,"neow_bonus":"","is_prod":false,"is_daily":true,"chose_seed":false,"campfire_upgraded":4,"win_rate":0,"timestamp":1542438872,"path_taken":["M","M","M","?","M","E","M","?","T","?","M","R","E","?","R","BOSS","M","M","M","M","M","E","R","M","T","R","$","?","E","M","R","BOSS","M","M","$","M","M","R","?","M","T","E","M","?","E","M","R","BOSS"],"build_version":"2018-11-15","purchased_purges":0,"victory":true,"max_hp_per_floor":[80,80,80,80,80,80,80,80,80,80,80,80,80,80,80,80,80,83,86,86,89,89,92,87,87,87,87,87,87,90,90,90,90,90,95,98,98,98,101,101,101,101,101,101,104,104,104,104,104,104],"card_choices":[{"not_picked":["Flex","Clothesline"],"picked":"Body Slam","floor":1},{"not_picked":["Spot Weakness","Immolate"],"picked":"Clash","floor":2},{"not_picked":["Thunderclap","Havoc"],"picked":"Rage","floor":3},{"not_picked":["Anger","Sentinel"],"picked":"Cleave","floor":5},{"not_picked":["Heavy Blade","Corruption"],"picked":"Iron Wave","floor":6},{"not_picked":["Infernal Blade","Warcry"],"picked":"Pummel","floor":7},{"not_picked":["Whirlwind","Headbutt"],"picked":"Infernal Blade","floor":8},{"not_picked":["Headbutt","Ghostly Armor"],"picked":"Anger","floor":11},{"not_picked":["Thunderclap","Armaments","Barricade"],"picked":"SKIP","floor":13},{"not_picked":["Brutality","Double Tap"],"picked":"Feed","floor":16},{"not_picked":["Havoc","Anger"],"picked":"Cleave","floor":18},{"not_picked":["Cleave","Headbutt"],"picked":"Reaper","floor":19},{"not_picked":["Pommel Strike","Intimidate"],"picked":"Body Slam","floor":20},{"not_picked":["Headbutt","Feel No Pain"],"picked":"Twin Strike","floor":21},{"not_picked":["Iron Wave","Body Slam"],"picked":"Anger+1","floor":22},{"not_picked":["Whirlwind","Clothesline"],"picked":"Inflame","floor":23},{"not_picked":["Armaments","Cleave"],"picked":"Shockwave+1","floor":25},{"not_picked":["Dark Embrace","Ghostly Armor"],"picked":"Spot Weakness","floor":30},{"not_picked":["True Grit+1","Fire Breathing"],"picked":"Inflame","floor":31},{"not_picked":["Barricade","Bludgeon"],"picked":"Demon Form","floor":33},{"not_picked":["Pommel Strike","Inflame"],"picked":"Sword Boomerang+1","floor":35},{"not_picked":["Seeing Red+1","Thunderclap+1"],"picked":"Twin Strike","floor":36},{"not_picked":["Second Wind","Whirlwind"],"picked":"Headbutt","floor":38},{"not_picked":["Headbutt+1","Reckless Charge+1"],"picked":"Perfected Strike+1","floor":39},{"not_picked":["Clothesline+1","True Grit+1"],"picked":"Flex+1","floor":42},{"not_picked":["Ghostly Armor+1","Wild Strike+1"],"picked":"Clash","floor":44},{"not_picked":["True Grit+1","Berserk"],"picked":"Shrug It Off+1","floor":45},{"not_picked":["Anger","Body Slam"],"picked":"Iron Wave+1","floor":46},{"not_picked":["Burning Pact+1","Ghostly Armor+1"],"picked":"Anger","floor":47},{"not_picked":["Wild Strike","Headbutt+1"],"picked":"Heavy Blade","floor":48}],"player_experience":143824,"relics_obtained":[{"floor":6,"key":"Mercury Hourglass"},{"floor":9,"key":"The Courier"},{"floor":13,"key":"Pen Nib"},{"floor":23,"key":"Charon\u0027s Ashes"},{"floor":26,"key":"Lantern"},{"floor":30,"key":"War Paint"},{"floor":43,"key":"Toxic Egg 2"},{"floor":44,"key":"Dream Catcher"},{"floor":46,"key":"Magic Flower"},{"floor":47,"key":"Bottled Lightning"}],"event_choices":[{"damage_healed":0,"gold_gain":0,"player_choice":"2 cards matched","damage_taken":0,"max_hp_gain":0,"max_hp_loss":0,"event_name":"Match and Keep!","floor":4,"gold_loss":0,"cards_obtained":["True Grit","Entrench"]},{"damage_healed":0,"gold_gain":0,"player_choice":"Success","damage_taken":25,"relics_obtained":["Calipers"],"max_hp_gain":0,"max_hp_loss":0,"event_name":"Scrap Ooze","floor":10,"gold_loss":0},{"damage_healed":0,"gold_gain":0,"player_choice":"Bought 0 Potions","damage_taken":0,"max_hp_gain":0,"max_hp_loss":0,"event_name":"The Woman in Blue","floor":14,"gold_loss":0},{"damage_healed":0,"gold_gain":0,"player_choice":"Ignored","damage_taken":0,"max_hp_gain":0,"max_hp_loss":0,"event_name":"Beggar","floor":29,"gold_loss":0},{"cards_removed":["True Grit"],"damage_healed":0,"gold_gain":0,"player_choice":"Removed Skill","damage_taken":0,"max_hp_gain":0,"max_hp_loss":0,"event_name":"Falling","floor":41,"gold_loss":0},{"damage_healed":0,"gold_gain":0,"player_choice":"Fight","damage_taken":0,"max_hp_gain":0,"max_hp_loss":0,"event_name":"MindBloom","floor":46,"gold_loss":0}],"is_beta":false,"boss_relics":[{"not_picked":["Busted Crown","Calling Bell"],"picked":"Lizard Tail"},{"not_picked":["Runic Cube","Mark of Pain"],"picked":"Coffee Dripper"}],"items_purged_floors":[],"is_endless":false,"potions_floor_spawned":[2,7,8,22,30,31,33,35,42,47,48],"ascension_level":0}