{"gold_per_floor":[110,110,188,188,198,198,232,232,232,232,244,277,277,34,34,110,110,128,43,61,61,77,77,89,89,89,89,106,106],"floor_reached":29,"playtime":775,"items_purged":["Strike_R"],"score":562,"play_id":"14ee92f6-1f65-45e5-abc5-9089df4341c1","local_time":"20190514224244","is_ascension_mode":true,"campfire_choices":[{"data":"Bash","floor":6.0,"key":"SMITH"},{"floor":8,"key":"REST"},{"data":"Shockwave","floor":10,"key":"SMITH"},{"floor":13,"key":"REST"},{"data":"Clothesline","floor":15,"key":"SMITH"},{"data":"Fiend Fire","floor":23,"key":"SMITH"},{"data":"Reaper","floor":25,"key":"SMITH"},{"data":"1","floor":27,"key":"LIFT"}],"neow_cost":"NONE","seed_source_timestamp":105393776187700,"circlet_count":0,"master_deck":["AscendersBane","Strike_R","Strike_R","Defend_R","Defend_R","Defend_R","Defend_R","Bash+1","Carnage","Burning Pact","Shockwave+1","Clothesline+1","Fiend Fire+1","Reaper+1","Pommel Strike","Armaments"],"special_seed":0,"relics":["Burning Blood","Mummified Hand","Pocketwatch","Strawberry","Charon\u0027s Ashes","Omamori","Empty Cage","Dodecahedron","Girya"],"potions_floor_usage":[7,7,18,24,29],"damage_taken":[{"damage":7.0,"enemies":"2 Louse","floor":1.0,"turns":3.0},{"damage":7.0,"enemies":"Jaw Worm","floor":5.0,"turns":3.0},{"damage":26,"enemies":"Lagavulin","floor":7,"turns":5},{"damage":12,"enemies":"Small Slimes","floor":11,"turns":3},{"damage":24,"enemies":"Gremlin Nob","floor":12,"turns":4},{"damage":0,"enemies":"Slime Boss","floor":16,"turns":3},{"damage":7,"enemies":"Shell Parasite","floor":18,"turns":3},{"damage":19,"enemies":"2 Thieves","floor":20,"turns":3},{"damage":18,"enemies":"Snake Plant","floor":22,"turns":3},{"damage":9,"enemies":"Chosen and Byrds","floor":24,"turns":4},{"damage":34,"enemies":"Shelled Parasite and Fungi","floor":28,"turns":3},{"damage":61,"enemies":"Slavers","floor":29,"turns":6}],"seed_played":"3763419170014394664","potions_obtained":[{"floor":1.0,"key":"FearPotion"},{"floor":5.0,"key":"Dexterity Potion"},{"floor":16,"key":"SkillPotion"},{"floor":18,"key":"Fire Potion"},{"floor":20,"key":"Dexterity Potion"},{"floor":24,"key":"GamblersBrew"},{"floor":28,"key":"Regen Potion"}],"is_trial":false,"path_per_floor":["M","?","?","?","M","R","E","R","T","R","M","E","R","$","R","B",null,"M","?","M","?","M","R","M","R","T","R","M","E"],"character_chosen":"IRONCLAD","items_purchased":["Omamori"],"campfire_rested":2,"item_purchase_floors":[14],"current_hp_per_floor":[74,39,39,39,38,38,18,42,49,49,43,25,51,51,51,57,81,80,80,67,59,47,47,50,50,50,50,28,0],"gold":106,"neow_bonus":"TEN_PERCENT_HP_BONUS","is_prod":false,"is_daily":false,"chose_seed":false,"campfire_upgraded":5,"win_rate":0,"timestamp":1557866564,"path_taken":["M","?","?","?","?","R","E","R","T","R","M","E","R","$","R","BOSS","M","?","M","?","M","R","M","R","T","R","M","E"],"build_version":"2019-05-07","purchased_purges":1,"victory":false,"max_hp_per_floor":[82,82,82,82,82,82,82,82,89,89,89,89,89,89,89,89,89,89,89,89,89,89,89,89,89,89,89,89,89],"card_choices":[{"not_picked":["Headbutt","Iron Wave"],"picked":"Carnage","floor":1.0},{"not_picked":["Warcry","Flex"],"picked":"Burning Pact","floor":5.0},{"not_picked":["Hemokinesis","True Grit"],"picked":"Shockwave","floor":7},{"not_picked":["Entrench","Second Wind"],"picked":"Clothesline","floor":11},{"not_picked":["Searing Blow","Heavy Blade"],"picked":"Fiend Fire","floor":12},{"not_picked":["Immolate","Brutality"],"picked":"Reaper","floor":16},{"not_picked":["Rupture+1","Uppercut"],"picked":"Pommel Strike","floor":18},{"not_picked":["Fire Breathing","Whirlwind"],"picked":"Armaments","floor":20},{"not_picked":["Body Slam","Clothesline","Searing Blow"],"picked":"SKIP","floor":22},{"not_picked":["Second Wind","Wild Strike","Evolve"],"picked":"SKIP","floor":24},{"not_picked":["Twin Strike","Pummel","Rampage"],"picked":"SKIP","floor":28}],"player_experience":708124,"relics_obtained":[{"floor":7,"key":"Pocketwatch"},{"floor":9,"key":"Strawberry"},{"floor":12,"key":"Charon\u0027s Ashes"},{"floor":26,"key":"Girya"}],"event_choices":[{"damage_healed":0.0,"max_hp_gain":0.0,"max_hp_loss":0.0,"gold_gain":0.0,"event_name":"Scrap Ooze","player_choice":"Success","floor":2.0,"gold_loss":0.0,"damage_taken":35.0,"relics_obtained":["Mummified Hand"]},{"damage_healed":0.0,"max_hp_gain":0.0,"max_hp_loss":0.0,"gold_gain":78.0,"event_name":"Golden Wing","player_choice":"Gained Gold","floor":3.0,"gold_loss":0.0,"damage_taken":0.0},{"damage_healed":0.0,"max_hp_gain":0.0,"max_hp_loss":0.0,"gold_gain":0.0,"event_name":"Liars Game","player_choice":"Ignored","floor":4.0,"gold_loss":0.0,"damage_taken":0.0},{"damage_healed":0,"gold_gain":0,"player_choice":"Obtained Relic","damage_taken":0,"relics_obtained":["Dodecahedron"],"max_hp_gain":0,"max_hp_loss":0,"event_name":"Addict","floor":19,"gold_loss":85},{"damage_healed":0,"gold_gain":0,"player_choice":"","damage_taken":8,"max_hp_gain":0,"max_hp_loss":0,"event_name":"Knowing Skull","floor":21,"potions_obtained":[],"gold_loss":0,"cards_obtained":[]}],"is_beta":true,"boss_relics":[{"not_picked":["Runic Pyramid","White Beast Statue"],"picked":"Empty Cage"}],"items_purged_floors":[14],"is_endless":false,"potions_floor_spawned":[1,5,16,18,20,24,28],"killed_by":"Slavers","ascension_level":20}