{"gold_per_floor":[114,134,134,145,161,176,194,211,259,270,301,320,320,331,331,429,429,448,461,478,490,503,503],"floor_reached":23,"playtime":2245,"items_purged":[],"score":205,"play_id":"87ccd261-febe-4637-ba37-2ee12f6c5d56","local_time":"20181001202919","is_ascension_mode":false,"campfire_choices":[{"floor":15,"key":"REST"}],"neow_cost":"PERCENT_DAMAGE","seed_source_timestamp":1355951445049240,"circlet_count":0,"master_deck":["Defend_G","Defend_G","Defend_G","Strike_G","Strike_G","Strike_G","Strike_G","Survivor","Neutralize","Endless Agony","All Out Attack+1","Quick Slash","Escape Plan","Dagger Spray","Endless Agony","Outmaneuver","PiercingWail","Outmaneuver","Quick Slash","Deadly Poison","Night Terror","Quick Slash","All Out Attack","PiercingWail+1","Crippling Poison","Infinite Blades"],"relics":["Ring of the Snake","Strawberry","Mercury Hourglass","Coffee Dripper"],"potions_floor_usage":[11,12,16,18,18,18,19,19,20,23],"damage_taken":[{"damage":0,"enemies":"Cultist","floor":1,"turns":4},{"damage":0,"enemies":"Jaw Worm","floor":2,"turns":3},{"damage":0,"enemies":"2 Louse","floor":4,"turns":1},{"damage":2,"enemies":"Looter","floor":5,"turns":3},{"damage":13,"enemies":"Large Slime","floor":6,"turns":5},{"damage":0,"enemies":"3 Louse","floor":7,"turns":2},{"damage":0,"enemies":"Lots of Slimes","floor":8,"turns":2},{"damage":0,"enemies":"Blue Slaver","floor":10,"turns":3},{"damage":4,"enemies":"3 Sentries","floor":11,"turns":3},{"damage":3,"enemies":"Exordium Wildlife","floor":12,"turns":3},{"damage":0,"enemies":"Large Slime","floor":14,"turns":3},{"damage":23,"enemies":"Hexaghost","floor":16,"turns":10},{"damage":9,"enemies":"Spheric Guardian","floor":18,"turns":4},{"damage":2,"enemies":"2 Thieves","floor":19,"turns":2},{"damage":9,"enemies":"Centurion and Healer","floor":20,"turns":4},{"damage":9,"enemies":"Chosen and Byrds","floor":21,"turns":6},{"damage":10,"enemies":"Cultist and Chosen","floor":22,"turns":4},{"damage":39,"enemies":"Book of Stabbing","floor":23,"turns":6}],"seed_played":"4716021111555515231","potions_obtained":[{"floor":1,"key":"Poison Potion"},{"floor":5,"key":"Fire Potion"},{"floor":7,"key":"Regen Potion"},{"floor":11,"key":"EntropicBrew"},{"floor":14,"key":"PowerPotion"},{"floor":16,"key":"SpeedPotion"},{"floor":18,"key":"AttackPotion"},{"floor":21,"key":"Swift Potion"}],"is_trial":false,"path_per_floor":["M","M","?","M","M","M","M","M","T","M","E","M","?","M","R","B",null,"M","M","M","M","M"],"character_chosen":"THE_SILENT","items_purchased":[],"campfire_rested":1,"item_purchase_floors":[],"current_hp_per_floor":[49,49,49,49,47,34,34,34,41,41,37,43,36,36,59,36,77,68,66,57,48,38,0],"gold":503,"neow_bonus":"REMOVE_TWO","is_prod":false,"is_daily":false,"chose_seed":false,"campfire_upgraded":0,"win_rate":0.0,"timestamp":1538447359,"path_taken":["M","M","?","M","M","M","M","M","T","M","E","M","?","M","R","BOSS","M","M","M","M","M","E"],"build_version":"2018-09-27","purchased_purges":0,"victory":false,"max_hp_per_floor":[70,70,70,70,70,70,70,70,77,77,77,77,77,77,77,77,77,77,77,77,77,77,77],"card_choices":[{"not_picked":["Caltrops","Acrobatics"],"picked":"Endless Agony","floor":1},{"not_picked":["Prepared","Flying Knee"],"picked":"All Out Attack","floor":2},{"not_picked":["Caltrops","Bane"],"picked":"Quick Slash","floor":4},{"not_picked":["Caltrops","Riddle With Holes"],"picked":"Escape Plan","floor":5},{"not_picked":["Slice","Underhanded Strike"],"picked":"Dagger Spray","floor":6},{"not_picked":["Bane","Doppelganger"],"picked":"Endless Agony","floor":7},{"not_picked":["Underhanded Strike","Dagger Throw"],"picked":"Outmaneuver","floor":8},{"not_picked":["Sucker Punch","Dash"],"picked":"PiercingWail","floor":10},{"not_picked":["Expertise","Riddle With Holes"],"picked":"Outmaneuver","floor":11},{"not_picked":["Noxious Fumes","Dagger Throw"],"picked":"Quick Slash","floor":12},{"not_picked":["Eviscerate","Choke"],"picked":"Deadly Poison","floor":14},{"not_picked":["Venomology","Wraith Form v2"],"picked":"Night Terror","floor":16},{"not_picked":["Well Laid Plans","Backflip"],"picked":"Quick Slash","floor":18},{"not_picked":["Underhanded Strike","Backflip"],"picked":"All Out Attack","floor":19},{"not_picked":["Eviscerate+1","Terror"],"picked":"PiercingWail+1","floor":20},{"not_picked":["Blade Dance","Choke"],"picked":"Crippling Poison","floor":21},{"not_picked":["Calculated Gamble","Distraction"],"picked":"Infinite Blades","floor":22}],"player_experience":18689,"relics_obtained":[{"floor":9,"key":"Strawberry"},{"floor":11,"key":"Mercury Hourglass"}],"event_choices":[{"event_name":"Living Wall","player_choice":"Grow","floor":3,"damage_taken":0},{"event_name":"Golden Wing","player_choice":"Card Removal","floor":13,"damage_taken":0}],"is_beta":false,"boss_relics":[{"not_picked":["Philosopher\u0027s Stone","Cursed Key"],"picked":"Coffee Dripper"}],"items_purged_floors":[],"is_endless":false,"potions_floor_spawned":[1,5,7,11,14,16,18,21],"killed_by":"Book of Stabbing","ascension_level":0}