{"gold_per_floor":[118,133,146,146,11,74,74,91,115,149,160,160,194,214,214,313,313,323,313,35,54,73,105,105,125,194,204,229,229,242,59,59,162,162,180,196,247,262,63,63,97,115,115,144,72,83,117,127,127,127],"floor_reached":51,"playtime":4930,"items_purged":["Parasite"],"score":1264,"play_id":"a300d1c6-c88d-4967-8e78-88b3851be0a3","local_time":"20190606081613","is_ascension_mode":true,"campfire_choices":[{"data":"Envenom","floor":7,"key":"SMITH"},{"data":"After Image","floor":15,"key":"SMITH"},{"data":"Adrenaline","floor":24,"key":"SMITH"},{"floor":29,"key":"REST"},{"data":"Apotheosis","floor":32,"key":"SMITH"},{"floor":40,"key":"REST"},{"floor":49,"key":"REST"}],"neow_cost":"NONE","seed_source_timestamp":1404596574521006,"circlet_count":0,"master_deck":["Defend_G","Defend_G","Defend_G","Defend_G","Defend_G","Strike_G","Survivor","Neutralize+1","Infinite Blades","Poisoned Stab","Cloak And Dagger+1","Infinite Blades","Poisoned Stab","Envenom+1","Expertise","Slice","PiercingWail","After Image+1","Well Laid Plans","Adrenaline+1","Poisoned Stab","Blade Dance","Cloak And Dagger","Infinite Blades","Violence","Infinite Blades","Catalyst","Dagger Throw+1","Dodge and Roll","Backstab","Masterful Stab","Bane+1","Apotheosis+1","Malaise","Envenom+1","Footwork+1","Expertise+1","Riddle With Holes+1","Cloak And Dagger","Parasite","Blade Dance","Finisher","Poisoned Stab","Acrobatics+1","Phantasmal Killer","Injury","Terror+1","Footwork","Bane","Endless Agony+1","Escape Plan"],"relics":["Ring of the Snake","Tiny Chest","Bronze Scales","Bag of Preparation","Meat on the Bone","Cursed Key","Happy Flower","Bottled Flame","Pen Nib","Astrolabe","StoneCalendar","Ancient Tea Set","Bottled Tornado","Letter Opener","Paper Crane"],"potions_floor_usage":[6,8,16,23,36,37,38,44,50,50,50],"damage_taken":[{"damage":2,"enemies":"Small Slimes","floor":1,"turns":4},{"damage":1,"enemies":"Jaw Worm","floor":2,"turns":5},{"damage":0,"enemies":"Cultist","floor":3,"turns":5},{"damage":12,"enemies":"Gremlin Nob","floor":6,"turns":5},{"damage":0,"enemies":"Blue Slaver","floor":8,"turns":4},{"damage":9,"enemies":"Lagavulin","floor":10,"turns":7},{"damage":0,"enemies":"2 Fungi Beasts","floor":11,"turns":4},{"damage":1,"enemies":"Gremlin Nob","floor":13,"turns":3},{"damage":1,"enemies":"Red Slaver","floor":14,"turns":4},{"damage":18,"enemies":"The Guardian","floor":16,"turns":8},{"damage":0,"enemies":"Spheric Guardian","floor":18,"turns":4},{"damage":10,"enemies":"2 Thieves","floor":19,"turns":4},{"damage":7,"enemies":"Snake Plant","floor":21,"turns":4},{"damage":0,"enemies":"Cultist and Chosen","floor":22,"turns":6},{"damage":8,"enemies":"Slavers","floor":23,"turns":5},{"damage":11,"enemies":"Centurion and Healer","floor":25,"turns":4},{"damage":6,"enemies":"Snake Plant","floor":27,"turns":3},{"damage":5,"enemies":"Book of Stabbing","floor":28,"turns":4},{"damage":10,"enemies":"Sentry and Sphere","floor":30,"turns":4},{"damage":24,"enemies":"Automaton","floor":33,"turns":8},{"damage":0,"enemies":"3 Darklings","floor":35,"turns":6},{"damage":7,"enemies":"3 Shapes","floor":36,"turns":5},{"damage":49,"enemies":"2 Orb Walkers","floor":37,"turns":6},{"damage":0,"enemies":"Writhing Mass","floor":38,"turns":5},{"damage":0,"enemies":"Giant Head","floor":41,"turns":5},{"damage":0,"enemies":"Transient","floor":42,"turns":5},{"damage":19,"enemies":"Reptomancer","floor":44,"turns":4},{"damage":0,"enemies":"3 Darklings","floor":46,"turns":6},{"damage":19,"enemies":"Nemesis","floor":47,"turns":5},{"damage":5,"enemies":"Spire Growth","floor":48,"turns":3},{"damage":36,"enemies":"Awakened One","floor":50,"turns":10}],"seed_played":"-5181830437223497236","potions_obtained":[{"floor":2,"key":"Block Potion"},{"floor":3,"key":"Dexterity Potion"},{"floor":14,"key":"SkillPotion"},{"floor":16,"key":"Ancient Potion"},{"floor":21,"key":"Energy Potion"},{"floor":25,"key":"Strength Potion"},{"floor":27,"key":"SpeedPotion"},{"floor":28,"key":"PowerPotion"},{"floor":37,"key":"Strength Potion"},{"floor":42,"key":"Dexterity Potion"},{"floor":44,"key":"SpeedPotion"},{"floor":46,"key":"Explosive Potion"}],"is_trial":false,"path_per_floor":["M","M","M","?","$","E","R","M","T","E","M","?","E","M","R","B",null,"M","M","$","M","M","E","R","M","T","M","E","R","M","$","R","B",null,"M","M","?","M","$","R","E","M","T","E","$","M","E","M","R","B",null],"character_chosen":"THE_SILENT","items_purchased":["Infinite Blades","Poisoned Stab","Cloak And Dagger","Infinite Blades","Violence","Apotheosis","Finisher","Poisoned Stab","Footwork"],"campfire_rested":3,"item_purchase_floors":[5,5,20,20,20,31,39,39,45],"current_hp_per_floor":[61,60,60,53,53,41,41,41,41,32,32,32,31,42,42,36,62,62,52,52,45,45,37,37,38,38,44,39,60,50,50,50,38,62,62,55,18,30,30,50,50,50,50,43,43,43,36,43,63,39],"gold":127,"neow_bonus":"UPGRADE_CARD","is_prod":false,"is_daily":false,"chose_seed":false,"campfire_upgraded":4,"win_rate":0,"timestamp":1559830573,"path_taken":["M","M","M","?","$","E","R","M","T","E","M","?","E","M","R","BOSS","M","M","$","M","M","E","R","M","T","?","E","R","M","$","R","BOSS","M","M","?","M","$","R","E","M","T","E","$","M","E","M","R","BOSS"],"build_version":"2019-01-23","purchased_purges":1,"victory":true,"max_hp_per_floor":[70,70,70,70,70,70,70,70,70,70,70,70,70,70,70,70,70,70,70,70,70,70,70,70,70,70,70,70,70,70,70,70,70,70,70,70,70,70,67,67,67,67,67,67,67,67,67,67,67,67],"card_choices":[{"not_picked":["Dagger Throw","Dodge and Roll"],"picked":"Infinite Blades","floor":1},{"not_picked":["All Out Attack","Outmaneuver"],"picked":"Poisoned Stab","floor":2},{"not_picked":["Slice","Dodge and Roll"],"picked":"Cloak And Dagger","floor":3},{"not_picked":["Noxious Fumes","Slice"],"picked":"Envenom","floor":6},{"not_picked":["Caltrops","Endless Agony"],"picked":"Expertise","floor":8},{"not_picked":["Reflex","Prepared"],"picked":"Slice","floor":10},{"not_picked":["Sucker Punch","Dagger Throw"],"picked":"PiercingWail","floor":11},{"not_picked":["PiercingWail","Outmaneuver"],"picked":"After Image","floor":13},{"not_picked":["Sucker Punch","Dash"],"picked":"Well Laid Plans","floor":14},{"not_picked":["A Thousand Cuts","Corpse Explosion"],"picked":"Adrenaline","floor":16},{"not_picked":["Deadly Poison","PiercingWail"],"picked":"Poisoned Stab","floor":18},{"not_picked":["Dagger Spray","Prepared"],"picked":"Blade Dance","floor":19},{"not_picked":["Dash","Outmaneuver"],"picked":"Infinite Blades","floor":21},{"not_picked":["Dodge and Roll","Setup"],"picked":"Catalyst","floor":22},{"not_picked":["Underhanded Strike","All Out Attack"],"picked":"Dagger Throw+1","floor":23},{"not_picked":["Underhanded Strike","Prepared"],"picked":"Dodge and Roll","floor":25},{"not_picked":["Skewer","Dodge and Roll"],"picked":"Backstab","floor":27},{"not_picked":["Deflect+1","Dodge and Roll"],"picked":"Masterful Stab","floor":28},{"not_picked":["Blade Dance","Dodge and Roll"],"picked":"Bane+1","floor":30},{"not_picked":["Grand Finale","Storm of Steel"],"picked":"Malaise","floor":33},{"not_picked":["Bane+1","Sucker Punch+1"],"picked":"Riddle With Holes+1","floor":35},{"not_picked":["PiercingWail+1","Sucker Punch+1"],"picked":"Cloak And Dagger","floor":36},{"not_picked":["Prepared","Calculated Gamble"],"picked":"Blade Dance","floor":38},{"not_picked":["Flechettes","Outmaneuver+1"],"picked":"Acrobatics+1","floor":41},{"not_picked":["PiercingWail","Acrobatics"],"picked":"Phantasmal Killer","floor":42},{"not_picked":["Leg Sweep","Dagger Spray"],"picked":"Terror+1","floor":44},{"not_picked":["Crippling Poison+1","Dagger Throw"],"picked":"Bane","floor":46},{"not_picked":["Deadly Poison","Storm of Steel"],"picked":"Endless Agony+1","floor":47},{"not_picked":["Bouncing Flask+1","Calculated Gamble+1"],"picked":"Escape Plan","floor":48}],"player_experience":326220,"relics_obtained":[{"floor":6,"key":"Tiny Chest"},{"floor":9,"key":"Bronze Scales"},{"floor":10,"key":"Bag of Preparation"},{"floor":13,"key":"Meat on the Bone"},{"floor":23,"key":"Happy Flower"},{"floor":26,"key":"Bottled Flame"},{"floor":28,"key":"Pen Nib"},{"floor":37,"key":"StoneCalendar"},{"floor":41,"key":"Ancient Tea Set"},{"floor":43,"key":"Bottled Tornado"},{"floor":44,"key":"Letter Opener"},{"floor":47,"key":"Paper Crane"}],"event_choices":[{"cards_removed":["Strike_G"],"damage_healed":0,"gold_gain":0,"player_choice":"Card Removal","damage_taken":7,"max_hp_gain":0,"max_hp_loss":0,"event_name":"Golden Wing","floor":4,"gold_loss":0},{"damage_healed":0,"gold_gain":0,"player_choice":"Upgraded","damage_taken":0,"max_hp_gain":0,"max_hp_loss":0,"event_name":"Upgrade Shrine","floor":12,"gold_loss":0,"cards_upgraded":["Cloak And Dagger"]},{"damage_healed":0,"gold_gain":0,"player_choice":"Fight","damage_taken":0,"max_hp_gain":0,"max_hp_loss":0,"event_name":"Mysterious Sphere","floor":37,"gold_loss":0}],"is_beta":false,"boss_relics":[{"not_picked":["Ectoplasm","Philosopher\u0027s Stone"],"picked":"Cursed Key"},{"not_picked":["White Beast Statue","Velvet Choker"],"picked":"Astrolabe"}],"items_purged_floors":[39],"is_endless":false,"potions_floor_spawned":[2,3,14,16,21,25,27,28,37,42,44,46],"ascension_level":9}