{"gold_per_floor":[214,231,231,77,96,96,54,67,94,122,134,164,182,182,182,255,255,273,223,223,233,16,16,16,45,45,45,55,83,83,83,83,83],"floor_reached":33,"playtime":1316,"items_purged":["Strike_G"],"score":575,"play_id":"1ba768ab-dd84-474c-91c5-6cea45e17ea2","local_time":"20190613105901","is_ascension_mode":true,"campfire_choices":[{"data":"Neutralize","floor":6.0,"key":"SMITH"},{"floor":15.0,"key":"REST"},{"data":"A Thousand Cuts","floor":23.0,"key":"SMITH"},{"floor":30,"key":"REST"},{"data":"Footwork","floor":32,"key":"SMITH"}],"neow_cost":"NONE","seed_source_timestamp":2338003458300,"circlet_count":0,"master_deck":["AscendersBane","Strike_G","Strike_G","Defend_G","Defend_G","Defend_G","Defend_G","Defend_G","Survivor","Neutralize+1","Dagger Spray","Skewer","Well Laid Plans","Finisher","Footwork+1","Dagger Throw","Slice","Predator","Doppelganger","Slice","Burst","Crippling Poison+1","Dodge and Roll","A Thousand Cuts+1","Deflect+1","Envenom"],"special_seed":0,"relics":["Ring of the Snake","Blood Vial","Bag of Marbles","Lantern","Mango","Black Star","Sling","Mummified Hand","Kunai","Toxic Egg 2","Smiling Mask","Nunchaku","Boot"],"potions_floor_usage":[29,33],"damage_taken":[{"damage":1.0,"enemies":"Small Slimes","floor":1.0,"turns":4.0},{"damage":1.0,"enemies":"Cultist","floor":2.0,"turns":4.0},{"damage":4.0,"enemies":"Jaw Worm","floor":5.0,"turns":4.0},{"damage":7.0,"enemies":"Exordium Thugs","floor":8.0,"turns":5.0},{"damage":30.0,"enemies":"Gremlin Nob","floor":10.0,"turns":4.0},{"damage":0.0,"enemies":"2 Fungi Beasts","floor":11.0,"turns":4.0},{"damage":17.0,"enemies":"3 Sentries","floor":12.0,"turns":7.0},{"damage":0.0,"enemies":"3 Louse","floor":13.0,"turns":1.0},{"damage":35.0,"enemies":"The Guardian","floor":16.0,"turns":15.0},{"damage":3.0,"enemies":"3 Byrds","floor":18.0,"turns":5.0},{"damage":11.0,"enemies":"2 Thieves","floor":19.0,"turns":5.0},{"damage":7.0,"enemies":"3 Cultists","floor":21.0,"turns":5.0},{"damage":29.0,"enemies":"Slavers","floor":25.0,"turns":4.0},{"damage":13,"enemies":"Centurion and Healer","floor":28,"turns":6},{"damage":4,"enemies":"Gremlin Leader","floor":29,"turns":6},{"damage":46,"enemies":"Automaton","floor":33,"turns":8}],"seed_played":"4650800146655772801","potions_obtained":[{"floor":2.0,"key":"SteroidPotion"},{"floor":8.0,"key":"Dexterity Potion"},{"floor":12.0,"key":"SpeedPotion"},{"floor":13.0,"key":"Energy Potion"},{"floor":21.0,"key":"Regen Potion"},{"floor":28,"key":"SpeedPotion"}],"is_trial":false,"path_per_floor":["M","M","?","$","M","R","$","M","T","E","M","E","M","T","R","B",null,"M","M","?","M","$","R","?","E","T","?","M","E","R","T","R","B"],"character_chosen":"THE_SILENT","items_purchased":["Well Laid Plans","Footwork","Sling"],"campfire_rested":2,"item_purchase_floors":[4,7,22],"current_hp_per_floor":[58,57,57,57,53,53,53,46,46,18,20,5,7,21,45,12,63,62,53,45,40,40,40,40,25,25,25,14,12,36,36,36,0],"gold":83,"neow_bonus":"HUNDRED_GOLD","is_prod":false,"is_daily":false,"chose_seed":false,"campfire_upgraded":3,"win_rate":0,"timestamp":1560416341,"path_taken":["M","M","?","$","M","R","?","M","T","E","?","E","M","?","R","BOSS","M","M","?","M","?","R","?","E","T","?","M","E","R","?","R","BOSS"],"build_version":"2019-06-12","purchased_purges":1,"victory":false,"max_hp_per_floor":[66,66,66,66,66,66,66,66,66,66,66,66,66,80,80,80,80,80,80,80,80,80,80,80,80,80,80,80,80,80,80,80,80],"card_choices":[{"not_picked":["Deadly Poison","Leg Sweep"],"picked":"Dagger Spray","floor":1.0},{"not_picked":["Distraction","Sucker Punch"],"picked":"Skewer","floor":2.0},{"not_picked":["Choke","Deflect"],"picked":"Finisher","floor":5.0},{"not_picked":["Dash","Underhanded Strike"],"picked":"Dagger Throw","floor":8.0},{"not_picked":["Underhanded Strike","Flying Knee"],"picked":"Slice","floor":10.0},{"not_picked":["Distraction","Catalyst"],"picked":"Predator","floor":11.0},{"not_picked":["Masterful Stab","Prepared"],"picked":"Doppelganger","floor":12.0},{"not_picked":["Bane","Sucker Punch"],"picked":"Slice","floor":13.0},{"not_picked":["Venomology","Tools of the Trade"],"picked":"Burst","floor":16.0},{"not_picked":["Underhanded Strike","Well Laid Plans"],"picked":"Crippling Poison+1","floor":18.0},{"not_picked":["Dagger Spray","Sucker Punch"],"picked":"Dodge and Roll","floor":19.0},{"not_picked":["Cloak And Dagger","Endless Agony"],"picked":"A Thousand Cuts","floor":21.0},{"not_picked":["Masterful Stab","Dagger Throw","Riddle With Holes"],"picked":"SKIP","floor":25.0},{"not_picked":["Flying Knee","Outmaneuver+1"],"picked":"Deflect+1","floor":28},{"not_picked":["Underhanded Strike","Prepared+1"],"picked":"Envenom","floor":29}],"player_experience":818671,"relics_obtained":[{"floor":9.0,"key":"Blood Vial"},{"floor":10.0,"key":"Bag of Marbles"},{"floor":12.0,"key":"Lantern"},{"floor":14.0,"key":"Mango"},{"floor":25.0,"key":"Mummified Hand"},{"floor":25.0,"key":"Kunai"},{"floor":26.0,"key":"Toxic Egg 2"},{"floor":29,"key":"Smiling Mask"},{"floor":29,"key":"Nunchaku"},{"floor":31,"key":"Boot"}],"event_choices":[{"cards_removed":["Strike_G"],"damage_healed":0.0,"max_hp_gain":0.0,"max_hp_loss":0.0,"gold_gain":0.0,"event_name":"Purifier","player_choice":"Purged","floor":3.0,"gold_loss":0.0,"damage_taken":0.0},{"damage_healed":0.0,"max_hp_gain":0.0,"max_hp_loss":0.0,"gold_gain":0.0,"event_name":"Knowing Skull","player_choice":"","floor":20.0,"potions_obtained":[],"gold_loss":0.0,"damage_taken":8.0,"cards_obtained":[]},{"cards_removed":["Strike_G"],"damage_healed":0.0,"max_hp_gain":0.0,"max_hp_loss":0.0,"gold_gain":0.0,"event_name":"Back to Basics","player_choice":"Elegance","floor":24.0,"gold_loss":0.0,"damage_taken":0.0},{"damage_healed":0.0,"max_hp_gain":0.0,"max_hp_loss":0.0,"gold_gain":0.0,"event_name":"Ghosts","player_choice":"Ignored","floor":27.0,"gold_loss":0.0,"damage_taken":0.0}],"is_beta":true,"boss_relics":[{"not_picked":["Coffee Dripper","Sozu"],"picked":"Black Star"}],"items_purged_floors":[4],"is_endless":false,"potions_floor_spawned":[2,8,12,13,21,28],"killed_by":"Automaton","ascension_level":19}