{"gold_per_floor":[110,127,145,160,178,206,234,234],"floor_reached":8,"playtime":988,"items_purged":[],"score":78,"play_id":"21c464aa-d936-47af-8072-9e31b8b68c35","local_time":"20190612001351","is_ascension_mode":true,"campfire_choices":[],"neow_cost":"NONE","seed_source_timestamp":1898136483152566,"circlet_count":0,"master_deck":["Strike_B","Strike_B","Strike_B","Defend_B","Defend_B","Defend_B","Defend_B","Zap","Dualcast","Chaos","Glacier","Sweeping Beam","Glacier","Capacitor","Capacitor","Chill","Self Repair"],"relics":["Cracked Core","Ornamental Fan","Odd Mushroom"],"potions_floor_usage":[5],"damage_taken":[{"damage":2,"enemies":"Jaw Worm","floor":1,"turns":3},{"damage":0,"enemies":"2 Louse","floor":2,"turns":3},{"damage":3,"enemies":"Small Slimes","floor":3,"turns":4},{"damage":0,"enemies":"Exordium Thugs","floor":4,"turns":8},{"damage":3,"enemies":"3 Louse","floor":5,"turns":2},{"damage":3,"enemies":"Lagavulin","floor":6,"turns":11},{"damage":45,"enemies":"The Mushroom Lair","floor":7,"turns":5},{"damage":19,"enemies":"3 Sentries","floor":8,"turns":6}],"seed_played":"1120414706063322763","potions_obtained":[{"floor":1,"key":"AttackPotion"},{"floor":2,"key":"SpeedPotion"},{"floor":7,"key":"Weak Potion"}],"is_trial":false,"path_per_floor":["M","M","M","M","M","E","?","E"],"character_chosen":"DEFECT","items_purchased":[],"campfire_rested":0,"item_purchase_floors":[],"current_hp_per_floor":[66,66,63,63,60,57,12,0],"gold":234,"neow_bonus":"TRANSFORM_CARD","is_prod":false,"is_daily":false,"chose_seed":false,"campfire_upgraded":0,"win_rate":0,"timestamp":1560320031,"path_taken":["M","M","M","M","M","E","?","E"],"build_version":"2019-01-23","purchased_purges":0,"victory":false,"max_hp_per_floor":[75,75,75,75,75,75,75,75],"card_choices":[{"not_picked":["Beam Cell","Storm"],"picked":"Glacier","floor":1},{"not_picked":["Steam","Stack"],"picked":"Sweeping Beam","floor":2},{"not_picked":["Melter","Conserve Battery"],"picked":"Glacier","floor":3},{"not_picked":["Go for the Eyes","Cold Snap"],"picked":"Capacitor","floor":4},{"not_picked":["Steam","Beam Cell"],"picked":"Capacitor","floor":5},{"not_picked":["Reinforced Body","Coolheaded"],"picked":"Chill","floor":6},{"not_picked":["Machine Learning","Steam"],"picked":"Self Repair","floor":7}],"player_experience":341167,"relics_obtained":[{"floor":6,"key":"Ornamental Fan"},{"floor":7,"key":"Odd Mushroom"}],"event_choices":[{"damage_healed":0,"gold_gain":0,"player_choice":"Fought Mushrooms","damage_taken":0,"max_hp_gain":0,"max_hp_loss":0,"event_name":"Mushrooms","floor":7,"gold_loss":0}],"is_beta":false,"boss_relics":[],"items_purged_floors":[],"is_endless":false,"potions_floor_spawned":[1,2,7],"killed_by":"3 Sentries","ascension_level":6}