{"gold_per_floor":[113,113,113,113,52,52,75,89,89,105,105,124,49,49],"floor_reached":14,"playtime":240,"items_purged":["Regret"],"score":132,"play_id":"f346bd7e-1208-4e9c-b2c6-727af87cc63a","local_time":"20190502000615","is_ascension_mode":true,"campfire_choices":[{"data":"Zap","floor":6,"key":"SMITH"}],"neow_cost":"CURSE","seed_source_timestamp":310682137337600,"circlet_count":0,"master_deck":["AscendersBane","Strike_B","Strike_B","Strike_B","Strike_B","Defend_B","Defend_B","Defend_B","Defend_B","Zap+1","Dualcast","Doubt","Tempest","Rip and Tear","Tempest","Ball Lightning","White Noise","Fission","Conserve Battery","Doom and Gloom"],"relics":["Cracked Core","Sundial","Pantograph","Golden Idol","Prayer Wheel","Darkstone Periapt","Blood Vial"],"potions_floor_usage":[8],"damage_taken":[{"damage":1,"enemies":"Cultist","floor":1,"turns":3},{"damage":14,"enemies":"Jaw Worm","floor":7,"turns":3},{"damage":16,"enemies":"Small Slimes","floor":8,"turns":3},{"damage":6,"enemies":"2 Fungi Beasts","floor":10,"turns":3},{"damage":17,"enemies":"Red Slaver","floor":12,"turns":4}],"seed_played":"-1306871805126868181","potions_obtained":[{"floor":7,"key":"GamblersBrew"},{"floor":12,"key":"Fire Potion"}],"is_trial":false,"path_per_floor":["M","?","T","?","?","R","M","M","T","M","?","M","$","?"],"character_chosen":"DEFECT","items_purchased":[],"campfire_rested":0,"item_purchase_floors":[],"current_hp_per_floor":[81,81,81,59,59,59,45,29,29,23,20,5,5,0],"gold":49,"neow_bonus":"TWENTY_PERCENT_HP_BONUS","is_prod":false,"is_daily":false,"chose_seed":false,"campfire_upgraded":1,"win_rate":0,"timestamp":1556748375,"path_taken":["M","?","?","?","?","R","M","M","T","?","?","M","$","?"],"build_version":"2019-04-23","purchased_purges":1,"victory":false,"max_hp_per_floor":[89,89,89,89,89,89,89,89,89,89,89,89,89,89],"card_choices":[{"not_picked":["Redo","Sweeping Beam"],"picked":"Tempest","floor":1},{"not_picked":["Redo","Rebound"],"picked":"Rip and Tear","floor":7},{"not_picked":["Gash","Sweeping Beam"],"picked":"Tempest","floor":7},{"not_picked":["Steam","Go for the Eyes"],"picked":"Ball Lightning","floor":8},{"not_picked":["Cold Snap","Darkness"],"picked":"White Noise","floor":8},{"not_picked":["Aggregate","Sweeping Beam"],"picked":"Fission","floor":10},{"not_picked":["Barrage","Hologram"],"picked":"Conserve Battery","floor":10},{"not_picked":["Steam","Rebound"],"picked":"Doom and Gloom","floor":12},{"not_picked":["Static Discharge","Turbo","Cold Snap"],"picked":"SKIP","floor":12}],"player_experience":537759,"relics_obtained":[{"floor":3,"key":"Pantograph"},{"floor":9,"key":"Darkstone Periapt"}],"event_choices":[{"damage_healed":0,"gold_gain":0,"player_choice":"Box","damage_taken":0,"relics_obtained":["Sundial"],"max_hp_gain":0,"max_hp_loss":0,"event_name":"Big Fish","floor":2,"gold_loss":0,"cards_obtained":["Regret"]},{"damage_healed":0,"gold_gain":0,"player_choice":"Take Damage","damage_taken":22,"relics_obtained":["Golden Idol"],"max_hp_gain":0,"max_hp_loss":0,"event_name":"Golden Idol","floor":4,"gold_loss":0},{"damage_healed":0,"gold_gain":0,"player_choice":"Paid Gold","damage_taken":0,"relics_obtained":["Prayer Wheel"],"max_hp_gain":0,"max_hp_loss":0,"event_name":"WeMeetAgain","floor":5,"gold_loss":61},{"damage_healed":0,"gold_gain":0,"player_choice":"Success","damage_taken":3,"relics_obtained":["Blood Vial"],"max_hp_gain":0,"max_hp_loss":0,"event_name":"Scrap Ooze","floor":11,"gold_loss":0}],"is_beta":true,"boss_relics":[],"items_purged_floors":[13],"is_endless":false,"potions_floor_spawned":[7,12],"ascension_level":13}