{"gold_per_floor":[114,134,150,164,180,214,214,214,214,248,248,268,268,283,283,378,378,365,345,361,87,87,87],"floor_reached":23,"playtime":2373,"items_purged":["Strike_B"],"score":213,"play_id":"b5b1ef36-a7fc-4de3-9a28-b08e9b0f6757","local_time":"20190626233104","is_ascension_mode":true,"campfire_choices":[{"floor":7,"key":"REST"},{"floor":11,"key":"REST"},{"data":"Creative AI","floor":15,"key":"SMITH"}],"neow_cost":"NONE","seed_source_timestamp":969586873796426,"circlet_count":0,"master_deck":["Strike_B","Strike_B","Strike_B","Defend_B","Defend_B","Defend_B","Zap+1","Dualcast","Capacitor","Leap","Conserve Battery","Barrage","Conserve Battery","Creative AI+1","Cold Snap","Buffer"],"relics":["Cracked Core","Orichalcum","Turnip","Dodecahedron","Snecko Eye","HandDrill"],"potions_floor_usage":[4,10,10,16,20,23],"damage_taken":[{"damage":0,"enemies":"Cultist","floor":1,"turns":3},{"damage":0,"enemies":"2 Louse","floor":2,"turns":2},{"damage":2,"enemies":"Jaw Worm","floor":3,"turns":4},{"damage":2,"enemies":"3 Louse","floor":4,"turns":4},{"damage":4,"enemies":"Red Slaver","floor":5,"turns":3},{"damage":31,"enemies":"3 Sentries","floor":6,"turns":8},{"damage":28,"enemies":"Gremlin Nob","floor":10,"turns":6},{"damage":1,"enemies":"Looter","floor":12,"turns":3},{"damage":1,"enemies":"2 Fungi Beasts","floor":14,"turns":4},{"damage":28,"enemies":"Hexaghost","floor":16,"turns":11},{"damage":13,"enemies":"2 Thieves","floor":18,"turns":4},{"damage":2,"enemies":"Shell Parasite","floor":20,"turns":5},{"damage":65,"enemies":"Book of Stabbing","floor":23,"turns":8}],"seed_played":"-3616495841431247270","potions_obtained":[{"floor":1,"key":"LiquidBronze"},{"floor":3,"key":"AttackPotion"},{"floor":4,"key":"Weak Potion"},{"floor":6,"key":"Block Potion"},{"floor":16,"key":"SteroidPotion"},{"floor":18,"key":"GamblersBrew"},{"floor":19,"key":"AttackPotion"}],"is_trial":false,"path_per_floor":["M","M","M","M","M","E","R","?","T","E","R","M","?","M","R","B",null,"M","?","M","$","T","E"],"character_chosen":"DEFECT","items_purchased":["HandDrill"],"campfire_rested":2,"item_purchase_floors":[21],"current_hp_per_floor":[75,75,73,71,67,36,58,51,51,23,45,44,44,43,43,15,75,62,62,60,60,60,0],"gold":87,"neow_bonus":"UPGRADE_CARD","is_prod":false,"is_daily":false,"chose_seed":false,"campfire_upgraded":1,"win_rate":0,"timestamp":1561606264,"path_taken":["M","M","?","M","M","E","R","?","T","E","R","M","?","M","R","BOSS","M","?","M","$","?","E"],"build_version":"2019-01-23","purchased_purges":1,"victory":false,"max_hp_per_floor":[75,75,75,75,75,75,75,75,75,75,75,75,75,75,75,75,75,75,75,75,75,75,75],"card_choices":[{"not_picked":["Fusion","Hologram"],"picked":"Capacitor","floor":1},{"not_picked":["Heatsinks","Aggregate","Stack"],"picked":"SKIP","floor":2},{"not_picked":["Gash","Hello World"],"picked":"Leap","floor":3},{"not_picked":["Leap","Skim"],"picked":"Conserve Battery","floor":4},{"not_picked":["FTL","Recycle"],"picked":"Barrage","floor":5},{"not_picked":["Compile Driver","Rebound"],"picked":"Conserve Battery","floor":6},{"not_picked":["FTL","Redo"],"picked":"Creative AI","floor":10},{"not_picked":["FTL","Leap","Compile Driver"],"picked":"SKIP","floor":12},{"not_picked":["Fusion","Sweeping Beam"],"picked":"Cold Snap","floor":14},{"not_picked":["Fission","Seek"],"picked":"Buffer","floor":16},{"not_picked":["Reinforced Body","Stack+1","Barrage"],"picked":"SKIP","floor":18},{"not_picked":["Fusion","Cold Snap+1","Seek"],"picked":"SKIP","floor":20}],"player_experience":144042,"relics_obtained":[{"floor":6,"key":"Orichalcum"},{"floor":9,"key":"Turnip"},{"floor":10,"key":"Dodecahedron"}],"event_choices":[{"cards_removed":["Defend_B"],"damage_healed":0,"gold_gain":0,"player_choice":"Card Removal","damage_taken":7,"max_hp_gain":0,"max_hp_loss":0,"event_name":"Golden Wing","floor":8,"gold_loss":0},{"damage_healed":0,"gold_gain":0,"player_choice":"Ignored","damage_taken":0,"max_hp_gain":0,"max_hp_loss":0,"event_name":"Liars Game","floor":13,"gold_loss":0},{"damage_healed":0,"gold_gain":0,"player_choice":"Bought 1 Potion","damage_taken":0,"max_hp_gain":0,"max_hp_loss":0,"event_name":"The Woman in Blue","floor":19,"gold_loss":0}],"is_beta":false,"boss_relics":[{"not_picked":["Lizard Tail","Fusion Hammer"],"picked":"Snecko Eye"}],"items_purged_floors":[21],"is_endless":false,"potions_floor_spawned":[1,3,4,6,16,18],"killed_by":"Book of Stabbing","ascension_level":1}