{"gold_per_floor":[118,138,154,225,225,250,250,275,298,298,312,344,344],"floor_reached":13,"playtime":885,"items_purged":[],"score":149,"play_id":"1c9cb9e4-4e2d-4f97-9d9e-610ab455690a","local_time":"20190605235842","is_ascension_mode":true,"campfire_choices":[{"data":"Well Laid Plans","floor":10.0,"key":"SMITH"}],"neow_cost":"NONE","seed_source_timestamp":0,"circlet_count":0,"master_deck":["Defend_G","Defend_G","Defend_G","Defend_G","Defend_G","Strike_G","Strike_G","Strike_G+1","Strike_G","Survivor","Neutralize+1","Predator","Well Laid Plans+1","Underhanded Strike","Regret","Calculated Gamble","Eviscerate","Cloak And Dagger","Terror","Riddle With Holes"],"special_seed":0,"relics":["Ring of the Snake","Dream Catcher","PreservedInsect","Whetstone","Regal Pillow","Orichalcum","Pen Nib"],"potions_floor_usage":[],"damage_taken":[{"damage":2.0,"enemies":"Small Slimes","floor":1.0,"turns":4.0},{"damage":0.0,"enemies":"Cultist","floor":2.0,"turns":3.0},{"damage":0.0,"enemies":"2 Louse","floor":3.0,"turns":3.0},{"damage":18.0,"enemies":"3 Sentries","floor":6.0,"turns":8.0},{"damage":10.0,"enemies":"Lagavulin","floor":8.0,"turns":6.0},{"damage":11.0,"enemies":"Lots of Slimes","floor":11.0,"turns":4.0},{"damage":18.0,"enemies":"3 Sentries","floor":12.0,"turns":9.0},{"damage":4,"enemies":"3 Louse","floor":13,"turns":1}],"seed_played":"4300267031854892558","potions_obtained":[{"floor":1.0,"key":"LiquidBronze"},{"floor":2.0,"key":"AttackPotion"},{"floor":3.0,"key":"FearPotion"},{"floor":8.0,"key":"Poison Potion"}],"is_trial":false,"path_per_floor":["M","M","M","?","?","E","?","E","T","R","M","E","M"],"character_chosen":"THE_SILENT","items_purchased":[],"campfire_rested":0,"item_purchase_floors":[],"current_hp_per_floor":[61,61,61,61,61,43,43,33,33,33,22,4,0],"gold":344,"neow_bonus":"RANDOM_COMMON_RELIC","is_prod":false,"is_daily":false,"chose_seed":false,"campfire_upgraded":1,"win_rate":0,"timestamp":1559800722,"path_taken":["M","M","M","?","?","E","?","E","T","R","M","E","?"],"build_version":"2019-01-23","purchased_purges":0,"victory":false,"max_hp_per_floor":[70,70,70,70,70,70,70,70,70,70,70,70,70],"card_choices":[{"not_picked":["PiercingWail","Concentrate"],"picked":"Predator","floor":1.0},{"not_picked":["Deflect","Dodge and Roll"],"picked":"Well Laid Plans","floor":2.0},{"not_picked":["Finisher","Deflect"],"picked":"Underhanded Strike","floor":3.0},{"not_picked":["Dagger Spray","Caltrops"],"picked":"Calculated Gamble","floor":6.0},{"not_picked":["Catalyst","Underhanded Strike"],"picked":"Cloak And Dagger","floor":8.0},{"not_picked":["Acrobatics","Blade Dance"],"picked":"Terror","floor":11.0},{"not_picked":["Distraction","Prepared"],"picked":"Riddle With Holes","floor":12.0}],"player_experience":315748,"relics_obtained":[{"floor":6.0,"key":"Whetstone"},{"floor":8.0,"key":"Regal Pillow"},{"floor":9.0,"key":"Orichalcum"},{"floor":12.0,"key":"Pen Nib"}],"event_choices":[{"damage_healed":0.0,"max_hp_gain":0.0,"max_hp_loss":0.0,"gold_gain":71.0,"event_name":"Golden Wing","player_choice":"Gained Gold","floor":4.0,"gold_loss":0.0,"damage_taken":0.0},{"damage_healed":0.0,"max_hp_gain":0.0,"max_hp_loss":0.0,"gold_gain":0.0,"event_name":"Big Fish","player_choice":"Box","floor":5.0,"gold_loss":0.0,"damage_taken":0.0,"relics_obtained":["PreservedInsect"],"cards_obtained":["Regret"]},{"damage_healed":0.0,"max_hp_gain":0.0,"max_hp_loss":0.0,"gold_gain":0.0,"cards_transformed":["Strike_G"],"event_name":"Transmorgrifier","player_choice":"Transformed","floor":7.0,"gold_loss":0.0,"damage_taken":0.0,"cards_obtained":["Eviscerate"]}],"is_beta":false,"boss_relics":[],"items_purged_floors":[],"is_endless":false,"potions_floor_spawned":[1,2,3,8],"killed_by":"3 Louse","ascension_level":9}