{"gold_per_floor":[110,123,143,37,50,76,76,103,103,113,133,168,168,194,194,297,297,309,320,335,18,35,35,35,61,61,77,77,111,129,146,146,242,242,252,252,270,17,34,61,61,61],"floor_reached":42,"playtime":2932,"items_purged":[],"score":703,"play_id":"12a419a5-f875-44c7-ab2a-5dc43b27aae1","local_time":"20190612190610","is_ascension_mode":true,"campfire_choices":[{"floor":7,"key":"REST"},{"floor":15,"key":"REST"},{"data":"Zap","floor":23,"key":"PURGE"},{"data":"Parasite","floor":32,"key":"PURGE"},{"data":"Hyperbeam","floor":41,"key":"PURGE"}],"neow_cost":"NONE","seed_source_timestamp":50545643716767,"circlet_count":0,"master_deck":["Strike_B","Strike_B","Strike_B","Strike_B","Defend_B","Defend_B","Defend_B","Defend_B","Dualcast","Sunder","Conserve Battery","Streamline","Doom and Gloom","Chill","Echo Form","Conserve Battery","Barrage","White Noise","Heatsinks","Buffer","Rebound+1","Leap","Sunder","Hello World","Mind Blast","Steam Power+1","Meteor Strike+1","Barrage+1","Sweeping Beam+1","Hologram+1","Storm","Meteor Strike+1","Sunder+1","Defragment","Magnetism","Static Discharge","Static Discharge","FTL+1"],"relics":["Cracked Core","NeowsBlessing","Letter Opener","Mummified Hand","Bird Faced Urn","Peace Pipe","FaceOfCleric","Unceasing Top","Cursed Key","PreservedInsect","Molten Egg 2","Pantograph","Shuriken","Black Star","Bottled Flame","Pear"],"potions_floor_usage":[12,12,14,16,19,22,25,29,33,40],"damage_taken":[{"damage":0,"enemies":"Small Slimes","floor":1,"turns":1},{"damage":0,"enemies":"Cultist","floor":2,"turns":1},{"damage":0,"enemies":"2 Louse","floor":3,"turns":1},{"damage":24,"enemies":"Exordium Thugs","floor":5,"turns":4},{"damage":31,"enemies":"Gremlin Nob","floor":6,"turns":5},{"damage":19,"enemies":"Lagavulin","floor":8,"turns":5},{"damage":5,"enemies":"2 Fungi Beasts","floor":10,"turns":3},{"damage":0,"enemies":"Gremlin Gang","floor":11,"turns":1},{"damage":10,"enemies":"3 Sentries","floor":12,"turns":3},{"damage":12,"enemies":"Lagavulin","floor":14,"turns":7},{"damage":21,"enemies":"Hexaghost","floor":16,"turns":7},{"damage":0,"enemies":"Spheric Guardian","floor":18,"turns":3},{"damage":17,"enemies":"Shell Parasite","floor":19,"turns":4},{"damage":0,"enemies":"Sentry and Sphere","floor":20,"turns":5},{"damage":25,"enemies":"Snake Plant","floor":22,"turns":3},{"damage":10,"enemies":"Slavers","floor":25,"turns":3},{"damage":20,"enemies":"Centurion and Healer","floor":27,"turns":4},{"damage":25,"enemies":"Book of Stabbing","floor":29,"turns":4},{"damage":0,"enemies":"Sentry and Sphere","floor":30,"turns":3},{"damage":0,"enemies":"3 Cultists","floor":31,"turns":3},{"damage":55,"enemies":"Collector","floor":33,"turns":8},{"damage":18,"enemies":"Orb Walker","floor":35,"turns":3},{"damage":11,"enemies":"3 Darklings","floor":37,"turns":4},{"damage":42,"enemies":"Transient","floor":39,"turns":5},{"damage":16,"enemies":"Reptomancer","floor":40,"turns":4},{"damage":45,"enemies":"Nemesis","floor":42,"turns":3}],"seed_played":"-7841275086954895720","potions_obtained":[{"floor":6,"key":"EssenceOfSteel"},{"floor":8,"key":"Regen Potion"},{"floor":10,"key":"Ancient Potion"},{"floor":11,"key":"Energy Potion"},{"floor":12,"key":"LiquidBronze"},{"floor":16,"key":"SteroidPotion"},{"floor":18,"key":"Strength Potion"},{"floor":19,"key":"SkillPotion"},{"floor":20,"key":"Swift Potion"},{"floor":30,"key":"Dexterity Potion"},{"floor":31,"key":"Block Potion"},{"floor":35,"key":"FocusPotion"}],"is_trial":false,"path_per_floor":["M","M","M","$","M","E","R","E","T","M","M","E","?","E","R","B",null,"M","M","M","$","M","R","$","E","T","M","?","E","M","M","R","B",null,"M","?","M","$","M","E","R","E"],"character_chosen":"DEFECT","items_purchased":["Doom and Gloom","Chaos","PreservedInsect","Hello World","Mind Blast","Magnetism","Static Discharge"],"campfire_rested":2,"item_purchase_floors":[4,4,21,21,21,38,38],"current_hp_per_floor":[68,68,68,68,44,13,35,16,16,13,13,12,12,5,27,15,62,67,55,64,64,44,44,44,39,39,24,83,63,68,73,73,37,72,59,59,57,57,28,35,35,0],"gold":61,"neow_bonus":"THREE_ENEMY_KILL","is_prod":false,"is_daily":false,"chose_seed":false,"campfire_upgraded":0,"win_rate":0,"timestamp":1560387970,"path_taken":["M","M","M","$","M","E","R","E","T","M","M","E","?","E","R","BOSS","M","M","M","$","M","R","?","E","T","M","?","E","M","M","R","BOSS","M","?","M","$","M","E","R","E"],"build_version":"2019-01-23","purchased_purges":0,"victory":false,"max_hp_per_floor":[75,75,75,75,75,75,75,75,75,75,75,75,75,76,76,77,77,78,79,80,80,81,81,81,82,82,83,83,84,85,86,83,84,84,85,85,86,86,87,98,98,98],"card_choices":[{"not_picked":["Compile Driver","Leap"],"picked":"Sunder","floor":1},{"not_picked":["Hologram","Capacitor"],"picked":"Conserve Battery","floor":2},{"not_picked":["Beam Cell","Compile Driver"],"picked":"Streamline","floor":3},{"not_picked":["Stack","Steam"],"picked":"Hyperbeam","floor":5},{"not_picked":["Streamline","Compile Driver"],"picked":"Chill","floor":6},{"not_picked":["Auto Shields","Rip and Tear"],"picked":"Echo Form","floor":8},{"not_picked":["Redo","Scrape"],"picked":"Conserve Battery","floor":10},{"not_picked":["Reprogram","Chill"],"picked":"Barrage","floor":11},{"not_picked":["Coolheaded","Rip and Tear"],"picked":"White Noise","floor":12},{"not_picked":["FTL","Multi-Cast"],"picked":"Heatsinks","floor":14},{"not_picked":["Biased Cognition","Multi-Cast"],"picked":"Buffer","floor":16},{"not_picked":["Hologram","Compile Driver"],"picked":"Rebound+1","floor":18},{"not_picked":["Lockon","Steam"],"picked":"Leap","floor":19},{"not_picked":["Steam+1","Consume"],"picked":"Sunder","floor":20},{"not_picked":["Doom and Gloom","Undo"],"picked":"Steam Power+1","floor":22},{"not_picked":["Scrape","Beam Cell+1"],"picked":"Meteor Strike","floor":25},{"not_picked":["Rip and Tear+1","Lockon+1"],"picked":"Barrage+1","floor":27},{"not_picked":["Lockon+1","Chill"],"picked":"Sweeping Beam+1","floor":29},{"not_picked":["Compile Driver+1","Genetic Algorithm"],"picked":"Hologram+1","floor":30},{"not_picked":["Scrape+1","Conserve Battery"],"picked":"Storm","floor":31},{"not_picked":["Rainbow","Hyperbeam+1"],"picked":"Meteor Strike+1","floor":33},{"not_picked":["Lockon+1","Coolheaded+1"],"picked":"Sunder+1","floor":35},{"not_picked":["BootSequence","Auto Shields"],"picked":"Defragment","floor":37},{"not_picked":["Stack","Darkness+1"],"picked":"Static Discharge","floor":39},{"not_picked":["Gash+1","Genetic Algorithm"],"picked":"FTL+1","floor":40}],"player_experience":351160,"relics_obtained":[{"floor":6,"key":"Letter Opener"},{"floor":8,"key":"Mummified Hand"},{"floor":9,"key":"Bird Faced Urn"},{"floor":12,"key":"Peace Pipe"},{"floor":14,"key":"Unceasing Top"},{"floor":25,"key":"Molten Egg 2"},{"floor":26,"key":"Pantograph"},{"floor":29,"key":"Shuriken"},{"floor":40,"key":"Bottled Flame"},{"floor":40,"key":"Pear"}],"event_choices":[{"damage_healed":0,"gold_gain":0,"player_choice":"Trade","damage_taken":0,"relics_obtained":["FaceOfCleric"],"max_hp_gain":0,"max_hp_loss":0,"event_name":"FaceTrader","floor":13,"gold_loss":0},{"cards_removed":["Chaos"],"damage_healed":59,"gold_gain":0,"player_choice":"Offered Uncommon","damage_taken":0,"max_hp_gain":0,"max_hp_loss":0,"event_name":"Bonfire Elementals","floor":28,"gold_loss":0},{"damage_healed":0,"gold_gain":0,"player_choice":"Ignored","damage_taken":0,"max_hp_gain":0,"max_hp_loss":0,"event_name":"Tomb of Lord Red Mask","floor":36,"gold_loss":0}],"is_beta":false,"boss_relics":[{"not_picked":["Runic Dome","Eternal Feather"],"picked":"Cursed Key"},{"not_picked":["Calling Bell","Busted Crown"],"picked":"Black Star"}],"items_purged_floors":[],"is_endless":false,"potions_floor_spawned":[6,8,10,11,12,16,18,19,20,30,31,35],"killed_by":"Nemesis","ascension_level":6}