{"gold_per_floor":[115,65,40,115,127,127,127,141,141,66,80,115,132,150,150,255,255,267,167,182,200,36,36,55,68,68,81,81],"floor_reached":28,"playtime":1877,"items_purged":["Strike_B","Strike_B","Defend_B"],"score":249,"play_id":"8d910a88-9735-4fdf-a4a6-be3ed93f8fb1","local_time":"20190623205825","is_ascension_mode":false,"campfire_choices":[{"floor":6.0,"key":"REST"},{"data":"Defragment","floor":15.0,"key":"SMITH"},{"floor":23,"key":"REST"}],"neow_cost":"NONE","seed_source_timestamp":0,"circlet_count":0,"master_deck":["Strike_B","Defend_B","Defend_B","Defend_B","Zap","Dualcast","Conserve Battery","Rip and Tear","Melter","Ball Lightning","Defragment+1","FTL","Echo Form","Capacitor+1","Storm","Conserve Battery","Genetic Algorithm","Force Field+1"],"special_seed":0,"relics":["Cracked Core","Centennial Puzzle","Pear","Sozu","Dodecahedron"],"potions_floor_usage":[25,25],"damage_taken":[{"damage":8.0,"enemies":"2 Louse","floor":1.0,"turns":2.0},{"damage":1.0,"enemies":"Jaw Worm","floor":5.0,"turns":4.0},{"damage":0.0,"enemies":"Cultist","floor":8.0,"turns":2.0},{"damage":0.0,"enemies":"Looter","floor":11.0,"turns":3.0},{"damage":13.0,"enemies":"3 Sentries","floor":12.0,"turns":5.0},{"damage":9.0,"enemies":"Gremlin Gang","floor":13.0,"turns":3.0},{"damage":0.0,"enemies":"Blue Slaver","floor":14.0,"turns":1.0},{"damage":27.0,"enemies":"The Guardian","floor":16.0,"turns":10.0},{"damage":12.0,"enemies":"Shell Parasite","floor":18.0,"turns":4.0},{"damage":25.0,"enemies":"2 Thieves","floor":20.0,"turns":4.0},{"damage":22,"enemies":"Snecko","floor":21,"turns":4},{"damage":40,"enemies":"3 Cultists","floor":24,"turns":6},{"damage":4,"enemies":"Snake Plant","floor":25,"turns":3},{"damage":8,"enemies":"Snecko","floor":27,"turns":4},{"damage":9,"enemies":"Centurion and Healer","floor":28,"turns":5}],"seed_played":"6258503859460698409","potions_obtained":[{"floor":1.0,"key":"SteroidPotion"},{"floor":7.0,"key":"Dexterity Potion"},{"floor":7.0,"key":"Fruit Juice"},{"floor":7.0,"key":"SneckoOil"},{"floor":11.0,"key":"Swift Potion"},{"floor":12.0,"key":"SpeedPotion"},{"floor":13.0,"key":"Fire Potion"},{"floor":14.0,"key":"SkillPotion"},{"floor":16.0,"key":"LiquidBronze"}],"is_trial":false,"path_per_floor":["M","?","$","?","M","R","?","M","T","$","M","E","M","M","R","B",null,"M","$","M","M","$","R","M","M","T","M","M"],"character_chosen":"DEFECT","items_purchased":["Conserve Battery","Genetic Algorithm"],"campfire_rested":2,"item_purchase_floors":[3,22],"current_hp_per_floor":[67,67,67,56,55,75,80,80,80,80,80,77,68,68,68,41,90,78,78,53,31,31,58,18,14,14,6,0],"gold":81,"neow_bonus":"RANDOM_COMMON_RELIC","is_prod":false,"is_daily":false,"chose_seed":false,"campfire_upgraded":1,"win_rate":0,"timestamp":1561337905,"path_taken":["M","?","$","?","M","R","?","M","T","$","?","E","M","M","R","BOSS","M","$","M","M","$","R","M","M","T","M","M"],"build_version":"2019-01-23","purchased_purges":3,"victory":false,"max_hp_per_floor":[75,75,75,75,75,75,80,80,80,80,80,90,90,90,90,90,90,90,90,90,90,90,90,90,90,90,90,90],"card_choices":[{"not_picked":["Chaos","Steam","Turbo"],"picked":"SKIP","floor":1.0},{"not_picked":["Hologram","Turbo"],"picked":"Rip and Tear","floor":5.0},{"not_picked":["Rebound","Chaos"],"picked":"Melter","floor":8.0},{"not_picked":["Cold Snap","Turbo","Barrage"],"picked":"SKIP","floor":11.0},{"not_picked":["Compile Driver","Double Energy"],"picked":"Ball Lightning","floor":12.0},{"not_picked":["Heatsinks","Redo"],"picked":"Defragment","floor":13.0},{"not_picked":["Rebound","Cold Snap"],"picked":"FTL","floor":14.0},{"not_picked":["Amplify","Electrodynamics"],"picked":"Echo Form","floor":16.0},{"not_picked":["Compile Driver+1","Rebound"],"picked":"Capacitor+1","floor":18.0},{"not_picked":["Sweeping Beam","Reprogram"],"picked":"Storm","floor":20},{"not_picked":["Fusion","Storm"],"picked":"Conserve Battery","floor":21},{"not_picked":["Steam Power","Steam+1","Fusion"],"picked":"SKIP","floor":24},{"not_picked":["Coolheaded","Hologram"],"picked":"Force Field+1","floor":25},{"not_picked":["Steam","BootSequence","Cold Snap"],"picked":"SKIP","floor":27}],"player_experience":118954,"relics_obtained":[{"floor":12.0,"key":"Pear"},{"floor":26,"key":"Dodecahedron"}],"event_choices":[{"cards_removed":["Strike_B"],"damage_healed":0.0,"max_hp_gain":0.0,"max_hp_loss":0.0,"gold_gain":0.0,"event_name":"The Cleric","player_choice":"Card Removal","floor":2.0,"gold_loss":50.0,"damage_taken":0.0},{"damage_healed":0.0,"max_hp_gain":0.0,"max_hp_loss":0.0,"gold_gain":75.0,"event_name":"World of Goop","player_choice":"Gather Gold","floor":4.0,"gold_loss":0.0,"damage_taken":11.0},{"damage_healed":0.0,"max_hp_gain":0.0,"max_hp_loss":0.0,"gold_gain":0.0,"event_name":"Lab","player_choice":"Got Potions","floor":7.0,"gold_loss":0.0,"damage_taken":0.0}],"is_beta":false,"boss_relics":[{"not_picked":["FrozenCore","Philosopher\u0027s Stone"],"picked":"Sozu"}],"items_purged_floors":[10,19,22],"is_endless":false,"potions_floor_spawned":[1,11,12,13,14,16,20,25],"killed_by":"Centurion and Healer","ascension_level":0}