{"gold_per_floor":[114,124,124,137,8,36,111,141,193,224,16,16,26,54,54,152,152,170,188,208,219,219,219,250,250,250,279,279,292,318,5,5,105,105,123,123,138,238,4,39,56,74,74,104,104,138,138,169,169,169],"floor_reached":50,"playtime":3875,"items_purged":["Pain"],"score":935,"play_id":"641da829-d39a-4274-b761-c1b9c4f54508","local_time":"20190605183040","is_ascension_mode":true,"campfire_choices":[{"floor":12,"key":"REST"},{"data":"Storm","floor":15,"key":"SMITH"},{"data":"Storm","floor":23,"key":"SMITH"},{"data":"Defragment","floor":25,"key":"SMITH"},{"data":"Enlightenment","floor":32,"key":"SMITH"},{"data":"Buffer","floor":45,"key":"SMITH"},{"data":"Chill","floor":47,"key":"SMITH"},{"floor":49,"key":"REST"}],"neow_cost":"NONE","seed_source_timestamp":1356134670843529,"circlet_count":0,"master_deck":["Defend_B","Defend_B","Defend_B","Dualcast","Seek","Ball Lightning","Self Repair","Storm+1","Redo","Self Repair","Reprogram","Coolheaded","Echo Form","Ball Lightning","Defragment","Storm+1","Seek","Buffer+1","Doom and Gloom+1","Redo+1","Stack","Ball Lightning+1","Compile Driver","Stack","Bite+1","Bite","Bite+1","Bite","Bite","Defragment+1","Loop+1","Conserve Battery","Storm+1","Storm","Enlightenment+1","Thunder Strike","Hello World","Consume","Consume","Echo Form","Chill","Buffer+1","Capacitor","Chill+1","Hologram","Core Surge","Defragment+1"],"relics":["Cracked Core","WarpedTongs","Bottled Flame","Orichalcum","Happy Flower","Question Card","Kunai","Astrolabe","Centennial Puzzle","Blue Candle","Symbiotic Virus","Sundial","Potion Belt","Sozu","Calipers","Smiling Mask","Shuriken","Meat on the Bone","Whetstone","Ice Cream"],"potions_floor_usage":[6,10,13,24,27,30,33,48],"damage_taken":[{"damage":0,"enemies":"Cultist","floor":1,"turns":2},{"damage":0,"enemies":"Small Slimes","floor":2,"turns":3},{"damage":4,"enemies":"2 Louse","floor":4,"turns":2},{"damage":28,"enemies":"Gremlin Nob","floor":6,"turns":4},{"damage":24,"enemies":"3 Sentries","floor":8,"turns":6},{"damage":23,"enemies":"Gremlin Nob","floor":10,"turns":4},{"damage":2,"enemies":"Gremlin Gang","floor":13,"turns":4},{"damage":14,"enemies":"Lagavulin","floor":14,"turns":6},{"damage":31,"enemies":"Hexaghost","floor":16,"turns":6},{"damage":17,"enemies":"2 Thieves","floor":18,"turns":3},{"damage":7,"enemies":"Shell Parasite","floor":19,"turns":4},{"damage":3,"enemies":"Centurion and Healer","floor":20,"turns":5},{"damage":0,"enemies":"Snecko","floor":21,"turns":4},{"damage":23,"enemies":"Slavers","floor":24,"turns":3},{"damage":12,"enemies":"Gremlin Leader","floor":27,"turns":3},{"damage":6,"enemies":"Chosen and Byrds","floor":29,"turns":4},{"damage":18,"enemies":"Book of Stabbing","floor":30,"turns":4},{"damage":0,"enemies":"Collector","floor":33,"turns":6},{"damage":31,"enemies":"3 Darklings","floor":35,"turns":4},{"damage":5,"enemies":"3 Shapes","floor":37,"turns":2},{"damage":4,"enemies":"Mind Bloom Boss Battle","floor":38,"turns":4},{"damage":22,"enemies":"Reptomancer","floor":40,"turns":4},{"damage":14,"enemies":"3 Darklings","floor":41,"turns":4},{"damage":36,"enemies":"Jaw Worm Horde","floor":42,"turns":3},{"damage":8,"enemies":"Giant Head","floor":44,"turns":6},{"damage":39,"enemies":"Nemesis","floor":46,"turns":5},{"damage":28,"enemies":"Reptomancer","floor":48,"turns":4},{"damage":43,"enemies":"Donu and Deca","floor":50,"turns":3}],"seed_played":"5412345405224747090","potions_obtained":[{"floor":4,"key":"Weak Potion"},{"floor":6,"key":"EssenceOfSteel"},{"floor":10,"key":"FearPotion"},{"floor":16,"key":"PowerPotion"},{"floor":20,"key":"PowerPotion"},{"floor":27,"key":"FearPotion"},{"floor":29,"key":"AttackPotion"},{"floor":30,"key":"Poison Potion"}],"is_trial":false,"path_per_floor":["M","M","?","M","$","E","?","E","T","E","$","R","M","E","R","B",null,"M","M","M","M","?","R","E","R","T","E","?","M","E","$","R","B",null,"M","?","M","?","$","E","M","M","T","E","R","E","R","E","R","B"],"character_chosen":"DEFECT","items_purchased":["Redo","Echo Form","Ball Lightning","Storm","Enlightenment","Potion Belt","Echo Form","Chill"],"campfire_rested":2,"item_purchase_floors":[5,11,11,31,31,31,39,39],"current_hp_per_floor":[75,75,75,75,75,54,43,33,33,27,27,49,61,75,75,61,75,68,75,75,75,52,52,50,50,50,52,52,52,44,44,44,52,52,44,44,46,49,49,47,46,31,31,46,46,28,28,23,37,0],"gold":169,"neow_bonus":"ONE_RANDOM_RARE_CARD","is_prod":false,"is_daily":false,"chose_seed":false,"campfire_upgraded":6,"win_rate":0,"timestamp":1559781040,"path_taken":["M","M","?","?","$","E","?","E","T","E","$","R","M","E","R","BOSS","M","M","M","M","?","R","E","R","T","E","?","?","E","$","R","BOSS","M","?","M","?","$","E","M","M","T","E","R","E","R","E","R","BOSS"],"build_version":"2019-01-23","purchased_purges":1,"victory":false,"max_hp_per_floor":[75,75,75,75,75,75,75,75,75,75,75,75,75,75,75,75,75,75,75,75,75,52,52,52,52,52,52,52,52,52,52,52,52,52,52,49,49,49,49,49,49,49,49,49,49,49,49,49,49,49],"card_choices":[{"not_picked":["Cold Snap","Aggregate"],"picked":"Ball Lightning","floor":1},{"not_picked":["Compile Driver","Redo"],"picked":"Self Repair","floor":2},{"not_picked":["Cold Snap","Melter"],"picked":"Storm","floor":4},{"not_picked":["Stack","Steam Power"],"picked":"Self Repair","floor":6},{"not_picked":["Aggregate","Steam"],"picked":"Reprogram","floor":8},{"not_picked":["Skim","Fusion"],"picked":"Coolheaded","floor":10},{"not_picked":["Rebound","Steam","Fusion"],"picked":"Defragment","floor":13},{"not_picked":["Compile Driver","Chill","Sweeping Beam"],"picked":"Storm","floor":14},{"not_picked":["Core Surge","Fission","Creative AI"],"picked":"Seek","floor":16},{"not_picked":["Cold Snap","Sweeping Beam+1","Go for the Eyes"],"picked":"Stack","floor":18},{"not_picked":["Loop","Fusion","Steam+1"],"picked":"Ball Lightning+1","floor":19},{"not_picked":["Melter+1","Skim","Barrage"],"picked":"Compile Driver","floor":20},{"not_picked":["Steam","Beam Cell","Darkness"],"picked":"Stack","floor":21},{"not_picked":["Biased Cognition","Reinforced Body","Sweeping Beam"],"picked":"Defragment","floor":24},{"not_picked":["Barrage","Chill+1","Sweeping Beam"],"picked":"Loop+1","floor":27},{"not_picked":["Redo","Chaos","Rainbow"],"picked":"Conserve Battery","floor":29},{"not_picked":["Cold Snap+1","Loop","FTL+1"],"picked":"Storm+1","floor":30},{"not_picked":["Multi-Cast","Echo Form","Hyperbeam"],"picked":"Thunder Strike","floor":33},{"not_picked":["Recycle","Go for the Eyes","Streamline"],"picked":"Hello World","floor":35},{"not_picked":["Streamline","Leap+1","Skim"],"picked":"Consume","floor":37},{"not_picked":["Compile Driver+1","Recycle+1","Aggregate"],"picked":"Consume","floor":38},{"not_picked":["Steam Power+1","Turbo","Doom and Gloom+1"],"picked":"Buffer","floor":40},{"not_picked":["Rebound+1","Steam","Blizzard"],"picked":"Capacitor","floor":41},{"not_picked":["Turbo","Steam","Beam Cell"],"picked":"Chill","floor":42},{"not_picked":["Go for the Eyes+1","Gash","Genetic Algorithm+1"],"picked":"Hologram","floor":44},{"not_picked":["Gash+1","Coolheaded","Redo"],"picked":"Core Surge","floor":46},{"not_picked":["Chaos","Double Energy","Melter+1"],"picked":"Defragment+1","floor":48}],"player_experience":302635,"relics_obtained":[{"floor":6,"key":"Bottled Flame"},{"floor":8,"key":"Orichalcum"},{"floor":9,"key":"Happy Flower"},{"floor":10,"key":"Question Card"},{"floor":14,"key":"Kunai"},{"floor":24,"key":"Centennial Puzzle"},{"floor":26,"key":"Blue Candle"},{"floor":27,"key":"Symbiotic Virus"},{"floor":30,"key":"Sundial"},{"floor":38,"key":"Calipers"},{"floor":40,"key":"Smiling Mask"},{"floor":43,"key":"Shuriken"},{"floor":44,"key":"Meat on the Bone"},{"floor":46,"key":"Whetstone"},{"floor":48,"key":"Ice Cream"}],"event_choices":[{"damage_healed":0,"gold_gain":0,"player_choice":"Rummage","damage_taken":0,"relics_obtained":["WarpedTongs"],"max_hp_gain":0,"max_hp_loss":0,"event_name":"Accursed Blacksmith","floor":3,"gold_loss":0,"cards_obtained":["Pain"]},{"damage_healed":0,"gold_gain":75,"player_choice":"Gather Gold","damage_taken":11,"max_hp_gain":0,"max_hp_loss":0,"event_name":"World of Goop","floor":7,"gold_loss":0},{"damage_healed":0,"gold_gain":0,"player_choice":"Became a vampire","damage_taken":0,"max_hp_gain":0,"max_hp_loss":23,"event_name":"Vampires","floor":22,"gold_loss":0,"cards_obtained":["Bite","Bite","Bite","Bite","Bite"]},{"cards_removed":["Defend_B"],"damage_healed":0,"gold_gain":0,"player_choice":"Card Removal","damage_taken":0,"max_hp_gain":0,"max_hp_loss":0,"event_name":"Wheel of Change","floor":28,"gold_loss":0},{"damage_healed":0,"gold_gain":0,"player_choice":"Max HP","damage_taken":0,"max_hp_gain":0,"max_hp_loss":3,"event_name":"Winding Halls","floor":36,"gold_loss":0},{"damage_healed":0,"gold_gain":0,"player_choice":"Fight","damage_taken":0,"max_hp_gain":0,"max_hp_loss":0,"event_name":"MindBloom","floor":38,"gold_loss":0}],"is_beta":false,"boss_relics":[{"not_picked":["Empty Cage","Lizard Tail"],"picked":"Astrolabe"},{"not_picked":["Fusion Hammer","White Beast Statue"],"picked":"Sozu"}],"items_purged_floors":[5],"is_endless":false,"potions_floor_spawned":[4,6,10,16,20,27,29,30,35,38,40,44],"killed_by":"Donu and Deca","ascension_level":4}