{"gold_per_floor":[113,38,57,57,76,76,103,103,103,130,147,159,159,187,187,263,263,282,292,303,331,331,331,221,237,264,264,280,280,299,312,312,312],"floor_reached":33,"playtime":1064,"items_purged":["Strike_R"],"score":538,"play_id":"e9bc3a58-b441-49c1-a1ac-6ac1ef0d567f","local_time":"20190513220302","is_ascension_mode":true,"campfire_choices":[{"data":"Bash","floor":6,"key":"SMITH"},{"data":"Pommel Strike","floor":8,"key":"SMITH"},{"floor":15,"key":"REST"},{"floor":23,"key":"REST"},{"floor":27,"key":"REST"},{"floor":32,"key":"REST"}],"neow_cost":"NONE","seed_source_timestamp":16347996707700,"circlet_count":0,"master_deck":["AscendersBane","Strike_R","Strike_R","Defend_R","Defend_R","Defend_R","Defend_R","Bash+1","Carnage","Twin Strike","Pommel Strike+1","Bludgeon","True Grit","Havoc","Pommel Strike","Inflame","Juggernaut+1","True Grit","Corruption","Flame Barrier+1"],"relics":["Burning Blood","Mercury Hourglass","Self Forming Clay","Potion Belt","PreservedInsect","Velvet Choker","Red Mask","Vajra","Nloth\u0027s Gift"],"potions_floor_usage":[10,14,16,16,16,18,20,21,21],"damage_taken":[{"damage":12,"enemies":"Cultist","floor":1,"turns":4},{"damage":12,"enemies":"Small Slimes","floor":3,"turns":3},{"damage":0,"enemies":"2 Louse","floor":5,"turns":1},{"damage":8,"enemies":"Gremlin Nob","floor":7,"turns":3},{"damage":22,"enemies":"Lagavulin","floor":10,"turns":4},{"damage":9,"enemies":"Red Slaver","floor":11,"turns":2},{"damage":6,"enemies":"Blue Slaver","floor":12,"turns":3},{"damage":20,"enemies":"3 Sentries","floor":14,"turns":7},{"damage":23,"enemies":"Hexaghost","floor":16,"turns":7},{"damage":13,"enemies":"Spheric Guardian","floor":18,"turns":4},{"damage":36,"enemies":"2 Thieves","floor":19,"turns":4},{"damage":23,"enemies":"Snecko","floor":20,"turns":4},{"damage":28,"enemies":"Masked Bandits","floor":21,"turns":4},{"damage":3,"enemies":"Colosseum Slavers","floor":22,"turns":4},{"damage":13,"enemies":"Snake Plant","floor":25,"turns":4},{"damage":6,"enemies":"Centurion and Healer","floor":28,"turns":5},{"damage":28,"enemies":"Shelled Parasite and Fungi","floor":30,"turns":6},{"damage":5,"enemies":"Snecko","floor":31,"turns":4},{"damage":84,"enemies":"Champ","floor":33,"turns":12}],"seed_played":"-670290214793012692","potions_obtained":[{"floor":1,"key":"Weak Potion"},{"floor":5,"key":"SteroidPotion"},{"floor":12,"key":"Block Potion"},{"floor":13,"key":"LiquidBronze"},{"floor":13,"key":"GamblersBrew"},{"floor":14,"key":"AttackPotion"},{"floor":16,"key":"BloodPotion"},{"floor":18,"key":"Regen Potion"},{"floor":20,"key":"Swift Potion"}],"is_trial":false,"path_per_floor":["M","$","M","?","M","R","E","R","T","E","M","M","?","E","R","B",null,"M","M","M","?","?","R","?","M","T","R","M","?","M","M","R","B"],"character_chosen":"IRONCLAD","items_purchased":[],"campfire_rested":4,"item_purchase_floors":[],"current_hp_per_floor":[62,62,56,56,62,62,60,60,60,44,41,41,41,27,49,32,64,64,34,29,7,10,32,32,25,25,47,47,47,25,26,48,0],"gold":312,"neow_bonus":"TRANSFORM_CARD","is_prod":false,"is_daily":false,"chose_seed":false,"campfire_upgraded":2,"win_rate":0,"timestamp":1557777782,"path_taken":["M","?","M","?","M","R","E","R","T","E","M","?","?","E","R","BOSS","M","M","M","?","?","R","?","?","T","R","M","?","M","M","R","BOSS"],"build_version":"2019-05-07","purchased_purges":1,"victory":false,"max_hp_per_floor":[75,75,75,75,75,75,75,75,75,75,75,75,75,75,75,75,75,75,75,75,75,75,75,75,75,75,75,75,75,75,75,75,75],"card_choices":[{"not_picked":["Spot Weakness","Perfected Strike"],"picked":"Carnage","floor":1},{"not_picked":["Entrench","Cleave"],"picked":"Twin Strike","floor":3},{"not_picked":["Havoc","Headbutt"],"picked":"Pommel Strike","floor":5},{"not_picked":["Wild Strike","Rampage"],"picked":"Bludgeon","floor":7},{"not_picked":["Havoc","Cleave"],"picked":"True Grit","floor":10},{"not_picked":["Sever Soul","Warcry"],"picked":"Havoc","floor":11},{"not_picked":["Clash","Cleave"],"picked":"Pommel Strike","floor":12},{"not_picked":["Power Through","Armaments"],"picked":"Inflame","floor":14},{"not_picked":["Reaper","Double Tap"],"picked":"Juggernaut","floor":16},{"not_picked":["Warcry","Clothesline"],"picked":"True Grit","floor":18},{"not_picked":["Dropkick","Pommel Strike","Iron Wave"],"picked":"SKIP","floor":19},{"not_picked":["Clothesline","Rampage"],"picked":"Corruption","floor":20},{"not_picked":["Intimidate","Corruption"],"picked":"Flame Barrier+1","floor":21},{"not_picked":["Twin Strike","Cleave","Warcry"],"picked":"SKIP","floor":25},{"not_picked":["Armaments","Clash","Barricade"],"picked":"SKIP","floor":28},{"not_picked":["Sword Boomerang","Heavy Blade","Anger"],"picked":"SKIP","floor":30},{"not_picked":["Evolve","Armaments","Uppercut"],"picked":"SKIP","floor":31}],"player_experience":702512,"relics_obtained":[{"floor":7,"key":"Bottled Flame"},{"floor":9,"key":"Self Forming Clay"},{"floor":10,"key":"Potion Belt"},{"floor":14,"key":"PreservedInsect"},{"floor":21,"key":"Red Mask"},{"floor":26,"key":"Vajra"}],"event_choices":[{"cards_removed":["Battle Trance"],"damage_healed":0,"gold_gain":0,"player_choice":"Gave Card","damage_taken":0,"relics_obtained":["Mercury Hourglass"],"max_hp_gain":0,"max_hp_loss":0,"event_name":"WeMeetAgain","floor":4,"gold_loss":0},{"damage_healed":0,"gold_gain":0,"player_choice":"Got Potions","damage_taken":0,"max_hp_gain":0,"max_hp_loss":0,"event_name":"Lab","floor":13,"gold_loss":0},{"damage_healed":0,"gold_gain":0,"player_choice":"Fought Bandits","damage_taken":0,"max_hp_gain":0,"max_hp_loss":0,"event_name":"Masked Bandits","floor":21,"gold_loss":0},{"damage_healed":0,"gold_gain":0,"player_choice":"Fight","damage_taken":0,"max_hp_gain":0,"max_hp_loss":0,"event_name":"Colosseum","floor":22,"gold_loss":0},{"damage_healed":0,"gold_gain":0,"player_choice":"Fled From Nobs","damage_taken":0,"max_hp_gain":0,"max_hp_loss":0,"event_name":"Colosseum","floor":22,"gold_loss":0},{"cards_removed":["Strike_R"],"damage_healed":0,"gold_gain":0,"player_choice":"Upgrade and Remove","damage_taken":0,"max_hp_gain":0,"max_hp_loss":0,"event_name":"Designer","floor":24,"gold_loss":110,"cards_upgraded":["Juggernaut"]},{"damage_healed":0,"gold_gain":0,"player_choice":"Traded Relic","damage_taken":0,"relics_obtained":["Nloth\u0027s Gift"],"max_hp_gain":0,"max_hp_loss":0,"event_name":"N\u0027loth","floor":29,"relics_lost":["Bottled Flame"],"gold_loss":0}],"is_beta":true,"boss_relics":[{"not_picked":["Lizard Tail","Black Star"],"picked":"Velvet Choker"}],"items_purged_floors":[2],"is_endless":false,"potions_floor_spawned":[1,5,12,14,16,18,20,22],"killed_by":"Champ","ascension_level":20}