{"gold_per_floor":[118,118,136,61,13,13,44,44,67,98,127,139,177,204,216,228],"floor_reached":16,"playtime":478,"items_purged":[],"score":193,"play_id":"3fe90e37-0895-4f81-bcd9-7651bfb1bfbc","local_time":"20190614145217","is_ascension_mode":true,"campfire_choices":[{"data":"Zap","floor":6,"key":"SMITH"},{"data":"Go for the Eyes","floor":8,"key":"SMITH"},{"data":"Coolheaded","floor":12,"key":"SMITH"},{"floor":15,"key":"REST"}],"neow_cost":"NONE","seed_source_timestamp":103687847844700,"circlet_count":0,"master_deck":["AscendersBane","Strike_B","Strike_B","Defend_B+1","Defend_B","Defend_B","Defend_B+1","Zap+1","Dualcast","Go for the Eyes+1","Scrape","Steam","Sweeping Beam","Ball Lightning","Coolheaded+1","Go for the Eyes","Glacier","Conserve Battery"],"relics":["Cracked Core","War Paint","MawBank","Bottled Flame"],"potions_floor_usage":[7],"damage_taken":[{"damage":3,"enemies":"2 Louse","floor":1,"turns":3},{"damage":2,"enemies":"Jaw Worm","floor":3,"turns":3},{"damage":22,"enemies":"Lagavulin","floor":7,"turns":7},{"damage":1,"enemies":"Small Slimes","floor":10,"turns":3},{"damage":0,"enemies":"2 Fungi Beasts","floor":11,"turns":3},{"damage":8,"enemies":"Gremlin Nob","floor":13,"turns":4},{"damage":0,"enemies":"Large Slime","floor":14,"turns":4},{"damage":50,"enemies":"Slime Boss","floor":16,"turns":9}],"seed_played":"-2932658886855503589","potions_obtained":[{"floor":1,"key":"PowerPotion"},{"floor":3,"key":"FearPotion"},{"floor":10,"key":"Ancient Potion"}],"is_trial":false,"path_per_floor":["M","?","M","?","$","R","E","R","T","M","M","R","E","M","R","B"],"character_chosen":"DEFECT","items_purchased":["Sweeping Beam"],"campfire_rested":1,"item_purchase_floors":[5],"current_hp_per_floor":[61,54,52,52,52,52,30,30,30,29,29,29,21,21,42,0],"gold":228,"neow_bonus":"THREE_CARDS","is_prod":false,"is_daily":false,"chose_seed":false,"campfire_upgraded":3,"win_rate":0,"timestamp":1560516737,"path_taken":["M","?","M","?","?","R","E","R","T","M","?","R","E","M","R","BOSS"],"build_version":"2019-06-13","purchased_purges":0,"victory":false,"max_hp_per_floor":[71,71,71,71,71,71,71,71,71,71,71,71,71,71,71,71],"card_choices":[{"not_picked":["White Noise","Gash"],"picked":"Go for the Eyes","floor":0},{"not_picked":["Loop","Heatsinks"],"picked":"Scrape","floor":1},{"not_picked":["Aggregate","Consume"],"picked":"Steam","floor":3},{"not_picked":["Blizzard","Sweeping Beam"],"picked":"Ball Lightning","floor":7},{"not_picked":["Lockon","Sweeping Beam"],"picked":"Coolheaded","floor":10},{"not_picked":["Steam","Barrage"],"picked":"Go for the Eyes","floor":11},{"not_picked":["Hyperbeam","Recycle"],"picked":"Glacier","floor":13},{"not_picked":["Compile Driver","Streamline"],"picked":"Conserve Battery","floor":14}],"player_experience":833156,"relics_obtained":[{"floor":7,"key":"War Paint"},{"floor":9,"key":"MawBank"},{"floor":13,"key":"Bottled Flame"}],"event_choices":[{"cards_removed":["Strike_B"],"damage_healed":0,"gold_gain":0,"player_choice":"Card Removal","damage_taken":7,"max_hp_gain":0,"max_hp_loss":0,"event_name":"Golden Wing","floor":2,"gold_loss":0},{"cards_removed":["Strike_B"],"damage_healed":0,"gold_gain":0,"player_choice":"Card Removal","damage_taken":0,"max_hp_gain":0,"max_hp_loss":0,"event_name":"The Cleric","floor":4,"gold_loss":75}],"is_beta":true,"boss_relics":[],"items_purged_floors":[],"is_endless":false,"potions_floor_spawned":[1,3,10,14],"killed_by":"Slime Boss","ascension_level":15}