{"gold_per_floor":[109,59,69,86,106,131,147,147],"floor_reached":8,"playtime":642,"items_purged":[],"score":115,"play_id":"eeb091ef-34ce-4972-99d7-5f7103623708","local_time":"20190531225547","is_ascension_mode":true,"campfire_choices":[],"neow_cost":"NONE","seed_source_timestamp":943184505003859,"circlet_count":0,"master_deck":["Defend_G","Defend_G","Defend_G","Defend_G","Defend_G","Strike_G","Strike_G","Strike_G","Strike_G","Survivor","Neutralize","Phantasmal Killer","Dash","Cloak And Dagger","Flying Knee","Bullet Time","Deadly Poison","Cloak And Dagger"],"relics":["Ring of the Snake","Bottled Flame"],"potions_floor_usage":[6,6,8],"damage_taken":[{"damage":7,"enemies":"Jaw Worm","floor":1,"turns":6},{"damage":7,"enemies":"Small Slimes","floor":3,"turns":3},{"damage":0,"enemies":"2 Louse","floor":4,"turns":3},{"damage":14,"enemies":"Exordium Wildlife","floor":5,"turns":6},{"damage":0,"enemies":"3 Sentries","floor":6,"turns":9},{"damage":0,"enemies":"3 Louse","floor":7,"turns":4},{"damage":57,"enemies":"Gremlin Nob","floor":8,"turns":5}],"seed_played":"5727897585301198593","potions_obtained":[{"floor":1,"key":"Dexterity Potion"},{"floor":3,"key":"Energy Potion"},{"floor":6,"key":"Block Potion"}],"is_trial":false,"path_per_floor":["M","?","M","M","M","E","M","E"],"character_chosen":"THE_SILENT","items_purchased":[],"campfire_rested":0,"item_purchase_floors":[],"current_hp_per_floor":[56,56,49,49,35,35,35,0],"gold":147,"neow_bonus":"ONE_RANDOM_RARE_CARD","is_prod":false,"is_daily":false,"chose_seed":false,"campfire_upgraded":0,"win_rate":0,"timestamp":1559364947,"path_taken":["M","?","M","M","M","E","M","E"],"build_version":"2019-01-23","purchased_purges":0,"victory":false,"max_hp_per_floor":[70,70,70,70,70,70,70,70],"card_choices":[{"not_picked":["Eviscerate","Accuracy"],"picked":"Dash","floor":1},{"not_picked":["Finisher","Backflip"],"picked":"Cloak And Dagger","floor":3},{"not_picked":["Blade Dance","Sucker Punch"],"picked":"Flying Knee","floor":4},{"not_picked":["Poisoned Stab","Cloak And Dagger"],"picked":"Bullet Time","floor":5},{"not_picked":["Sucker Punch","Catalyst"],"picked":"Deadly Poison","floor":6},{"not_picked":["Blade Dance","Underhanded Strike"],"picked":"Cloak And Dagger","floor":7}],"player_experience":264358,"relics_obtained":[{"floor":6,"key":"Bottled Flame"}],"event_choices":[{"cards_removed":["Strike_G"],"damage_healed":0,"gold_gain":0,"player_choice":"Card Removal","damage_taken":0,"max_hp_gain":0,"max_hp_loss":0,"event_name":"The Cleric","floor":2,"gold_loss":50}],"is_beta":false,"boss_relics":[],"items_purged_floors":[],"is_endless":false,"potions_floor_spawned":[1,3,6],"killed_by":"Gremlin Nob","ascension_level":7}