{"gold_per_floor":[111,122,134,94,111,111,146,162,162,175,193,193,222,239,239,239],"floor_reached":16,"playtime":697,"items_purged":[],"score":232,"play_id":"7ad416a0-6256-48c9-86af-10257d5424c8","local_time":"20190513130503","is_ascension_mode":true,"campfire_choices":[{"data":"Clothesline","floor":6,"key":"SMITH"},{"floor":12,"key":"REST"},{"floor":15,"key":"REST"}],"neow_cost":"NONE","seed_source_timestamp":176904660120400,"circlet_count":0,"master_deck":["AscendersBane","Strike_R","Strike_R","Strike_R","Strike_R","Defend_R","Defend_R","Defend_R","Defend_R","Bash","Sentinel","Thunderclap","Armaments","Clothesline+1","True Grit","Evolve","Feed","Shrug It Off","Power Through","Inflame","Power Through"],"relics":["Burning Blood","Sundial","Darkstone Periapt","Calipers"],"potions_floor_usage":[7,13,13],"damage_taken":[{"damage":6,"enemies":"Cultist","floor":1,"turns":3},{"damage":21,"enemies":"Jaw Worm","floor":2,"turns":5},{"damage":7,"enemies":"Small Slimes","floor":3,"turns":4},{"damage":9,"enemies":"Looter","floor":4,"turns":4},{"damage":14,"enemies":"Exordium Wildlife","floor":5,"turns":4},{"damage":33,"enemies":"3 Sentries","floor":7,"turns":10},{"damage":14,"enemies":"Blue Slaver","floor":8,"turns":5},{"damage":6,"enemies":"2 Fungi Beasts","floor":10,"turns":4},{"damage":14,"enemies":"Gremlin Gang","floor":11,"turns":5},{"damage":38,"enemies":"Lagavulin","floor":13,"turns":7},{"damage":22,"enemies":"3 Louse","floor":14,"turns":3},{"damage":39,"enemies":"The Guardian","floor":16,"turns":13}],"seed_played":"1115983691740707096","potions_obtained":[{"floor":2,"key":"SteroidPotion"},{"floor":3,"key":"Regen Potion"},{"floor":8,"key":"Weak Potion"},{"floor":11,"key":"BloodPotion"}],"is_trial":false,"path_per_floor":["M","M","M","M","M","R","E","M","T","M","M","R","E","M","R","B"],"character_chosen":"IRONCLAD","items_purchased":[],"campfire_rested":2,"item_purchase_floors":[],"current_hp_per_floor":[68,53,52,49,41,41,29,25,25,28,23,48,24,11,37,0],"gold":239,"neow_bonus":"TRANSFORM_CARD","is_prod":false,"is_daily":false,"chose_seed":false,"campfire_upgraded":1,"win_rate":0,"timestamp":1557745503,"path_taken":["M","M","M","?","M","R","E","M","T","M","M","R","E","M","R","BOSS"],"build_version":"2019-05-07","purchased_purges":0,"victory":false,"max_hp_per_floor":[75,75,75,75,75,75,75,79,79,82,85,85,85,88,88,88],"card_choices":[{"not_picked":["Clash","Perfected Strike"],"picked":"Thunderclap","floor":1},{"not_picked":["Rampage","Sword Boomerang"],"picked":"Armaments","floor":2},{"not_picked":["Flame Barrier","Warcry"],"picked":"Clothesline","floor":3},{"not_picked":["Thunderclap","Perfected Strike"],"picked":"True Grit","floor":4},{"not_picked":["True Grit","Armaments"],"picked":"Evolve","floor":5},{"not_picked":["Hemokinesis","Shrug It Off"],"picked":"Feed","floor":7},{"not_picked":["True Grit","Reckless Charge"],"picked":"Shrug It Off","floor":8},{"not_picked":["Sword Boomerang","Clash"],"picked":"Power Through","floor":10},{"not_picked":["Whirlwind","Flex"],"picked":"Inflame","floor":11},{"not_picked":["Whirlwind","Fire Breathing","Anger"],"picked":"SKIP","floor":13},{"not_picked":["Anger","Heavy Blade"],"picked":"Power Through","floor":14}],"player_experience":696716,"relics_obtained":[{"floor":7,"key":"Sundial"},{"floor":9,"key":"Darkstone Periapt"},{"floor":13,"key":"Calipers"}],"event_choices":[],"is_beta":true,"boss_relics":[],"items_purged_floors":[],"is_endless":false,"potions_floor_spawned":[2,3,8,10,11],"killed_by":"The Guardian","ascension_level":20}