{"gold_per_floor":[110,123,139,139,157,157,183,193,275,304,304,47,58,84,84,183,183,201,218,237,253,253,253],"floor_reached":23,"playtime":1731,"items_purged":[],"score":265,"play_id":"fdca2e1e-edeb-4538-8dc4-12362a74bf58","local_time":"20181001221043","is_ascension_mode":false,"campfire_choices":[{"data":"Hyperbeam","floor":6,"key":"SMITH"},{"data":"Darkness","floor":11,"key":"SMITH"},{"data":"Mind Blast","floor":15,"key":"SMITH"}],"neow_cost":"","seed_source_timestamp":1362550706654978,"circlet_count":0,"master_deck":["Defend_B","Defend_B","Defend_B","Defend_B","Zap","Dualcast","Sweeping Beam","Conserve Battery","White Noise","Hyperbeam+1","Darkness+1","Fusion","Beam Cell","Mind Blast+1","Compile Driver","Core Surge","Core Surge","Compile Driver+1","Barrage","Conserve Battery","Coolheaded+1","Bite","Bite","Bite","Bite","Bite"],"relics":["Cracked Core","Strawberry","Meat on the Bone","Nunchaku","Lantern","Potion Belt","Nuclear Battery"],"potions_floor_usage":[5,16,20,23,23],"damage_taken":[{"damage":1,"enemies":"Jaw Worm","floor":1,"turns":4},{"damage":0,"enemies":"Small Slimes","floor":2,"turns":2},{"damage":1,"enemies":"Cultist","floor":3,"turns":3},{"damage":0,"enemies":"Gremlin Gang","floor":5,"turns":1},{"damage":0,"enemies":"3 Sentries","floor":7,"turns":2},{"damage":0,"enemies":"2 Fungi Beasts","floor":8,"turns":2},{"damage":46,"enemies":"Gremlin Nob","floor":10,"turns":5},{"damage":6,"enemies":"3 Louse","floor":13,"turns":2},{"damage":9,"enemies":"3 Sentries","floor":14,"turns":2},{"damage":12,"enemies":"The Guardian","floor":16,"turns":11},{"damage":13,"enemies":"3 Byrds","floor":18,"turns":3},{"damage":0,"enemies":"Shell Parasite","floor":19,"turns":2},{"damage":0,"enemies":"Centurion and Healer","floor":20,"turns":3},{"damage":24,"enemies":"Shelled Parasite and Fungi","floor":21,"turns":5},{"damage":56,"enemies":"Book of Stabbing","floor":23,"turns":5}],"seed_played":"-414644738750458071","potions_obtained":[{"floor":3,"key":"PowerPotion"},{"floor":5,"key":"FocusPotion"},{"floor":7,"key":"Ancient Potion"},{"floor":13,"key":"SpeedPotion"},{"floor":16,"key":"Strength Potion"},{"floor":18,"key":"SkillPotion"}],"is_trial":false,"path_per_floor":["M","M","M","?","M","R","E","M","T","E","R","$","M","E","R","B",null,"M","M","M","M","?"],"character_chosen":"DEFECT","items_purchased":["Mind Blast","Lantern"],"campfire_rested":0,"item_purchase_floors":[12,12],"current_hp_per_floor":[74,74,73,73,73,73,80,82,82,48,48,48,42,45,45,45,82,69,69,69,45,45,0],"gold":253,"neow_bonus":"","is_prod":false,"is_daily":false,"chose_seed":false,"campfire_upgraded":3,"win_rate":0,"timestamp":1538453443,"path_taken":["M","M","M","?","M","R","E","M","T","E","R","$","?","E","R","BOSS","M","M","M","?","?","E"],"build_version":"2018-09-27","purchased_purges":0,"victory":false,"max_hp_per_floor":[75,75,75,75,75,75,82,82,82,82,82,82,82,82,82,82,82,82,82,82,82,57,57],"card_choices":[{"not_picked":["Streamline","Consume"],"picked":"Sweeping Beam","floor":1},{"not_picked":["Cold Snap","Auto Shields"],"picked":"Conserve Battery","floor":2},{"not_picked":["Coolheaded","Leap"],"picked":"White Noise","floor":3},{"not_picked":["Steam","Reprogram"],"picked":"Hyperbeam","floor":5},{"not_picked":["Reboot","Cold Snap"],"picked":"Darkness","floor":7},{"not_picked":["Force Field","Redo"],"picked":"Fusion","floor":8},{"not_picked":["Coolheaded","Chaos"],"picked":"Beam Cell","floor":10},{"not_picked":["Steam","Reinforced Body"],"picked":"Compile Driver","floor":13},{"not_picked":["Redo","Chill"],"picked":"Core Surge","floor":14},{"not_picked":["All For One","Electrodynamics"],"picked":"Core Surge","floor":16},{"not_picked":["Reprogram","Storm"],"picked":"Compile Driver+1","floor":18},{"not_picked":["Force Field","Storm"],"picked":"Barrage","floor":19},{"not_picked":["FTL","Lockon+1"],"picked":"Conserve Battery","floor":20},{"not_picked":["Defragment","Compile Driver"],"picked":"Coolheaded+1","floor":21}],"player_experience":25234,"relics_obtained":[{"floor":7,"key":"Strawberry"},{"floor":9,"key":"Meat on the Bone"},{"floor":10,"key":"Nunchaku"},{"floor":14,"key":"Potion Belt"}],"event_choices":[{"event_name":"Living Wall","player_choice":"Forget","floor":4,"damage_taken":0},{"event_name":"Vampires","player_choice":"Became a vampire","floor":22,"damage_taken":0}],"is_beta":false,"boss_relics":[{"not_picked":["Tiny House","Lizard Tail"],"picked":"Nuclear Battery"}],"items_purged_floors":[],"is_endless":false,"potions_floor_spawned":[3,5,7,13,16,18],"killed_by":"Book of Stabbing","ascension_level":0}