{"gold_per_floor":[368,398,398,0,51,83,98,125,137,179,207,219,258,289,301,413,425,455,70,70,84,102,136,152,181,249,348,358,45,45,70,70,169,169,187,187,187,200,212,212,245,245,245,262,291,291,324,72,72,97],"floor_reached":51,"playtime":4243,"items_purged":["Regret"],"score":1357,"play_id":"fa866842-c4be-4b40-947b-29c1aaf28cce","local_time":"20190612021857","is_ascension_mode":true,"campfire_choices":[{"floor":15.0,"key":"REST"},{"floor":30.0,"key":"REST"},{"data":"Apotheosis","floor":32.0,"key":"SMITH"},{"floor":40,"key":"DIG"},{"floor":42,"key":"DIG"},{"floor":49,"key":"DIG"}],"neow_cost":"CURSE","seed_source_timestamp":1901129007706876,"circlet_count":0,"master_deck":["AscendersBane","Defend_G","Defend_G","Defend_G","Defend_G","Defend_G","Strike_G","Strike_G","Strike_G","Strike_G","Survivor","Neutralize","Writhe","Dagger Throw","Reflex","Apotheosis+1","Flying Knee","Poisoned Stab","Unload","Flying Knee","Blur","Acrobatics","PiercingWail","Calculated Gamble","Bane","Predator","Envenom","A Thousand Cuts","Blade Dance+1","Impatience","Transmutation","Dash","Cloak And Dagger+1","Flying Knee+1","All Out Attack+1","Dagger Throw","Footwork+1","Backflip","A Thousand Cuts","Venomology","Envenom","Acrobatics+1","The Bomb","Finesse","Sadistic Nature","Terror","Quick Slash+1","Acrobatics","Backflip+1","Eviscerate+1","Flash of Steel+1","Neutralize","Finisher"],"special_seed":0,"relics":["Ring of the Snake","Tiny Chest","Lantern","Blood Vial","Ginger","MawBank","Shuriken","Shovel","Ancient Tea Set","HoveringKite","Tingsha","Gremlin Horn","Pen Nib","Bottled Lightning","Kunai","Anchor","Eternal Feather","CultistMask","Paper Crane","The Specimen","Mango","Bottled Tornado","Bag of Marbles","Whetstone","Letter Opener","Blue Candle"],"potions_floor_usage":[33,39,41,45,47,50,50,50],"damage_taken":[{"damage":0.0,"enemies":"2 Louse","floor":1.0,"turns":3.0},{"damage":18.0,"enemies":"3 Sentries","floor":6.0,"turns":9.0},{"damage":16.0,"enemies":"Jaw Worm","floor":7.0,"turns":3.0},{"damage":17.0,"enemies":"Gremlin Nob","floor":8.0,"turns":5.0},{"damage":24.0,"enemies":"Lagavulin","floor":10.0,"turns":5.0},{"damage":0.0,"enemies":"Cultist","floor":11.0,"turns":4.0},{"damage":0.0,"enemies":"Gremlin Nob","floor":13.0,"turns":4.0},{"damage":6.0,"enemies":"Red Slaver","floor":14.0,"turns":2.0},{"damage":20.0,"enemies":"Hexaghost","floor":16.0,"turns":10.0},{"damage":5.0,"enemies":"Shell Parasite","floor":18.0,"turns":4.0},{"damage":0.0,"enemies":"3 Byrds","floor":21.0,"turns":4.0},{"damage":3.0,"enemies":"Snecko","floor":22.0,"turns":4.0},{"damage":28.0,"enemies":"Gremlin Leader","floor":23.0,"turns":6.0},{"damage":6.0,"enemies":"Centurion and Healer","floor":24.0,"turns":5.0},{"damage":21.0,"enemies":"Slavers","floor":25.0,"turns":4.0},{"damage":5.0,"enemies":"Shelled Parasite and Fungi","floor":28.0,"turns":4.0},{"damage":2.0,"enemies":"Book of Stabbing","floor":31.0,"turns":6.0},{"damage":4,"enemies":"Automaton","floor":33,"turns":6},{"damage":0,"enemies":"3 Darklings","floor":35,"turns":2},{"damage":0,"enemies":"Orb Walker","floor":38,"turns":3},{"damage":5,"enemies":"4 Shapes","floor":39,"turns":2},{"damage":15,"enemies":"Nemesis","floor":41,"turns":5},{"damage":0,"enemies":"Jaw Worm Horde","floor":44,"turns":4},{"damage":33,"enemies":"Giant Head","floor":45,"turns":7},{"damage":0,"enemies":"Reptomancer","floor":47,"turns":3},{"damage":46,"enemies":"Awakened One","floor":50,"turns":8}],"seed_played":"1476970974162428781","potions_obtained":[{"floor":1.0,"key":"Regen Potion"},{"floor":7.0,"key":"GhostInAJar"},{"floor":11.0,"key":"GhostInAJar"},{"floor":16.0,"key":"Fire Potion"},{"floor":18.0,"key":"Weak Potion"},{"floor":21.0,"key":"Swift Potion"},{"floor":23.0,"key":"Ancient Potion"},{"floor":33,"key":"AttackPotion"},{"floor":35,"key":"Swift Potion"},{"floor":44,"key":"Explosive Potion"},{"floor":45,"key":"Dexterity Potion"}],"is_trial":false,"path_per_floor":["M","?","?","$","T","E","M","E","T","E","M","?","E","M","R","B",null,"M","$","T","M","M","E","M","E","T","?","M","$","R","E","R","B",null,"M","?","?","M","M","R","E","R","T","M","E","?","E","$","R","B",null],"character_chosen":"THE_SILENT","items_purchased":["Apotheosis","Lantern","Flying Knee","Poisoned Stab","Impatience","Transmutation","Dash","A Thousand Cuts","Kunai","Letter Opener"],"campfire_rested":2,"item_purchase_floors":[4,4,4,4,19,19,19,29,29,48],"current_hp_per_floor":[63,63,63,63,63,47,33,18,18,10,12,12,14,10,31,13,56,53,53,53,55,54,28,24,5,5,5,2,2,23,23,23,36,62,64,54,54,56,53,70,55,84,84,84,51,51,62,62,84,38],"gold":97,"neow_bonus":"TWO_FIFTY_GOLD","is_prod":false,"is_daily":false,"chose_seed":false,"campfire_upgraded":1,"win_rate":0,"timestamp":1560327537,"path_taken":["M","?","?","$","?","E","M","E","T","E","M","?","E","M","R","BOSS","M","$","?","M","?","E","M","E","T","?","M","$","R","E","R","BOSS","M","?","?","M","?","R","E","R","T","M","E","?","E","?","R","BOSS"],"build_version":"2019-01-23","purchased_purges":1,"victory":true,"max_hp_per_floor":[70,70,70,70,70,70,70,70,70,70,70,70,70,70,70,70,70,70,70,70,70,70,70,70,70,70,70,70,70,70,70,70,70,70,70,70,70,70,70,70,70,84,84,84,84,84,84,84,84,84],"card_choices":[{"not_picked":["Dodge and Roll","Deflect"],"picked":"Dagger Throw","floor":1.0},{"not_picked":["Finisher","Bouncing Flask"],"picked":"Unload","floor":6.0},{"not_picked":["Blur","Bane"],"picked":"Flying Knee","floor":7.0},{"not_picked":["Deadly Poison","Setup"],"picked":"Blur","floor":8.0},{"not_picked":["Sucker Punch","Deflect"],"picked":"Acrobatics","floor":10.0},{"not_picked":["Expertise","Escape Plan"],"picked":"PiercingWail","floor":11.0},{"not_picked":["Prepared","Cloak And Dagger"],"picked":"Predator","floor":13.0},{"not_picked":["Deflect","Dodge and Roll"],"picked":"Envenom","floor":14.0},{"not_picked":["Bullet Time","Night Terror"],"picked":"A Thousand Cuts","floor":16.0},{"not_picked":["Heel Hook","Quick Slash"],"picked":"Blade Dance+1","floor":18.0},{"not_picked":["Terror","Accuracy"],"picked":"Cloak And Dagger+1","floor":21.0},{"not_picked":["Slice","Endless Agony"],"picked":"Flying Knee+1","floor":22.0},{"not_picked":["Blade Dance","Prepared"],"picked":"All Out Attack","floor":23.0},{"not_picked":["Accuracy","Dash"],"picked":"Dagger Throw","floor":24.0},{"not_picked":["All Out Attack","Accuracy"],"picked":"Footwork+1","floor":25.0},{"not_picked":["Skewer","Slice"],"picked":"Backflip","floor":28.0},{"not_picked":["Distraction","Footwork"],"picked":"Venomology","floor":31.0},{"not_picked":["Malaise","Bullet Time"],"picked":"Envenom","floor":33},{"not_picked":["Prepared","Finisher"],"picked":"Acrobatics+1","floor":35},{"not_picked":["Trip","Jack Of All Trades"],"picked":"The Bomb","floor":36},{"not_picked":["Trip","HandOfGreed"],"picked":"Finesse","floor":36},{"not_picked":["PanicButton","Purity"],"picked":"Sadistic Nature","floor":36},{"not_picked":["Deadly Poison+1","Poisoned Stab"],"picked":"Terror","floor":38},{"not_picked":["Deadly Poison+1","Endless Agony"],"picked":"Quick Slash+1","floor":39},{"not_picked":["Blade Dance","Unload"],"picked":"Acrobatics","floor":41},{"not_picked":["Acrobatics+1","Flechettes+1"],"picked":"Backflip+1","floor":44},{"not_picked":["Deflect","Crippling Poison"],"picked":"Eviscerate+1","floor":45},{"not_picked":["Skewer","Endless Agony+1"],"picked":"Finisher","floor":47}],"player_experience":344132,"relics_obtained":[{"floor":5.0,"key":"Blood Vial"},{"floor":6.0,"key":"Ginger"},{"floor":8.0,"key":"MawBank"},{"floor":9.0,"key":"Shuriken"},{"floor":10.0,"key":"Shovel"},{"floor":13.0,"key":"Ancient Tea Set"},{"floor":20.0,"key":"Tingsha"},{"floor":23.0,"key":"Gremlin Horn"},{"floor":25.0,"key":"Pen Nib"},{"floor":26.0,"key":"Bottled Lightning"},{"floor":31.0,"key":"Anchor"},{"floor":40,"key":"Paper Crane"},{"floor":41,"key":"The Specimen"},{"floor":42,"key":"Mango"},{"floor":43,"key":"Bottled Tornado"},{"floor":45,"key":"Bag of Marbles"},{"floor":47,"key":"Whetstone"},{"floor":49,"key":"Blue Candle"}],"event_choices":[{"damage_healed":0.0,"max_hp_gain":0.0,"max_hp_loss":0.0,"gold_gain":0.0,"event_name":"Big Fish","player_choice":"Box","floor":2.0,"gold_loss":0.0,"damage_taken":0.0,"relics_obtained":["Tiny Chest"],"cards_obtained":["Regret"]},{"damage_healed":0.0,"max_hp_gain":0.0,"max_hp_loss":0.0,"gold_gain":0.0,"cards_transformed":["Strike_G"],"event_name":"Living Wall","player_choice":"Change","floor":3.0,"gold_loss":0.0,"damage_taken":0.0,"cards_obtained":["Reflex"]},{"damage_healed":0.0,"max_hp_gain":0.0,"max_hp_loss":0.0,"gold_gain":0.0,"event_name":"Match and Keep!","player_choice":"2 cards matched","floor":12.0,"gold_loss":0.0,"damage_taken":0.0,"cards_obtained":["Calculated Gamble","Bane"]},{"damage_healed":0.0,"max_hp_gain":0.0,"max_hp_loss":0.0,"gold_gain":99.0,"event_name":"Nest","player_choice":"Stole From Cult","floor":27.0,"gold_loss":0.0,"damage_taken":0.0},{"damage_healed":0,"gold_gain":0,"player_choice":"Memory 3","damage_taken":10,"max_hp_gain":0,"max_hp_loss":0,"event_name":"SensoryStone","floor":36,"gold_loss":0},{"damage_healed":0,"gold_gain":0,"player_choice":"Trade","damage_taken":0,"relics_obtained":["CultistMask"],"max_hp_gain":0,"max_hp_loss":0,"event_name":"FaceTrader","floor":37,"gold_loss":0},{"damage_healed":0,"gold_gain":0,"player_choice":"2 cards matched","damage_taken":0,"max_hp_gain":0,"max_hp_loss":0,"event_name":"Match and Keep!","floor":46,"gold_loss":0,"cards_obtained":["Flash of Steel","Neutralize"]}],"is_beta":false,"boss_relics":[{"not_picked":["Busted Crown","Sozu"],"picked":"HoveringKite"},{"not_picked":["Coffee Dripper","Velvet Choker"],"picked":"Eternal Feather"}],"items_purged_floors":[19],"is_endless":false,"potions_floor_spawned":[1,7,11,16,18,21,23,33,35,44,45],"ascension_level":10}