{"gold_per_floor":[110,110,110,75,7,38,57,93,117,117,152,168,168,206,218,355,367,394,424,456,138,138,138,138],"floor_reached":24,"playtime":1778,"items_purged":[],"score":291,"play_id":"4ddae3cc-4cde-4ffd-a965-718ae6964935","local_time":"20190602192416","is_ascension_mode":true,"campfire_choices":[{"floor":10,"key":"REST"},{"floor":13,"key":"REST"},{"floor":15,"key":"REST"},{"data":"Echo Form","floor":23,"key":"SMITH"}],"neow_cost":"NONE","seed_source_timestamp":1102193956485067,"circlet_count":0,"master_deck":["Defend_B","Defend_B+1","Defend_B","Defend_B","Zap","Dualcast","Fission+1","Go for the Eyes","Loop","Reinforced Body+1","Barrage","Compile Driver","Loop","Compile Driver+1","Creative AI","Echo Form+1","Static Discharge+1","Capacitor","Cold Snap+1","Buffer","FTL+1","Consume","Go for the Eyes+1","Bite+1","Bite+1","Bite+1","Bite+1","Bite+1"],"relics":["Cracked Core","Golden Idol","Orichalcum","Letter Opener","War Paint","Molten Egg 2","MawBank","Runic Pyramid"],"potions_floor_usage":[8,8,11,14,18,18,18,24],"damage_taken":[{"damage":0,"enemies":"Cultist","floor":1,"turns":4},{"damage":45,"enemies":"3 Sentries","floor":6,"turns":8},{"damage":0,"enemies":"Small Slimes","floor":7,"turns":4},{"damage":21,"enemies":"Gremlin Nob","floor":8,"turns":6},{"damage":4,"enemies":"Lagavulin","floor":11,"turns":7},{"damage":2,"enemies":"Jaw Worm","floor":12,"turns":3},{"damage":25,"enemies":"3 Sentries","floor":14,"turns":7},{"damage":6,"enemies":"The Guardian","floor":16,"turns":10},{"damage":22,"enemies":"2 Thieves","floor":18,"turns":5},{"damage":3,"enemies":"Chosen","floor":19,"turns":8},{"damage":28,"enemies":"Snake Plant","floor":20,"turns":3},{"damage":37,"enemies":"Book of Stabbing","floor":24,"turns":6}],"seed_played":"-6255282410074314398","potions_obtained":[{"floor":6,"key":"SkillPotion"},{"floor":7,"key":"Weak Potion"},{"floor":8,"key":"GamblersBrew"},{"floor":12,"key":"Swift Potion"},{"floor":16,"key":"EntropicBrew"},{"floor":19,"key":"Strength Potion"}],"is_trial":false,"path_per_floor":["M","?","?","?","$","E","M","E","T","R","E","M","R","E","R","B",null,"M","M","M","$","?","R","E"],"character_chosen":"DEFECT","items_purchased":["Loop","Buffer","FTL+1","Consume","Go for the Eyes+1"],"campfire_rested":3,"item_purchase_floors":[5,21,21,21,21],"current_hp_per_floor":[75,57,57,75,75,30,30,9,9,31,27,25,47,22,44,38,75,53,50,22,22,22,22,0],"gold":138,"neow_bonus":"ONE_RANDOM_RARE_CARD","is_prod":false,"is_daily":false,"chose_seed":false,"campfire_upgraded":1,"win_rate":0,"timestamp":1559525056,"path_taken":["M","?","?","?","?","E","?","E","T","R","E","M","R","E","R","BOSS","M","M","M","$","?","R","E"],"build_version":"2019-01-23","purchased_purges":0,"victory":false,"max_hp_per_floor":[75,75,75,75,75,75,75,75,75,75,75,75,75,75,75,75,75,75,75,75,75,52,52,52],"card_choices":[{"not_picked":["Barrage","Aggregate"],"picked":"Go for the Eyes","floor":1},{"not_picked":["Hologram","Go for the Eyes"],"picked":"Reinforced Body","floor":6},{"not_picked":["Hologram","Darkness"],"picked":"Barrage","floor":7},{"not_picked":["Coolheaded","Force Field"],"picked":"Compile Driver","floor":8},{"not_picked":["Stack","Streamline"],"picked":"Loop","floor":11},{"not_picked":["Sweeping Beam+1","Steam Power"],"picked":"Compile Driver+1","floor":12},{"not_picked":["Ball Lightning+1","Gash+1"],"picked":"Creative AI","floor":14},{"not_picked":["Core Surge+1","Multi-Cast"],"picked":"Echo Form","floor":16},{"not_picked":["Cold Snap+1","Scrape+1"],"picked":"Static Discharge+1","floor":18},{"not_picked":["Redo","Rip and Tear+1"],"picked":"Capacitor","floor":19},{"not_picked":["Consume","Undo+1"],"picked":"Cold Snap+1","floor":20}],"player_experience":274746,"relics_obtained":[{"floor":6,"key":"Orichalcum"},{"floor":8,"key":"Letter Opener"},{"floor":9,"key":"War Paint"},{"floor":11,"key":"Molten Egg 2"},{"floor":14,"key":"MawBank"}],"event_choices":[{"damage_healed":0,"gold_gain":0,"player_choice":"Take Damage","damage_taken":18,"relics_obtained":["Golden Idol"],"max_hp_gain":0,"max_hp_loss":0,"event_name":"Golden Idol","floor":2,"gold_loss":0},{"damage_healed":0,"gold_gain":0,"player_choice":"Grow","damage_taken":0,"max_hp_gain":0,"max_hp_loss":0,"event_name":"Living Wall","floor":3,"gold_loss":0,"cards_upgraded":["Fission"]},{"damage_healed":18,"gold_gain":0,"player_choice":"Healed","damage_taken":0,"max_hp_gain":0,"max_hp_loss":0,"event_name":"The Cleric","floor":4,"gold_loss":35},{"damage_healed":0,"gold_gain":0,"player_choice":"Became a vampire","damage_taken":0,"max_hp_gain":0,"max_hp_loss":23,"event_name":"Vampires","floor":22,"gold_loss":0,"cards_obtained":["Bite","Bite","Bite","Bite","Bite"]}],"is_beta":false,"boss_relics":[{"not_picked":["Fusion Hammer","Astrolabe"],"picked":"Runic Pyramid"}],"items_purged_floors":[],"is_endless":false,"potions_floor_spawned":[6,7,8,12,16,19],"killed_by":"Book of Stabbing","ascension_level":4}