{"gold_per_floor":[118,118,118,137,155,155,186,198,267,267,267,42,42,73,73,146,146,163,183,183,198,198,198,198,227,251,251],"floor_reached":27,"playtime":828,"items_purged":["Parasite"],"score":418,"play_id":"3ddc711d-0848-4bee-9ad0-d93a29907d81","local_time":"20190615163929","is_ascension_mode":true,"campfire_choices":[{"data":"Zap","floor":6.0,"key":"SMITH"},{"floor":13.0,"key":"REST"},{"data":"Scrape","floor":15.0,"key":"SMITH"},{"floor":23.0,"key":"REST"},{"floor":24.0,"key":"REST"}],"neow_cost":"NONE","seed_source_timestamp":196001576958700,"circlet_count":0,"master_deck":["AscendersBane","Strike_B","Strike_B","Defend_B","Defend_B","Defend_B","Defend_B","Zap+1","Dualcast","Barrage","Sweeping Beam","Go for the Eyes","Defragment","Steam","Scrape+1","Fission+1","Genetic Algorithm+1","Turbo+1","Go for the Eyes","White Noise+1","Redo+1","Compile Driver","Coolheaded+1","Reboot+1","Beam Cell"],"special_seed":0,"relics":["Cracked Core","Bag of Marbles","Incense Burner","Shuriken","Toxic Egg 2","Oddly Smooth Stone","Strawberry","Orrery","WingedGreaves","Blue Candle","Smiling Mask"],"potions_floor_usage":[],"damage_taken":[{"damage":2.0,"enemies":"Jaw Worm","floor":1.0,"turns":3.0},{"damage":2.0,"enemies":"2 Louse","floor":4.0,"turns":3.0},{"damage":1.0,"enemies":"Cultist","floor":5.0,"turns":3.0},{"damage":44.0,"enemies":"3 Sentries","floor":7.0,"turns":7.0},{"damage":6.0,"enemies":"Blue Slaver","floor":8.0,"turns":4.0},{"damage":1.0,"enemies":"Gremlin Nob","floor":14.0,"turns":3.0},{"damage":25.0,"enemies":"Hexaghost","floor":16.0,"turns":7.0},{"damage":17.0,"enemies":"Spheric Guardian","floor":18.0,"turns":4.0},{"damage":30.0,"enemies":"2 Thieves","floor":19.0,"turns":4.0},{"damage":12.0,"enemies":"Centurion and Healer","floor":21.0,"turns":7.0},{"damage":23.0,"enemies":"Slavers","floor":25.0,"turns":7.0},{"damage":30,"enemies":"3 Cultists","floor":27,"turns":4}],"seed_played":"2948704036532680756","potions_obtained":[{"floor":4.0,"key":"FearPotion"},{"floor":8.0,"key":"Strength Potion"},{"floor":14.0,"key":"FocusPotion"},{"floor":16.0,"key":"SpeedPotion"}],"is_trial":false,"path_per_floor":["M","?","?","M","M","R","E","M","T","?","T","$","R","E","R","B",null,"M","M","?","M","T","R","R","E","T","M"],"character_chosen":"DEFECT","items_purchased":["Oddly Smooth Stone"],"campfire_rested":3,"item_purchase_floors":[12],"current_hp_per_floor":[62,55,55,53,52,52,8,2,2,19,19,19,39,45,45,20,61,44,14,14,2,2,24,46,23,23,0],"gold":251,"neow_bonus":"RANDOM_COMMON_RELIC","is_prod":false,"is_daily":false,"chose_seed":false,"campfire_upgraded":2,"win_rate":0,"timestamp":1560609569,"path_taken":["M","?","?","M","M","R","E","M","T","?","?","?","R","E","R","BOSS","M","M","?","M","?","R","R","E","T","M"],"build_version":"2019-06-13","purchased_purges":1,"victory":false,"max_hp_per_floor":[71,71,71,71,71,71,71,71,71,71,71,68,68,75,75,75,75,75,75,75,75,75,75,75,75,75,75],"card_choices":[{"not_picked":["Stack","Turbo"],"picked":"Barrage","floor":1.0},{"not_picked":["Streamline","Force Field"],"picked":"Sweeping Beam","floor":4.0},{"not_picked":["Double Energy","Hologram"],"picked":"Go for the Eyes","floor":5.0},{"not_picked":["Tempest","Blizzard"],"picked":"Defragment","floor":7.0},{"not_picked":["Aggregate","Barrage"],"picked":"Steam","floor":8.0},{"not_picked":["Meteor Strike","Rebound"],"picked":"Scrape","floor":14.0},{"not_picked":["Creative AI","Machine Learning"],"picked":"Fission+1","floor":16.0},{"not_picked":["Conserve Battery+1","Redo+1"],"picked":"Genetic Algorithm+1","floor":17.0},{"not_picked":["Rebound","Redo+1"],"picked":"Turbo+1","floor":17.0},{"not_picked":["Sunder","Chill+1"],"picked":"Go for the Eyes","floor":17.0},{"not_picked":["Genetic Algorithm+1","Buffer"],"picked":"White Noise+1","floor":17.0},{"not_picked":["Barrage","Turbo+1"],"picked":"Redo+1","floor":17.0},{"not_picked":["Force Field+1","Capacitor"],"picked":"Compile Driver","floor":18.0},{"not_picked":["Capacitor","Cold Snap"],"picked":"Coolheaded+1","floor":19.0},{"not_picked":["Leap+1","Conserve Battery+1"],"picked":"Reboot+1","floor":21.0},{"not_picked":["Steam+1","Consume+1"],"picked":"Beam Cell","floor":25.0}],"player_experience":842024,"relics_obtained":[{"floor":7.0,"key":"Incense Burner"},{"floor":9.0,"key":"Shuriken"},{"floor":11.0,"key":"Toxic Egg 2"},{"floor":14.0,"key":"Strawberry"},{"floor":22.0,"key":"WingedGreaves"},{"floor":25.0,"key":"Blue Candle"},{"floor":26.0,"key":"Smiling Mask"}],"event_choices":[{"cards_removed":["Strike_B"],"damage_healed":0.0,"max_hp_gain":0.0,"max_hp_loss":0.0,"gold_gain":0.0,"event_name":"Golden Wing","player_choice":"Card Removal","floor":2.0,"gold_loss":0.0,"damage_taken":7.0},{"damage_healed":0.0,"max_hp_gain":0.0,"max_hp_loss":0.0,"gold_gain":0.0,"event_name":"Liars Game","player_choice":"Ignored","floor":3.0,"gold_loss":0.0,"damage_taken":0.0},{"damage_healed":17.0,"max_hp_gain":0.0,"max_hp_loss":0.0,"gold_gain":0.0,"event_name":"Mushrooms","player_choice":"Healed and dodged fight","floor":10.0,"gold_loss":0.0,"damage_taken":0.0,"cards_obtained":["Parasite"]},{"cards_removed":["Strike_B"],"damage_healed":0.0,"max_hp_gain":0.0,"max_hp_loss":0.0,"gold_gain":0.0,"event_name":"Back to Basics","player_choice":"Elegance","floor":20.0,"gold_loss":0.0,"damage_taken":0.0}],"is_beta":true,"boss_relics":[{"not_picked":["Lizard Tail","Cursed Key"],"picked":"Orrery"}],"items_purged_floors":[12],"is_endless":false,"potions_floor_spawned":[4,8,14,16,18],"killed_by":"3 Cultists","ascension_level":15}