{"gold_per_floor":[10,0,0,17,30,59,59,87,87,104,104,119,134,164,164,260,260,274,285,18,18,18,43,59,71,71,22,49,26,59,78,78,180,180,198,198,214,284,334,364,377,407,434,460,460,479,583,609,609,609],"floor_reached":51,"playtime":5487,"items_purged":[],"score":1284,"play_id":"18666678-d740-48f0-ad77-4e989a1396ba","local_time":"20190521024044","is_ascension_mode":true,"campfire_choices":[{"data":"Footwork","floor":7,"key":"SMITH"},{"data":"Neutralize","floor":11,"key":"SMITH"},{"data":"Leg Sweep","floor":15,"key":"SMITH"},{"floor":32,"key":"REST"},{"floor":45,"key":"REST"},{"floor":49,"key":"REST"}],"neow_cost":"NO_GOLD","seed_source_timestamp":1202521827590,"circlet_count":0,"master_deck":["Defend_G+1","Defend_G+1","Defend_G+1","Defend_G+1","Defend_G+1","Strike_G+1","Strike_G+1","Strike_G+1","Survivor","Neutralize+1","Envenom+1","Bullet Time","Footwork+1","Bane","Flying Knee","Predator","Backstab","Dodge and Roll","Backflip","Leg Sweep+1","Riddle With Holes","After Image","Prepared+1","Catalyst+1","Footwork","Blur","Necronomicurse","Outmaneuver+1","Predator+1","Bouncing Flask+1","Cloak And Dagger","Noxious Fumes","Backflip","Burst","PiercingWail","Poisoned Stab+1","Adrenaline","Cloak And Dagger","Cloak And Dagger","Underhanded Strike+1","Quick Slash+1","Prepared+1","Dodge and Roll+1","Backflip","Panacea","PanicButton","Bandage Up","Bane+1","Parasite","Backflip+1","Burst","Bane+1","Dodge and Roll+1","Infinite Blades","Backflip","Calculated Gamble","Cloak And Dagger"],"relics":["Ring of the Snake","Gremlin Horn","Mango","Bird Faced Urn","Art of War","Fusion Hammer","Dream Catcher","Necronomicon","Molten Egg 2","Blue Candle","Ancient Tea Set","Mummified Hand","Orrery","SsserpentHead","Letter Opener","Bag of Preparation","Bag of Marbles","Vajra","Pocketwatch","Bronze Scales"],"potions_floor_usage":[6,12,14,30,30,37,41,42,47,50],"damage_taken":[{"damage":0,"enemies":"2 Louse","floor":1,"turns":4},{"damage":0,"enemies":"Jaw Worm","floor":4,"turns":6},{"damage":0,"enemies":"Cultist","floor":5,"turns":4},{"damage":0,"enemies":"3 Sentries","floor":6,"turns":8},{"damage":18,"enemies":"Lagavulin","floor":8,"turns":8},{"damage":0,"enemies":"3 Louse","floor":10,"turns":3},{"damage":0,"enemies":"Looter","floor":12,"turns":2},{"damage":6,"enemies":"Blue Slaver","floor":13,"turns":3},{"damage":0,"enemies":"Gremlin Nob","floor":14,"turns":3},{"damage":5,"enemies":"Hexaghost","floor":16,"turns":11},{"damage":0,"enemies":"3 Byrds","floor":18,"turns":6},{"damage":0,"enemies":"Chosen","floor":19,"turns":5},{"damage":0,"enemies":"Book of Stabbing","floor":23,"turns":6},{"damage":0,"enemies":"Snake Plant","floor":24,"turns":5},{"damage":0,"enemies":"Cultist and Chosen","floor":25,"turns":4},{"damage":0,"enemies":"Gremlin Leader","floor":28,"turns":4},{"damage":0,"enemies":"Slavers","floor":30,"turns":2},{"damage":0,"enemies":"3 Cultists","floor":31,"turns":7},{"damage":23,"enemies":"Collector","floor":33,"turns":8},{"damage":8,"enemies":"3 Shapes","floor":35,"turns":5},{"damage":0,"enemies":"3 Darklings","floor":37,"turns":5},{"damage":0,"enemies":"Sphere and 2 Shapes","floor":38,"turns":4},{"damage":15,"enemies":"Nemesis","floor":40,"turns":5},{"damage":28,"enemies":"Writhing Mass","floor":41,"turns":6},{"damage":0,"enemies":"Reptomancer","floor":42,"turns":6},{"damage":4,"enemies":"Nemesis","floor":44,"turns":5},{"damage":19,"enemies":"Transient","floor":46,"turns":5},{"damage":0,"enemies":"2 Orb Walkers","floor":47,"turns":4},{"damage":16,"enemies":"Giant Head","floor":48,"turns":7},{"damage":65,"enemies":"Time Eater","floor":50,"turns":9}],"seed_played":"5127431079924657509","potions_obtained":[{"floor":1,"key":"Explosive Potion"},{"floor":4,"key":"GamblersBrew"},{"floor":8,"key":"SkillPotion"},{"floor":10,"key":"Block Potion"},{"floor":13,"key":"SteroidPotion"},{"floor":19,"key":"AttackPotion"},{"floor":33,"key":"PowerPotion"},{"floor":35,"key":"Strength Potion"},{"floor":37,"key":"Dexterity Potion"},{"floor":42,"key":"Energy Potion"},{"floor":46,"key":"Explosive Potion"},{"floor":47,"key":"SpeedPotion"}],"is_trial":false,"path_per_floor":["M","?","?","M","M","E","R","E","T","M","R","M","M","E","R","B",null,"M","M","$","?","?","E","M","M","T","$","E","$","E","M","R","B",null,"M","?","M","M","?","E","M","E","T","E","R","M","?","E","R","B",null],"character_chosen":"THE_SILENT","items_purchased":["Footwork","Dream Catcher","Blur","Cloak And Dagger","Backflip"],"campfire_rested":3,"item_purchase_floors":[20,20,20,27,29],"current_hp_per_floor":[70,70,70,70,70,70,70,66,66,70,70,70,68,68,68,67,80,84,84,84,84,68,76,84,84,84,84,84,84,84,84,84,63,79,79,79,84,84,74,71,51,63,63,73,84,69,75,68,84,27],"gold":609,"neow_bonus":"TRANSFORM_TWO_CARDS","is_prod":false,"is_daily":false,"chose_seed":false,"campfire_upgraded":3,"win_rate":0,"timestamp":1558428044,"path_taken":["M","?","?","M","M","E","R","E","T","M","R","M","M","E","R","BOSS","M","M","?","?","?","E","M","M","T","$","E","?","E","M","R","BOSS","M","?","M","?","?","E","M","E","T","E","R","M","?","E","R","BOSS"],"build_version":"2019-01-23","purchased_purges":0,"victory":true,"max_hp_per_floor":[70,70,70,70,70,70,70,84,84,84,84,84,84,84,84,84,84,84,84,84,84,84,84,84,84,84,84,84,84,84,84,84,84,84,84,84,84,84,84,84,84,84,84,84,84,84,84,84,84,84],"card_choices":[{"not_picked":["Expertise","Dash"],"picked":"Footwork","floor":1},{"not_picked":["Masterful Stab","Heel Hook"],"picked":"Bane","floor":4},{"not_picked":["Sucker Punch","Eviscerate"],"picked":"Flying Knee","floor":5},{"not_picked":["Deadly Poison","Calculated Gamble"],"picked":"Predator","floor":6},{"not_picked":["Phantasmal Killer","Deadly Poison"],"picked":"Backstab","floor":8},{"not_picked":["Deflect","Prepared"],"picked":"Dodge and Roll","floor":10},{"not_picked":["Cloak And Dagger","Prepared"],"picked":"Backflip","floor":12},{"not_picked":["Acrobatics","Bane"],"picked":"Leg Sweep","floor":13},{"not_picked":["Grand Finale","Skewer"],"picked":"Riddle With Holes","floor":14},{"not_picked":["Burst","Bullet Time"],"picked":"After Image","floor":16},{"not_picked":["Outmaneuver","Choke"],"picked":"Prepared+1","floor":18},{"not_picked":["Choke","PiercingWail"],"picked":"Catalyst+1","floor":19},{"not_picked":["Blade Dance","Deadly Poison+1"],"picked":"Outmaneuver+1","floor":23},{"not_picked":["Flechettes+1","Sucker Punch+1"],"picked":"Predator+1","floor":24},{"not_picked":["Expertise","Eviscerate+1"],"picked":"Bouncing Flask+1","floor":25},{"not_picked":["Slice+1","Deadly Poison"],"picked":"Noxious Fumes","floor":28},{"not_picked":["Underhanded Strike+1","Crippling Poison"],"picked":"Burst","floor":30},{"not_picked":["Dagger Throw+1","Blade Dance"],"picked":"PiercingWail","floor":31},{"not_picked":["Blade Dance","Quick Slash+1"],"picked":"Poisoned Stab+1","floor":32},{"not_picked":["Bullet Time","Wraith Form v2"],"picked":"Adrenaline","floor":33},{"not_picked":["Flechettes+1","Accuracy"],"picked":"Cloak And Dagger","floor":34},{"not_picked":["Deadly Poison","Blade Dance"],"picked":"Cloak And Dagger","floor":34},{"not_picked":["Concentrate+1","Sucker Punch+1"],"picked":"Underhanded Strike+1","floor":34},{"not_picked":["Outmaneuver","Eviscerate+1"],"picked":"Quick Slash+1","floor":34},{"not_picked":["Bullet Time","Reflex"],"picked":"Prepared+1","floor":35},{"not_picked":["Poisoned Stab+1","Acrobatics+1"],"picked":"Dodge and Roll+1","floor":37},{"not_picked":["Deflect+1","Crippling Poison+1"],"picked":"Backflip","floor":38},{"not_picked":["Trip","Dark Shackles"],"picked":"Panacea","floor":39},{"not_picked":["Blind","Good Instincts"],"picked":"PanicButton","floor":39},{"not_picked":["Purity","Jack Of All Trades"],"picked":"Bandage Up","floor":39},{"not_picked":["Tactician","Outmaneuver"],"picked":"Bane+1","floor":40},{"not_picked":["Deflect+1","Dodge and Roll+1"],"picked":"Backflip+1","floor":41},{"not_picked":["Expertise","Endless Agony+1"],"picked":"Burst","floor":42},{"not_picked":["All Out Attack+1","Flying Knee+1"],"picked":"Bane+1","floor":44},{"not_picked":["Choke+1","Deadly Poison+1"],"picked":"Dodge and Roll+1","floor":45},{"not_picked":["Skewer+1","Crippling Poison"],"picked":"Infinite Blades","floor":46},{"not_picked":["Deadly Poison+1","Underhanded Strike+1"],"picked":"Backflip","floor":47},{"not_picked":["Quick Slash+1","Outmaneuver"],"picked":"Calculated Gamble","floor":48},{"not_picked":["Sucker Punch+1","Quick Slash+1"],"picked":"Cloak And Dagger","floor":49}],"player_experience":227873,"relics_obtained":[{"floor":6,"key":"Gremlin Horn"},{"floor":8,"key":"Mango"},{"floor":9,"key":"Bird Faced Urn"},{"floor":14,"key":"Art of War"},{"floor":22,"key":"Necronomicon"},{"floor":23,"key":"Molten Egg 2"},{"floor":26,"key":"Blue Candle"},{"floor":28,"key":"Ancient Tea Set"},{"floor":30,"key":"Mummified Hand"},{"floor":40,"key":"Letter Opener"},{"floor":42,"key":"Bag of Preparation"},{"floor":43,"key":"Bag of Marbles"},{"floor":44,"key":"Vajra"},{"floor":47,"key":"Pocketwatch"},{"floor":48,"key":"Bronze Scales"}],"event_choices":[{"damage_healed":0,"gold_gain":0,"player_choice":"Left Gold","damage_taken":0,"max_hp_gain":0,"max_hp_loss":0,"event_name":"World of Goop","floor":2,"gold_loss":10},{"damage_healed":0,"gold_gain":0,"player_choice":"Upgraded","damage_taken":0,"max_hp_gain":0,"max_hp_loss":0,"event_name":"Upgrade Shrine","floor":3,"gold_loss":0,"cards_upgraded":["Envenom"]},{"damage_healed":0,"gold_gain":0,"player_choice":"Simplicity","damage_taken":0,"max_hp_gain":0,"max_hp_loss":0,"event_name":"Back to Basics","floor":21,"gold_loss":0,"cards_upgraded":["Defend_G","Defend_G","Defend_G","Defend_G","Defend_G","Strike_G","Strike_G","Strike_G"]},{"damage_healed":0,"gold_gain":0,"player_choice":"Obtained Book","damage_taken":16,"max_hp_gain":0,"max_hp_loss":0,"event_name":"Cursed Tome","floor":22,"gold_loss":0},{"damage_healed":0,"gold_gain":0,"player_choice":"Trade","damage_taken":0,"relics_obtained":["SsserpentHead"],"max_hp_gain":0,"max_hp_loss":0,"event_name":"FaceTrader","floor":36,"gold_loss":0},{"damage_healed":0,"gold_gain":0,"player_choice":"Memory 3","damage_taken":10,"max_hp_gain":0,"max_hp_loss":0,"event_name":"SensoryStone","floor":39,"gold_loss":0},{"damage_healed":0,"gold_gain":0,"player_choice":"Fight","damage_taken":0,"max_hp_gain":0,"max_hp_loss":0,"event_name":"Mysterious Sphere","floor":47,"gold_loss":0}],"is_beta":false,"boss_relics":[{"not_picked":["Busted Crown","Eternal Feather"],"picked":"Fusion Hammer"},{"not_picked":["Lizard Tail","Pandora\u0027s Box"],"picked":"Orrery"}],"items_purged_floors":[],"is_endless":false,"potions_floor_spawned":[1,4,8,10,13,19,23,25,33,35,37,42,46,47],"ascension_level":5}