{"gold_per_floor":[117,134,134,144,163,191,191,204,204,217,231,231,231,250,250,352,352,367,384,402,402,422,422,451,631,658,658,672,686,686,715,715,813,813,832,851,479,496,516,516,529,287,287,287,314,327,327,327,327,327],"floor_reached":50,"playtime":4657,"items_purged":["Strike_R","Strike_R"],"score":520,"play_id":"c93ee5d8-cba6-4f8a-9193-5d826e61b55a","local_time":"20190622024019","is_ascension_mode":false,"campfire_choices":[{"floor":7.0,"key":"REST"},{"floor":13.0,"key":"REST"},{"data":"Armaments","floor":15.0,"key":"SMITH"},{"floor":23,"key":"RECALL"},{"floor":27,"key":"REST"},{"floor":30,"key":"REST"},{"floor":32,"key":"REST"},{"floor":40,"key":"REST"},{"floor":44,"key":"REST"},{"floor":47,"key":"REST"},{"floor":49,"key":"REST"}],"neow_cost":"NONE","seed_source_timestamp":0,"circlet_count":0,"master_deck":["Strike_R","Strike_R","Defend_R","Defend_R","Defend_R","Defend_R","Bash","Twin Strike","Searing Blow","Armaments+1","Body Slam","Iron Wave","Ghostly Armor","Disarm","Madness","Limit Break","Flex+1","Flex+1","Thunderclap","Limit Break","Twin Strike+1","Double Tap","Writhe","Cleave+1"],"special_seed":0,"relics":["Burning Blood","Unceasing Top","Mercury Hourglass","Fusion Hammer","Strawberry","FossilizedHelix","Cursed Key","Calipers","Molten Egg 2","The Courier"],"potions_floor_usage":[31,33,33,38,41,46,46,50],"damage_taken":[{"damage":0.0,"enemies":"Cultist","floor":1.0,"turns":3.0},{"damage":7.0,"enemies":"2 Louse","floor":2.0,"turns":3.0},{"damage":6.0,"enemies":"Jaw Worm","floor":4.0,"turns":3.0},{"damage":11.0,"enemies":"Blue Slaver","floor":5.0,"turns":4.0},{"damage":60.0,"enemies":"Gremlin Nob","floor":6.0,"turns":6.0},{"damage":3.0,"enemies":"Lots of Slimes","floor":8.0,"turns":2.0},{"damage":9.0,"enemies":"Exordium Thugs","floor":10.0,"turns":5.0},{"damage":2.0,"enemies":"Blue Slaver","floor":11.0,"turns":4.0},{"damage":11.0,"enemies":"Large Slime","floor":14.0,"turns":5.0},{"damage":21.0,"enemies":"Hexaghost","floor":16.0,"turns":13.0},{"damage":28.0,"enemies":"Spheric Guardian","floor":18.0,"turns":6.0},{"damage":0.0,"enemies":"Chosen","floor":19.0,"turns":6.0},{"damage":5.0,"enemies":"Snecko","floor":20.0,"turns":4.0},{"damage":13.0,"enemies":"Centurion and Healer","floor":22.0,"turns":7.0},{"damage":19,"enemies":"Book of Stabbing","floor":24,"turns":7},{"damage":11,"enemies":"Snake Plant","floor":28,"turns":6},{"damage":7,"enemies":"Shelled Parasite and Fungi","floor":29,"turns":5},{"damage":35,"enemies":"Slavers","floor":31,"turns":4},{"damage":25,"enemies":"Collector","floor":33,"turns":7},{"damage":1,"enemies":"3 Shapes","floor":35,"turns":3},{"damage":28,"enemies":"Orb Walker","floor":36,"turns":5},{"damage":13,"enemies":"Sphere and 2 Shapes","floor":38,"turns":5},{"damage":44,"enemies":"Writhing Mass","floor":39,"turns":8},{"damage":41,"enemies":"Transient","floor":41,"turns":5},{"damage":42,"enemies":"Nemesis","floor":45,"turns":7},{"damage":12,"enemies":"4 Shapes","floor":46,"turns":9},{"damage":95,"enemies":"Donu and Deca","floor":50,"turns":6}],"seed_played":"-8332376811254320415","potions_obtained":[{"floor":0.0,"key":"Explosive Potion"},{"floor":0.0,"key":"Swift Potion"},{"floor":0.0,"key":"Energy Potion"},{"floor":2.0,"key":"BloodPotion"},{"floor":5.0,"key":"AttackPotion"},{"floor":6.0,"key":"BloodPotion"},{"floor":8.0,"key":"Explosive Potion"},{"floor":14.0,"key":"SpeedPotion"},{"floor":19.0,"key":"Dexterity Potion"},{"floor":28,"key":"PowerPotion"},{"floor":29,"key":"Strength Potion"},{"floor":31,"key":"Dexterity Potion"},{"floor":36,"key":"Regen Potion"},{"floor":39,"key":"SkillPotion"},{"floor":45,"key":"LiquidBronze"},{"floor":46,"key":"AttackPotion"}],"is_trial":false,"path_per_floor":["M","M","?","M","M","E","R","M","T","M","M","?","R","M","R","B",null,"M","M","M","?","M","R","E","?","T","R","M","M","R","E","R","B",null,"M","M","$","M","M","R","M","$","T","R","E","M","R","?","R","B"],"character_chosen":"IRONCLAD","items_purchased":["Calipers","Double Tap"],"campfire_rested":9,"item_purchase_floors":[37,42],"current_hp_per_floor":[80,79,79,79,74,20,44,47,47,52,56,56,80,75,75,60,80,58,72,73,73,66,66,60,36,36,62,57,56,82,53,79,60,87,87,65,65,72,34,60,25,25,25,51,15,9,35,87,87,0],"gold":327,"neow_bonus":"THREE_SMALL_POTIONS","is_prod":false,"is_daily":false,"chose_seed":false,"campfire_upgraded":1,"win_rate":0,"timestamp":1561185619,"path_taken":["M","M","?","M","M","E","R","M","T","M","M","?","R","M","R","BOSS","M","M","?","?","M","R","E","?","T","R","?","M","R","E","R","BOSS","M","M","?","?","M","R","M","$","T","R","E","M","R","?","R","BOSS"],"build_version":"2019-01-23","purchased_purges":2,"victory":false,"max_hp_per_floor":[80,80,80,80,80,80,80,80,80,80,80,80,80,80,80,80,80,80,80,80,80,80,80,87,87,87,87,87,87,87,87,87,87,87,87,87,87,87,87,87,87,87,87,87,87,87,87,87,87,87],"card_choices":[{"not_picked":["Clash","Reckless Charge"],"picked":"Twin Strike","floor":1.0},{"not_picked":["Feel No Pain","Clothesline","Headbutt"],"picked":"SKIP","floor":2.0},{"not_picked":["Anger","Armaments"],"picked":"Searing Blow","floor":4.0},{"not_picked":["Carnage","Shockwave"],"picked":"Armaments","floor":5.0},{"not_picked":["Twin Strike","Rage"],"picked":"Body Slam","floor":6.0},{"not_picked":["Blood for Blood","Sword Boomerang"],"picked":"Iron Wave","floor":8.0},{"not_picked":["Anger","Perfected Strike"],"picked":"Ghostly Armor","floor":10.0},{"not_picked":["Immolate","Clothesline"],"picked":"Disarm","floor":11.0},{"not_picked":["Reckless Charge","Wild Strike","Anger"],"picked":"SKIP","floor":14.0},{"not_picked":["Juggernaut","Feed"],"picked":"Limit Break","floor":16.0},{"not_picked":["Evolve","Headbutt+1"],"picked":"Flex+1","floor":18.0},{"not_picked":["Dual Wield","Uppercut","Sentinel"],"picked":"SKIP","floor":19.0},{"not_picked":["Perfected Strike+1","Wild Strike","True Grit"],"picked":"SKIP","floor":20.0},{"not_picked":["Shrug It Off","Blood for Blood"],"picked":"Flex+1","floor":22},{"not_picked":["Reckless Charge","Dropkick","Combust+1"],"picked":"SKIP","floor":24},{"not_picked":["Clothesline","Iron Wave","Body Slam"],"picked":"SKIP","floor":28},{"not_picked":["Berserk","Shrug It Off"],"picked":"Thunderclap","floor":29},{"not_picked":["Wild Strike","Exhume","Headbutt+1"],"picked":"SKIP","floor":31},{"not_picked":["Offering","Feed"],"picked":"Limit Break","floor":33},{"not_picked":["Clothesline+1","Wild Strike+1","Twin Strike"],"picked":"SKIP","floor":35},{"not_picked":["Clash+1","True Grit","Anger+1"],"picked":"SKIP","floor":36},{"not_picked":["Clash+1","Sever Soul"],"picked":"Twin Strike+1","floor":38},{"not_picked":["Clash","Corruption+1","Battle Trance+1"],"picked":"SKIP","floor":39},{"not_picked":["Thunderclap+1","True Grit","Flex"],"picked":"SKIP","floor":41},{"not_picked":["Clothesline+1","Immolate+1","Sentinel"],"picked":"SKIP","floor":45},{"not_picked":["Perfected Strike+1","Headbutt+1"],"picked":"Cleave+1","floor":46}],"player_experience":107196,"relics_obtained":[{"floor":6.0,"key":"Unceasing Top"},{"floor":9.0,"key":"Mercury Hourglass"},{"floor":24,"key":"Strawberry"},{"floor":31,"key":"FossilizedHelix"},{"floor":43,"key":"Molten Egg 2"},{"floor":45,"key":"The Courier"}],"event_choices":[{"cards_removed":["Strike_R"],"damage_healed":0.0,"max_hp_gain":0.0,"max_hp_loss":0.0,"gold_gain":0.0,"event_name":"Living Wall","player_choice":"Forget","floor":3.0,"gold_loss":0.0,"damage_taken":0.0},{"damage_healed":0.0,"max_hp_gain":0.0,"max_hp_loss":0.0,"gold_gain":0.0,"event_name":"Match and Keep!","player_choice":"1 cards matched","floor":12.0,"gold_loss":0.0,"damage_taken":0.0,"cards_obtained":["Madness"]},{"damage_healed":0.0,"max_hp_gain":0.0,"max_hp_loss":0.0,"gold_gain":0.0,"event_name":"Cursed Tome","player_choice":"Ignored","floor":21.0,"gold_loss":0.0,"damage_taken":0.0},{"damage_healed":0,"gold_gain":180,"player_choice":"GOLD GOLD ","damage_taken":24,"max_hp_gain":0,"max_hp_loss":0,"event_name":"Knowing Skull","floor":25,"potions_obtained":[],"gold_loss":0,"cards_obtained":[]},{"damage_healed":52,"gold_gain":0,"player_choice":"Full Heal","damage_taken":0,"max_hp_gain":0,"max_hp_loss":0,"event_name":"Wheel of Change","floor":48,"gold_loss":0}],"is_beta":false,"boss_relics":[{"not_picked":["Eternal Feather","Coffee Dripper"],"picked":"Fusion Hammer"},{"not_picked":["Black Star","Tiny House"],"picked":"Cursed Key"}],"items_purged_floors":[37,42],"is_endless":false,"potions_floor_spawned":[2,5,6,8,14,19,28,29,31,36,39,45,46],"killed_by":"Donu and Deca","ascension_level":0}