{"gold_per_floor":[111,111,124,138,148,148,207,207,207,207,218,218,250,264,264,264],"floor_reached":16,"playtime":506,"items_purged":[],"score":218,"play_id":"3bf186a0-15ac-43f4-a3b9-b8b0e538d43d","local_time":"20190613004620","is_ascension_mode":true,"campfire_choices":[{"data":"Finisher","floor":6,"key":"SMITH"},{"floor":10,"key":"REST"},{"data":"Cloak And Dagger","floor":12,"key":"SMITH"},{"floor":15,"key":"REST"}],"neow_cost":"NONE","seed_source_timestamp":179613137296800,"circlet_count":0,"master_deck":["AscendersBane","Strike_G","Strike_G","Strike_G","Defend_G","Defend_G","Defend_G","Defend_G","Defend_G","Survivor","Neutralize","Finisher+1","Blade Dance","Cloak And Dagger+1","Blade Dance","Crippling Poison","Backflip"],"relics":["Ring of the Snake","Boot","Tiny Chest","Ornamental Fan","Tough Bandages"],"potions_floor_usage":[7,16,16],"damage_taken":[{"damage":8,"enemies":"Jaw Worm","floor":1,"turns":5},{"damage":0,"enemies":"Cultist","floor":3,"turns":3},{"damage":0,"enemies":"2 Louse","floor":4,"turns":2},{"damage":3,"enemies":"Large Slime","floor":5,"turns":4},{"damage":26,"enemies":"Gremlin Nob","floor":7,"turns":5},{"damage":2,"enemies":"Exordium Wildlife","floor":11,"turns":2},{"damage":24,"enemies":"3 Sentries","floor":13,"turns":14},{"damage":7,"enemies":"Lots of Slimes","floor":14,"turns":3},{"damage":29,"enemies":"Slime Boss","floor":16,"turns":8}],"seed_played":"8772164906856858149","potions_obtained":[{"floor":3,"key":"Ancient Potion"},{"floor":11,"key":"PowerPotion"},{"floor":13,"key":"Block Potion"}],"is_trial":false,"path_per_floor":["M","?","M","M","M","R","E","?","T","R","M","R","E","M","R","B"],"character_chosen":"THE_SILENT","items_purchased":[],"campfire_rested":2,"item_purchase_floors":[],"current_hp_per_floor":[51,51,51,51,48,48,22,15,15,34,32,32,8,1,20,0],"gold":264,"neow_bonus":"RANDOM_COMMON_RELIC","is_prod":false,"is_daily":false,"chose_seed":false,"campfire_upgraded":2,"win_rate":0,"timestamp":1560379580,"path_taken":["M","?","M","M","?","R","E","?","T","R","M","R","E","M","R","BOSS"],"build_version":"2019-06-11","purchased_purges":0,"victory":false,"max_hp_per_floor":[66,66,66,66,66,66,66,66,66,66,66,66,66,66,66,66],"card_choices":[{"not_picked":["Dagger Spray","Quick Slash"],"picked":"Finisher","floor":1},{"not_picked":["Catalyst","Caltrops"],"picked":"Blade Dance","floor":3},{"not_picked":["Bane","Outmaneuver"],"picked":"Cloak And Dagger","floor":4},{"not_picked":["Deadly Poison","Backflip"],"picked":"Blade Dance","floor":5},{"not_picked":["Reflex","Prepared","Underhanded Strike"],"picked":"SKIP","floor":7},{"not_picked":["Acrobatics","Terror"],"picked":"Crippling Poison","floor":11},{"not_picked":["Setup","Skewer"],"picked":"Backflip","floor":13},{"not_picked":["Underhanded Strike","Blade Dance","Quick Slash"],"picked":"SKIP","floor":14}],"player_experience":818165,"relics_obtained":[{"floor":7,"key":"Tiny Chest"},{"floor":9,"key":"Ornamental Fan"},{"floor":13,"key":"Tough Bandages"}],"event_choices":[{"cards_removed":["Strike_G"],"damage_healed":0,"gold_gain":0,"player_choice":"Offered Basic","damage_taken":0,"max_hp_gain":0,"max_hp_loss":0,"event_name":"Bonfire Elementals","floor":2,"gold_loss":0},{"cards_removed":["Strike_G"],"damage_healed":0,"gold_gain":0,"player_choice":"Card Removal","damage_taken":7,"max_hp_gain":0,"max_hp_loss":0,"event_name":"Golden Wing","floor":8,"gold_loss":0}],"is_beta":true,"boss_relics":[],"items_purged_floors":[],"is_endless":false,"potions_floor_spawned":[3,11,13],"killed_by":"Slime Boss","ascension_level":19}