{"gold_per_floor":[110,185,460,472,484,514,514,514,514,524,524],"floor_reached":11,"playtime":883,"items_purged":[],"score":73,"play_id":"cf50fe5a-acdc-49db-8bfc-13fe633f94a5","local_time":"20181002012917","is_ascension_mode":false,"campfire_choices":[{"floor":8,"key":"REST"}],"neow_cost":"NONE","seed_source_timestamp":1375312682452292,"circlet_count":0,"master_deck":["Strike_R","Strike_R","Strike_R","Strike_R","Strike_R","Defend_R","Defend_R","Defend_R","Defend_R","Bash","Heavy Blade","Regret","Combust+1","Bloodletting","Dual Wield","Heavy Blade"],"relics":["Eternal Feather","Matryoshka","Bottled Lightning","Frozen Egg 2"],"potions_floor_usage":[10,11],"damage_taken":[{"damage":0,"enemies":"Small Slimes","floor":1,"turns":4},{"damage":3,"enemies":"Cultist","floor":4,"turns":4},{"damage":14,"enemies":"Jaw Worm","floor":5,"turns":3},{"damage":38,"enemies":"3 Sentries","floor":6,"turns":6},{"damage":13,"enemies":"Looter","floor":10,"turns":3},{"damage":37,"enemies":"Lagavulin","floor":11,"turns":5}],"seed_played":"-2528230042075353010","potions_obtained":[{"floor":5,"key":"FearPotion"},{"floor":10,"key":"PowerPotion"}],"is_trial":false,"path_per_floor":["M","?","?","M","M","E","?","R","T","M"],"character_chosen":"IRONCLAD","items_purchased":[],"campfire_rested":1,"item_purchase_floors":[],"current_hp_per_floor":[80,72,72,69,55,17,17,50,50,37,0],"gold":524,"neow_bonus":"BOSS_RELIC","is_prod":false,"is_daily":false,"chose_seed":false,"campfire_upgraded":0,"win_rate":0.0,"timestamp":1538465357,"path_taken":["M","?","?","M","M","E","?","R","T","M","E"],"build_version":"2018-09-27","purchased_purges":0,"victory":false,"max_hp_per_floor":[80,80,80,80,80,80,80,80,80,80,80],"card_choices":[{"not_picked":["Thunderclap","Sever Soul"],"picked":"Heavy Blade","floor":1},{"not_picked":["Reckless Charge","Blood for Blood"],"picked":"Combust","floor":4},{"not_picked":["Sword Boomerang","Inflame"],"picked":"Bloodletting","floor":5},{"not_picked":["Second Wind","Entrench"],"picked":"Dual Wield","floor":6},{"not_picked":["Warcry","Perfected Strike"],"picked":"Heavy Blade","floor":10}],"player_experience":37852,"relics_obtained":[{"floor":6,"key":"Matryoshka"},{"floor":9,"key":"Bottled Lightning"},{"floor":9,"key":"Frozen Egg 2"}],"event_choices":[{"event_name":"FaceTrader","player_choice":"Touch","floor":2,"damage_taken":0},{"event_name":"Golden Shrine","player_choice":"Desecrate","floor":3,"damage_taken":0},{"event_name":"Living Wall","player_choice":"Grow","floor":7,"damage_taken":0}],"is_beta":false,"boss_relics":[],"items_purged_floors":[],"is_endless":false,"potions_floor_spawned":[5,10],"killed_by":"Lagavulin","ascension_level":0}