{"gold_per_floor":[312,69,244,11,22,22,50,50,50,75,87,99],"floor_reached":12,"playtime":601,"items_purged":[],"score":87,"play_id":"a6ef2603-e3ec-4965-946e-972f85a87007","local_time":"20190516012011","is_ascension_mode":true,"campfire_choices":[{"data":"Armaments","floor":6,"key":"SMITH"},{"data":"Dual Wield","floor":8,"key":"SMITH"}],"neow_cost":"NO_GOLD","seed_source_timestamp":2887485236495781,"circlet_count":0,"master_deck":["Strike_R","Strike_R","Strike_R","Strike_R","Strike_R","Defend_R","Defend_R","Defend_R","Defend_R","Bash","Warcry","Armaments+1","Iron Wave","Doubt","True Grit+1","Secret Technique","True Grit","Dual Wield+1","Feed"],"relics":["Burning Blood","Old Coin","Bronze Scales","Singing Bowl","MawBank"],"potions_floor_usage":[12],"damage_taken":[{"damage":6,"enemies":"Cultist","floor":1,"turns":3},{"damage":6,"enemies":"Jaw Worm","floor":5,"turns":4},{"damage":55,"enemies":"Gremlin Nob","floor":7,"turns":6},{"damage":0,"enemies":"2 Louse","floor":10,"turns":4},{"damage":38,"enemies":"Lagavulin","floor":12,"turns":8}],"seed_played":"-567160603308912332","potions_obtained":[{"floor":7,"key":"SteroidPotion"},{"floor":10,"key":"Swift Potion"}],"is_trial":false,"path_per_floor":["M","$","?","$","M","R","E","R","T","M","?","E"],"character_chosen":"IRONCLAD","items_purchased":["Bronze Scales","Armaments","Iron Wave","True Grit","Secret Technique"],"campfire_rested":0,"item_purchase_floors":[2,2,2,4,4],"current_hp_per_floor":[80,80,80,80,80,80,31,31,31,37,37,0],"gold":99,"neow_bonus":"ONE_RARE_RELIC","is_prod":false,"is_daily":false,"chose_seed":false,"campfire_upgraded":2,"win_rate":0,"timestamp":1557991211,"path_taken":["M","$","?","$","M","R","E","R","T","M","?","E"],"build_version":"2019-01-23","purchased_purges":0,"victory":false,"max_hp_per_floor":[80,80,80,80,80,80,80,80,80,80,80,80],"card_choices":[{"not_picked":["Body Slam","Battle Trance"],"picked":"Warcry","floor":1},{"not_picked":["Clash","Sword Boomerang"],"picked":"True Grit","floor":5},{"not_picked":["True Grit","Anger"],"picked":"Dual Wield","floor":7},{"not_picked":["Dual Wield","Reckless Charge"],"picked":"Feed","floor":10}],"player_experience":197551,"relics_obtained":[{"floor":7,"key":"Singing Bowl"},{"floor":9,"key":"MawBank"}],"event_choices":[{"damage_healed":0,"gold_gain":175,"player_choice":"AGREE","damage_taken":0,"max_hp_gain":0,"max_hp_loss":0,"event_name":"Liars Game","floor":3,"gold_loss":0,"cards_obtained":["Doubt"]},{"damage_healed":0,"gold_gain":0,"player_choice":"Upgraded","damage_taken":0,"max_hp_gain":0,"max_hp_loss":0,"event_name":"Upgrade Shrine","floor":11,"gold_loss":0,"cards_upgraded":["True Grit"]}],"is_beta":false,"boss_relics":[],"items_purged_floors":[],"is_endless":false,"potions_floor_spawned":[7,10],"killed_by":"Lagavulin","ascension_level":3}