{"gold_per_floor":[119,44,44,56,75,75,105,118,118,118,129,54,54,85,85,157,157,172,192,203,214,214,214,244,258,258,258,308,325,425,441,441,512,512,523,572,26,26,38,38,51,84,84,98,198,0,325,344,344,344],"floor_reached":51,"playtime":2911,"items_purged":["Strike_B","Defend_B"],"score":1457,"play_id":"50fa68dc-2bda-445e-95c2-64a1a6c44b61","local_time":"20190623075540","is_ascension_mode":true,"campfire_choices":[{"data":"Zap","floor":6.0,"key":"SMITH"},{"floor":10.0,"key":"REST"},{"data":"Biased Cognition","floor":13.0,"key":"SMITH"},{"floor":15.0,"key":"REST"},{"floor":23.0,"key":"REST"},{"floor":27.0,"key":"REST"},{"floor":32.0,"key":"REST"},{"floor":40.0,"key":"REST"},{"floor":49,"key":"REST"}],"neow_cost":"NONE","seed_source_timestamp":853515447445200,"circlet_count":0,"master_deck":["AscendersBane","Defend_B","Defend_B","Defend_B","Zap+1","Dualcast","Rip and Tear","Sweeping Beam","Leap","Compile Driver","Biased Cognition+1","Defragment","Chill","Echo Form","Conserve Battery","BootSequence","Defragment","Coolheaded","Gash","Seek","Electrodynamics","Chaos+1","Ball Lightning","Self Repair","Coolheaded","Echo Form","Go for the Eyes+1","Leap","FTL","Heatsinks+1","Madness","Madness","Glacier","Rainbow","Heatsinks+1","White Noise","Hologram","Loop+1","Leap+1"],"special_seed":0,"relics":["Cracked Core","Question Card","Bottled Flame","Oddly Smooth Stone","Fusion Hammer","Letter Opener","Mango","StoneCalendar","Blue Candle","Runic Pyramid","Incense Burner","Frozen Egg 2","Ancient Tea Set","Dodecahedron","Torii","Red Mask","Old Coin"],"potions_floor_usage":[48,50],"damage_taken":[{"damage":7.0,"enemies":"Small Slimes","floor":1.0,"turns":3.0},{"damage":2.0,"enemies":"Jaw Worm","floor":4.0,"turns":3.0},{"damage":1.0,"enemies":"Cultist","floor":5.0,"turns":3.0},{"damage":44.0,"enemies":"Lagavulin","floor":7.0,"turns":8.0},{"damage":1.0,"enemies":"Exordium Thugs","floor":8.0,"turns":4.0},{"damage":6.0,"enemies":"Blue Slaver","floor":11.0,"turns":3.0},{"damage":8.0,"enemies":"Gremlin Nob","floor":14.0,"turns":3.0},{"damage":24.0,"enemies":"Slime Boss","floor":16.0,"turns":7.0},{"damage":8.0,"enemies":"Chosen","floor":18.0,"turns":6.0},{"damage":9.0,"enemies":"3 Byrds","floor":19.0,"turns":5.0},{"damage":14.0,"enemies":"Sentry and Sphere","floor":20.0,"turns":6.0},{"damage":19.0,"enemies":"Snake Plant","floor":21.0,"turns":5.0},{"damage":11.0,"enemies":"Slavers","floor":24.0,"turns":5.0},{"damage":0.0,"enemies":"Centurion and Healer","floor":25.0,"turns":5.0},{"damage":0.0,"enemies":"Cultist and Chosen","floor":29.0,"turns":6.0},{"damage":12.0,"enemies":"Colosseum Slavers","floor":30.0,"turns":4.0},{"damage":8.0,"enemies":"Colosseum Nobs","floor":30.0,"turns":3.0},{"damage":0.0,"enemies":"3 Cultists","floor":31.0,"turns":3.0},{"damage":4.0,"enemies":"Collector","floor":33.0,"turns":7.0},{"damage":0.0,"enemies":"3 Shapes","floor":35.0,"turns":3.0},{"damage":32.0,"enemies":"2 Orb Walkers","floor":36.0,"turns":4.0},{"damage":16.0,"enemies":"3 Darklings","floor":39.0,"turns":3.0},{"damage":13.0,"enemies":"Writhing Mass","floor":41.0,"turns":6.0},{"damage":9.0,"enemies":"Giant Head","floor":42.0,"turns":9.0},{"damage":15.0,"enemies":"4 Shapes","floor":44.0,"turns":4.0},{"damage":0.0,"enemies":"Mind Bloom Boss Battle","floor":45.0,"turns":6.0},{"damage":0.0,"enemies":"Reptomancer","floor":47.0,"turns":7.0},{"damage":42,"enemies":"Spire Growth","floor":48,"turns":6},{"damage":30,"enemies":"Time Eater","floor":50,"turns":14}],"seed_played":"-245256428945236858","potions_obtained":[{"floor":1.0,"key":"LiquidBronze"},{"floor":8.0,"key":"Ancient Potion"},{"floor":16.0,"key":"FocusPotion"},{"floor":18.0,"key":"FearPotion"},{"floor":20.0,"key":"Swift Potion"},{"floor":30.0,"key":"Poison Potion"},{"floor":36.0,"key":"AttackPotion"},{"floor":41.0,"key":"Regen Potion"},{"floor":45.0,"key":"Weak Potion"},{"floor":47.0,"key":"LiquidBronze"}],"is_trial":false,"path_per_floor":["M","?","?","M","M","R","E","M","T","R","M","$","R","E","R","B",null,"M","M","M","M","?","R","E","M","T","R","?","M","?","M","R","B",null,"M","?","$","?","M","R","M","E","T","M","?","?","E","M","R","B",null],"character_chosen":"DEFECT","items_purchased":["Frozen Egg 2","FTL","Heatsinks+1"],"campfire_rested":7,"item_purchase_floors":[37,37,37],"current_hp_per_floor":[64,64,64,62,61,61,17,16,16,39,33,33,33,25,48,24,65,57,48,34,15,15,38,27,27,41,68,68,68,48,48,75,78,89,89,57,57,40,24,51,45,58,58,57,71,71,78,50,77,54],"gold":344,"neow_bonus":"TEN_PERCENT_HP_BONUS","is_prod":false,"is_daily":false,"chose_seed":false,"campfire_upgraded":2,"win_rate":0,"timestamp":1561269340,"path_taken":["M","?","?","M","M","R","E","M","T","R","M","?","R","E","R","BOSS","M","?","M","M","?","R","E","M","T","R","?","?","?","M","R","BOSS","M","?","$","?","M","R","M","E","T","M","?","?","E","?","R","BOSS"],"build_version":"2019-06-21","purchased_purges":2,"victory":true,"max_hp_per_floor":[78,78,78,78,78,78,78,78,78,78,78,78,78,78,78,78,78,78,78,78,78,78,78,78,78,92,92,92,92,92,92,92,92,92,92,92,92,92,92,92,92,92,92,92,92,92,92,92,92,92],"card_choices":[{"not_picked":["Beam Cell","Turbo"],"picked":"Rip and Tear","floor":1.0},{"not_picked":["Streamline","Leap"],"picked":"Sweeping Beam","floor":4.0},{"not_picked":["Redo","Turbo"],"picked":"Leap","floor":5.0},{"not_picked":["Redo","Turbo"],"picked":"Compile Driver","floor":7.0},{"not_picked":["Beam Cell","Rebound","Compile Driver"],"picked":"Biased Cognition","floor":8.0},{"not_picked":["Rip and Tear","Hologram","Leap"],"picked":"Defragment","floor":11.0},{"not_picked":["Darkness","Beam Cell","Leap"],"picked":"Chill","floor":14.0},{"not_picked":["Buffer","Hyperbeam","Biased Cognition"],"picked":"Echo Form","floor":16.0},{"not_picked":["Steam","Redo+1","Doom and Gloom"],"picked":"Conserve Battery","floor":18.0},{"not_picked":["Redo","Rip and Tear+1","Capacitor"],"picked":"BootSequence","floor":19.0},{"not_picked":["Turbo+1","Rebound","Lockon"],"picked":"Defragment","floor":20.0},{"not_picked":["Double Energy","Storm","Stack"],"picked":"Coolheaded","floor":21.0},{"not_picked":["FTL","Doom and Gloom+1","Aggregate+1"],"picked":"Electrodynamics","floor":24.0},{"not_picked":["Streamline","Cold Snap","Go for the Eyes"],"picked":"Chaos+1","floor":25.0},{"not_picked":["Sunder","Blizzard","Go for the Eyes"],"picked":"Ball Lightning","floor":29.0},{"not_picked":["Streamline","Consume","Conserve Battery"],"picked":"Self Repair","floor":30.0},{"not_picked":["Sweeping Beam","Self Repair","Barrage"],"picked":"Coolheaded","floor":31.0},{"not_picked":["Creative AI","Thunder Strike","Fission"],"picked":"Echo Form","floor":33.0},{"not_picked":["Barrage","Ball Lightning","Leap"],"picked":"Go for the Eyes+1","floor":35.0},{"not_picked":["Stack","Rebound","Tempest"],"picked":"Leap","floor":36.0},{"not_picked":["Gash+1","Compile Driver","Stack"],"picked":"Glacier","floor":39.0},{"not_picked":["Fusion+1","Barrage","Gash+1"],"picked":"Rainbow","floor":41.0},{"not_picked":["Blizzard","Sweeping Beam","Machine Learning+1"],"picked":"Heatsinks+1","floor":42.0},{"not_picked":["Gash+1","Barrage","Leap"],"picked":"White Noise","floor":44.0},{"not_picked":["Rip and Tear","Turbo","Steam Power+1"],"picked":"Hologram","floor":45.0},{"not_picked":["Gash","Lockon+1","Sunder"],"picked":"Loop+1","floor":47.0},{"not_picked":["Beam Cell","Rebound+1","Fusion+1"],"picked":"Leap+1","floor":48}],"player_experience":868541,"relics_obtained":[{"floor":7.0,"key":"Question Card"},{"floor":9.0,"key":"Bottled Flame"},{"floor":14.0,"key":"Oddly Smooth Stone"},{"floor":24.0,"key":"Letter Opener"},{"floor":26.0,"key":"Mango"},{"floor":30.0,"key":"StoneCalendar"},{"floor":30.0,"key":"Blue Candle"},{"floor":36.0,"key":"Incense Burner"},{"floor":42.0,"key":"Ancient Tea Set"},{"floor":43.0,"key":"Dodecahedron"},{"floor":45.0,"key":"Torii"},{"floor":47.0,"key":"Old Coin"}],"event_choices":[{"cards_removed":["Strike_B"],"damage_healed":0.0,"max_hp_gain":0.0,"max_hp_loss":0.0,"gold_gain":0.0,"event_name":"The Cleric","player_choice":"Card Removal","floor":2.0,"gold_loss":75.0,"damage_taken":0.0},{"damage_healed":0.0,"max_hp_gain":0.0,"max_hp_loss":0.0,"gold_gain":0.0,"event_name":"Liars Game","player_choice":"Ignored","floor":3.0,"gold_loss":0.0,"damage_taken":0.0},{"damage_healed":0.0,"max_hp_gain":0.0,"max_hp_loss":0.0,"gold_gain":0.0,"cards_transformed":["Strike_B","Strike_B"],"event_name":"Drug Dealer","player_choice":"Became Test Subject","floor":22.0,"gold_loss":0.0,"damage_taken":0.0,"cards_obtained":["Gash","Seek"]},{"damage_healed":0.0,"max_hp_gain":0.0,"max_hp_loss":0.0,"gold_gain":100.0,"event_name":"The Joust","player_choice":"Bet on Murderer","floor":28.0,"gold_loss":50.0,"damage_taken":0.0},{"damage_healed":0.0,"max_hp_gain":0.0,"max_hp_loss":0.0,"gold_gain":0.0,"event_name":"Colosseum","player_choice":"Fight","floor":30.0,"gold_loss":0.0,"damage_taken":0.0},{"damage_healed":0.0,"max_hp_gain":0.0,"max_hp_loss":0.0,"gold_gain":0.0,"event_name":"Colosseum","player_choice":"Fought Nobs","floor":30.0,"gold_loss":0.0,"damage_taken":0.0},{"damage_healed":0.0,"max_hp_gain":0.0,"max_hp_loss":0.0,"gold_gain":0.0,"event_name":"Mysterious Sphere","player_choice":"Fight","floor":36.0,"gold_loss":0.0,"damage_taken":0.0},{"damage_healed":0.0,"max_hp_gain":0.0,"max_hp_loss":0.0,"gold_gain":0.0,"event_name":"Winding Halls","player_choice":"Embrace Madness","floor":38.0,"gold_loss":0.0,"damage_taken":17.0,"cards_obtained":["Madness","Madness"]},{"damage_healed":0.0,"max_hp_gain":0.0,"max_hp_loss":0.0,"gold_gain":0.0,"event_name":"MindBloom","player_choice":"Fight","floor":45.0,"gold_loss":0.0,"damage_taken":0.0},{"damage_healed":0.0,"max_hp_gain":0.0,"max_hp_loss":0.0,"gold_gain":0.0,"event_name":"Tomb of Lord Red Mask","player_choice":"Paid","floor":46.0,"gold_loss":198.0,"damage_taken":0.0,"relics_obtained":["Red Mask"]}],"is_beta":true,"boss_relics":[{"not_picked":["Astrolabe","Tiny House"],"picked":"Fusion Hammer"},{"not_picked":["White Beast Statue","Velvet Choker"],"picked":"Runic Pyramid"}],"items_purged_floors":[12,37],"is_endless":false,"potions_floor_spawned":[1,8,11,16,18,20,30,30,36,41,45,47],"ascension_level":18}