{"gold_per_floor":[12,287,299,310,56,56,56,81,81,109,109,138,67,87,87,164,164,184,184,197,197,215,215,225,258,258,533,546,557,572,588,588,588],"floor_reached":33,"playtime":1344,"items_purged":[],"score":474,"play_id":"def8ce1a-d13a-4c9f-97bb-dd66133d85d6","local_time":"20190507135317","is_ascension_mode":true,"campfire_choices":[{"data":"Electrodynamics","floor":6,"key":"SMITH"},{"floor":11,"key":"REST"},{"floor":15,"key":"REST"},{"data":"Hologram","floor":23,"key":"SMITH"},{"floor":32,"key":"REST"}],"neow_cost":"NO_GOLD","seed_source_timestamp":105327712269100,"circlet_count":0,"master_deck":["AscendersBane","Strike_B","Strike_B","Defend_B","Defend_B","Defend_B","Defend_B","Zap","Dualcast","Electrodynamics+1","Hologram+1","Melter","Turbo","Cold Snap","Tempest","Reinforced Body","Defragment","Meteor Strike","Seek","Steam","FTL","Electrodynamics","Chaos","Defragment","Leap+1","Chill","Regret","Recycle","Cold Snap","Conserve Battery+1","Loop"],"relics":["Cracked Core","Cables","Symbiotic Virus","Nunchaku","StoneCalendar","Odd Mushroom","Lizard Tail","Bottled Tornado","Dodecahedron"],"potions_floor_usage":[8,10,14,16,25],"damage_taken":[{"damage":8,"enemies":"Small Slimes","floor":1,"turns":2},{"damage":3,"enemies":"Cultist","floor":3,"turns":3},{"damage":3,"enemies":"2 Louse","floor":4,"turns":2},{"damage":9,"enemies":"Gremlin Nob","floor":8,"turns":4},{"damage":30,"enemies":"Lagavulin","floor":10,"turns":4},{"damage":21,"enemies":"The Mushroom Lair","floor":12,"turns":4},{"damage":0,"enemies":"Looter","floor":14,"turns":2},{"damage":15,"enemies":"Hexaghost","floor":16,"turns":9},{"damage":4,"enemies":"Chosen","floor":18,"turns":4},{"damage":3,"enemies":"Spheric Guardian","floor":20,"turns":3},{"damage":0,"enemies":"Chosen and Byrds","floor":22,"turns":4},{"damage":12,"enemies":"Snecko","floor":24,"turns":4},{"damage":22,"enemies":"Slavers","floor":25,"turns":2},{"damage":13,"enemies":"Shelled Parasite and Fungi","floor":28,"turns":7},{"damage":0,"enemies":"Sentry and Sphere","floor":29,"turns":3},{"damage":23,"enemies":"Snake Plant","floor":30,"turns":4},{"damage":8,"enemies":"Snecko","floor":31,"turns":4},{"damage":39,"enemies":"Automaton","floor":33,"turns":6}],"seed_played":"-8003198132733679408","potions_obtained":[{"floor":4,"key":"Block Potion"},{"floor":8,"key":"AttackPotion"},{"floor":10,"key":"SkillPotion"},{"floor":14,"key":"Block Potion"},{"floor":18,"key":"SteroidPotion"},{"floor":24,"key":"Block Potion"},{"floor":30,"key":"SteroidPotion"}],"is_trial":false,"path_per_floor":["M","?","M","M","$","R","?","E","T","E","R","?","$","M","R","B",null,"M","?","M","?","M","R","M","E","T","?","M","M","M","M","R","B"],"character_chosen":"DEFECT","items_purchased":["Cables","Defragment"],"campfire_rested":3,"item_purchase_floors":[5,13],"current_hp_per_floor":[56,56,53,50,50,50,43,34,34,4,25,4,4,4,25,10,56,52,52,49,49,49,49,37,15,15,15,2,2,14,6,27,0],"gold":588,"neow_bonus":"THREE_RARE_CARDS","is_prod":false,"is_daily":false,"chose_seed":false,"campfire_upgraded":2,"win_rate":0,"timestamp":1557229997,"path_taken":["M","?","M","M","?","R","?","E","T","E","R","?","$","M","R","BOSS","M","?","M","?","M","R","M","E","T","?","M","M","M","M","R","BOSS"],"build_version":"2019-04-23","purchased_purges":0,"victory":false,"max_hp_per_floor":[71,71,71,71,71,71,71,71,71,71,71,71,71,71,71,71,71,71,71,71,71,71,71,71,71,71,71,71,71,71,71,71,71],"card_choices":[{"not_picked":["Thunder Strike","Buffer"],"picked":"Electrodynamics","floor":0},{"not_picked":["Gash","Leap"],"picked":"Hologram","floor":1},{"not_picked":["Conserve Battery","Hologram"],"picked":"Melter","floor":3},{"not_picked":["Aggregate","Barrage"],"picked":"Turbo","floor":4},{"not_picked":["Tempest","Recycle"],"picked":"Cold Snap","floor":8},{"not_picked":["Streamline","Auto Shields"],"picked":"Tempest","floor":10},{"not_picked":["Doom and Gloom","Coolheaded"],"picked":"Reinforced Body","floor":12},{"not_picked":["Redo","Lockon"],"picked":"Meteor Strike","floor":14},{"not_picked":["Creative AI","Reboot"],"picked":"Seek","floor":16},{"not_picked":["Beam Cell+1","Blizzard"],"picked":"Steam","floor":18},{"not_picked":["Leap","Turbo"],"picked":"Chaos","floor":20},{"not_picked":["Streamline","Rebound"],"picked":"Defragment","floor":22},{"not_picked":["Melter","Force Field"],"picked":"Leap+1","floor":24},{"not_picked":["Darkness","Thunder Strike"],"picked":"Chill","floor":25},{"not_picked":["Beam Cell","FTL"],"picked":"Recycle","floor":28},{"not_picked":["Redo","Rip and Tear+1"],"picked":"Cold Snap","floor":29},{"not_picked":["Cold Snap","Glacier"],"picked":"Conserve Battery+1","floor":30},{"not_picked":["Streamline","Steam"],"picked":"Loop","floor":31}],"player_experience":588967,"relics_obtained":[{"floor":8,"key":"Symbiotic Virus"},{"floor":9,"key":"Nunchaku"},{"floor":10,"key":"StoneCalendar"},{"floor":12,"key":"Odd Mushroom"},{"floor":25,"key":"Bottled Tornado"},{"floor":26,"key":"Dodecahedron"}],"event_choices":[{"damage_healed":0,"gold_gain":275,"player_choice":"Desecrate","damage_taken":0,"max_hp_gain":0,"max_hp_loss":0,"event_name":"Golden Shrine","floor":2,"gold_loss":0,"cards_obtained":["Regret"]},{"cards_removed":["Regret"],"damage_healed":0,"gold_gain":0,"player_choice":"Card Removal","damage_taken":7,"max_hp_gain":0,"max_hp_loss":0,"event_name":"Golden Wing","floor":7,"gold_loss":0},{"damage_healed":0,"gold_gain":0,"player_choice":"Fought Mushrooms","damage_taken":0,"max_hp_gain":0,"max_hp_loss":0,"event_name":"Mushrooms","floor":12,"gold_loss":0},{"damage_healed":0,"gold_gain":0,"cards_transformed":["Strike_B","Strike_B"],"player_choice":"Became Test Subject","damage_taken":0,"max_hp_gain":0,"max_hp_loss":0,"event_name":"Drug Dealer","floor":19,"gold_loss":0,"cards_obtained":["FTL","Electrodynamics"]},{"damage_healed":0,"gold_gain":0,"player_choice":"Ignored","damage_taken":0,"max_hp_gain":0,"max_hp_loss":0,"event_name":"Vampires","floor":21,"gold_loss":0},{"damage_healed":0,"gold_gain":275,"player_choice":"Desecrate","damage_taken":0,"max_hp_gain":0,"max_hp_loss":0,"event_name":"Golden Shrine","floor":27,"gold_loss":0,"cards_obtained":["Regret"]}],"is_beta":true,"boss_relics":[{"not_picked":["Velvet Choker","Ectoplasm"],"picked":"Lizard Tail"}],"items_purged_floors":[],"is_endless":false,"potions_floor_spawned":[4,8,10,14,18,24,30,31],"killed_by":"Automaton","ascension_level":14}