{"gold_per_floor":[109,109,121,3,20,20,47,47,94,112,130,140,140,157,157,253,253,263,263,276,291,301,301,329,329,355,355,88,102,2,13,13,117,117,135,151,26,26,37,50,60,60,137,137,149,6,6,22,22,22],"floor_reached":51,"playtime":8462,"items_purged":["Dark Embrace","Defend_R","Strike_R"],"score":700,"play_id":"f5b751ad-d64c-433e-ae07-909081a20d86","local_time":"20190604190644","is_ascension_mode":false,"campfire_choices":[{"data":"Iron Wave","floor":6.0,"key":"SMITH"},{"floor":13,"key":"REST"},{"floor":15,"key":"REST"},{"data":"Cleave","floor":23,"key":"SMITH"},{"data":"Thunderclap","floor":25,"key":"SMITH"},{"data":"Iron Wave","floor":27,"key":"SMITH"},{"data":"Flame Barrier","floor":32,"key":"SMITH"},{"data":"Whirlwind","floor":42,"key":"SMITH"},{"data":"Armaments","floor":44,"key":"SMITH"},{"data":"Iron Wave","floor":47,"key":"SMITH"},{"data":"Rage","floor":49,"key":"SMITH"}],"neow_cost":"NONE","seed_source_timestamp":0,"circlet_count":0,"master_deck":["Strike_R","Strike_R","Strike_R","Strike_R","Defend_R","Defend_R","Defend_R","Bash","Perfected Strike","Rage+1","Perfected Strike","Fire Breathing","Good Instincts","Iron Wave+1","Iron Wave","Anger","Iron Wave+1","Rage","Reaper","Clothesline+1","Thunderclap+1","Cleave+1","Whirlwind+1","Thunderclap+1","Armaments+1","Ghostly Armor","Flame Barrier+1","Reaper","Iron Wave+1","Pommel Strike+1","Mind Blast","Whirlwind+1","Whirlwind+1","Decay","Cleave+1","Parasite"],"special_seed":0,"relics":["Velvet Choker","Ancient Tea Set","Bag of Preparation","Runic Pyramid","Incense Burner","Bird Faced Urn","Potion Belt","Regal Pillow","Cursed Key","Toxic Egg 2","Bronze Scales"],"potions_floor_usage":[16,16,33,45,48,50,50],"damage_taken":[{"damage":0.0,"enemies":"Small Slimes","floor":1.0,"turns":3.0},{"damage":0.0,"enemies":"Cultist","floor":3.0,"turns":3.0},{"damage":0.0,"enemies":"Jaw Worm","floor":5.0,"turns":3.0},{"damage":27.0,"enemies":"3 Sentries","floor":7.0,"turns":7.0},{"damage":17.0,"enemies":"Large Slime","floor":10.0,"turns":4.0},{"damage":0.0,"enemies":"Red Slaver","floor":11.0,"turns":3.0},{"damage":5.0,"enemies":"Lots of Slimes","floor":12.0,"turns":4.0},{"damage":0,"enemies":"3 Louse","floor":14,"turns":2},{"damage":45,"enemies":"Slime Boss","floor":16,"turns":7},{"damage":5,"enemies":"Spheric Guardian","floor":18,"turns":4},{"damage":6,"enemies":"2 Thieves","floor":20,"turns":4},{"damage":0,"enemies":"3 Cultists","floor":21,"turns":5},{"damage":10,"enemies":"Centurion and Healer","floor":22,"turns":6},{"damage":0,"enemies":"Gremlin Leader","floor":24,"turns":5},{"damage":10,"enemies":"Shelled Parasite and Fungi","floor":29,"turns":4},{"damage":0,"enemies":"Snecko","floor":31,"turns":4},{"damage":35,"enemies":"Collector","floor":33,"turns":12},{"damage":15,"enemies":"3 Shapes","floor":35,"turns":4},{"damage":3,"enemies":"3 Darklings","floor":36,"turns":4},{"damage":17,"enemies":"Spire Growth","floor":39,"turns":5},{"damage":2,"enemies":"Sphere and 2 Shapes","floor":40,"turns":4},{"damage":12,"enemies":"Transient","floor":41,"turns":5},{"damage":3,"enemies":"4 Shapes","floor":45,"turns":4},{"damage":0,"enemies":"Writhing Mass","floor":48,"turns":4},{"damage":47,"enemies":"Donu and Deca","floor":50,"turns":10}],"seed_played":"1349607085973933402","potions_obtained":[{"floor":3.0,"key":"LiquidBronze"},{"floor":10.0,"key":"Fire Potion"},{"floor":11.0,"key":"Regen Potion"},{"floor":21,"key":"Swift Potion"},{"floor":31,"key":"Fire Potion"},{"floor":33,"key":"EssenceOfSteel"},{"floor":36,"key":"Regen Potion"},{"floor":39,"key":"BloodPotion"},{"floor":40,"key":"Swift Potion"}],"is_trial":false,"path_per_floor":["M","?","M","$","M","R","E","?","T","M","M","M","R","M","R","B",null,"M","?","M","M","M","R","E","R","T","R","$","M","$","M","R","B",null,"M","M","$","?","M","M","M","R","T","R","M","$","R","M","R","B",null],"character_chosen":"IRONCLAD","items_purchased":["Fire Breathing","Good Instincts","Armaments","Regal Pillow","Bronze Scales"],"campfire_rested":2,"item_purchase_floors":[4,4,28,28,46],"current_hp_per_floor":[80,80,80,80,80,80,53,53,53,36,36,31,55,55,79,34,80,79,79,73,80,71,71,80,80,80,80,80,70,70,72,72,39,80,71,78,78,78,67,65,65,65,65,65,79,79,79,79,79,57],"gold":22,"neow_bonus":"BOSS_RELIC","is_prod":false,"is_daily":false,"chose_seed":false,"campfire_upgraded":9,"win_rate":0.0,"timestamp":1559689604,"path_taken":["M","?","?","$","M","R","E","?","T","M","M","M","R","M","R","BOSS","M","?","M","M","?","R","E","R","T","R","$","M","?","?","R","BOSS","M","M","$","?","M","M","M","R","T","R","M","$","R","M","R","BOSS"],"build_version":"2019-01-23","purchased_purges":3,"victory":true,"max_hp_per_floor":[80,80,80,80,80,80,80,80,80,80,80,80,80,80,80,80,80,80,80,80,80,80,80,80,80,80,80,80,80,80,80,80,80,80,80,80,80,80,80,80,80,80,80,80,80,80,80,80,80,80],"card_choices":[{"not_picked":["Flex","Pommel Strike"],"picked":"Perfected Strike","floor":1.0},{"not_picked":["Bloodletting","Sword Boomerang"],"picked":"Perfected Strike","floor":3.0},{"not_picked":["Hemokinesis","Sword Boomerang"],"picked":"Iron Wave","floor":5.0},{"not_picked":["Perfected Strike","Double Tap"],"picked":"Iron Wave","floor":7.0},{"not_picked":["Armaments","Metallicize"],"picked":"Anger","floor":10.0},{"not_picked":["Sword Boomerang","Rupture","Flex"],"picked":"SKIP","floor":11.0},{"not_picked":["Shrug It Off","Infernal Blade"],"picked":"Iron Wave","floor":12},{"not_picked":["Rampage","Shrug It Off"],"picked":"Rage","floor":14},{"not_picked":["Juggernaut","Fiend Fire"],"picked":"Reaper","floor":16},{"not_picked":["Perfected Strike","Warcry"],"picked":"Clothesline+1","floor":18},{"not_picked":["Warcry","Perfected Strike"],"picked":"Thunderclap+1","floor":20},{"not_picked":["Body Slam+1","Burning Pact"],"picked":"Cleave","floor":21},{"not_picked":["Flex+1","Thunderclap"],"picked":"Whirlwind+1","floor":22},{"not_picked":["Body Slam","Dropkick"],"picked":"Thunderclap","floor":24},{"not_picked":["Infernal Blade","Rupture+1"],"picked":"Ghostly Armor","floor":29},{"not_picked":["Perfected Strike","Thunderclap"],"picked":"Flame Barrier","floor":31},{"not_picked":["Limit Break","Dark Embrace"],"picked":"Reaper","floor":33},{"not_picked":["Body Slam+1","Entrench+1"],"picked":"Iron Wave","floor":35},{"not_picked":["Headbutt+1","True Grit"],"picked":"Pommel Strike+1","floor":36},{"not_picked":["Purity","Forethought"],"picked":"Mind Blast","floor":38},{"not_picked":["Flame Barrier","Shrug It Off+1"],"picked":"Whirlwind","floor":39},{"not_picked":["Shrug It Off","Headbutt+1","Heavy Blade"],"picked":"SKIP","floor":40},{"not_picked":["Anger","Heavy Blade+1"],"picked":"Whirlwind+1","floor":41},{"not_picked":["Carnage+1","Clash+1"],"picked":"Cleave+1","floor":45},{"not_picked":["Headbutt","True Grit+1","Sword Boomerang+1"],"picked":"SKIP","floor":48}],"player_experience":11759,"relics_obtained":[{"floor":7.0,"key":"Ancient Tea Set"},{"floor":9.0,"key":"Bag of Preparation"},{"floor":24,"key":"Bird Faced Urn"},{"floor":26,"key":"Potion Belt"},{"floor":43,"key":"Toxic Egg 2"}],"event_choices":[{"damage_healed":0.0,"max_hp_gain":0.0,"max_hp_loss":0.0,"gold_gain":0.0,"event_name":"Match and Keep!","player_choice":"2 cards matched","floor":2.0,"gold_loss":0.0,"damage_taken":0.0,"cards_obtained":["Dark Embrace","Rage"]},{"damage_healed":0.0,"max_hp_gain":0.0,"max_hp_loss":0.0,"gold_gain":0.0,"event_name":"Liars Game","player_choice":"Ignored","floor":8.0,"gold_loss":0.0,"damage_taken":0.0},{"damage_healed":0,"gold_gain":0,"player_choice":"Gave Potion","damage_taken":0,"relics_obtained":["Incense Burner"],"max_hp_gain":0,"max_hp_loss":0,"event_name":"WeMeetAgain","floor":19,"gold_loss":0},{"damage_healed":0,"gold_gain":0,"player_choice":"Memory 1","damage_taken":0,"max_hp_gain":0,"max_hp_loss":0,"event_name":"SensoryStone","floor":38,"gold_loss":0}],"is_beta":false,"boss_relics":[{"not_picked":["Astrolabe","Eternal Feather"],"picked":"Runic Pyramid"},{"not_picked":["Fusion Hammer","White Beast Statue"],"picked":"Cursed Key"}],"items_purged_floors":[28,30,37],"is_endless":false,"potions_floor_spawned":[3,10,11,21,31,33,36,39,40],"ascension_level":0}