{"gold_per_floor":[116,135,210,222,222,222,240,240,240,253,13,24,24,43,43,116,116,131,131,142,142],"floor_reached":21,"playtime":707,"items_purged":["Strike_R"],"score":346,"play_id":"1203eb08-5f90-4f3a-bd81-7af2a928fb82","local_time":"20190514222353","is_ascension_mode":true,"campfire_choices":[{"data":"Uppercut","floor":6.0,"key":"SMITH"},{"floor":13.0,"key":"REST"},{"data":"Bash","floor":15.0,"key":"SMITH"}],"neow_cost":"NONE","seed_source_timestamp":0,"circlet_count":0,"master_deck":["AscendersBane","Bash+1","Sword Boomerang","Thunderclap","Uppercut+1","Armaments","Feel No Pain+1","Spot Weakness","Shockwave","Bludgeon","Armaments","Offering","Brutality+1","Warcry","Flame Barrier","Flame Barrier","Bloodletting","Disarm"],"special_seed":0,"relics":["Burning Blood","Frozen Egg 2","Regal Pillow","Pandora\u0027s Box","Singing Bowl"],"potions_floor_usage":[],"damage_taken":[{"damage":7.0,"enemies":"Jaw Worm","floor":1.0,"turns":3.0},{"damage":10.0,"enemies":"2 Louse","floor":2.0,"turns":3.0},{"damage":1.0,"enemies":"Cultist","floor":4.0,"turns":3.0},{"damage":37.0,"enemies":"Exordium Thugs","floor":7.0,"turns":6.0},{"damage":14.0,"enemies":"3 Louse","floor":10.0,"turns":4.0},{"damage":10.0,"enemies":"Blue Slaver","floor":12.0,"turns":5.0},{"damage":19.0,"enemies":"Large Slime","floor":14.0,"turns":6.0},{"damage":29.0,"enemies":"Slime Boss","floor":16.0,"turns":9.0},{"damage":11,"enemies":"3 Byrds","floor":18,"turns":4},{"damage":24,"enemies":"2 Thieves","floor":20,"turns":4},{"damage":57,"enemies":"Masked Bandits","floor":21,"turns":3}],"seed_played":"-2627089915620095767","potions_obtained":[{"floor":1.0,"key":"Energy Potion"},{"floor":10.0,"key":"Block Potion"},{"floor":12.0,"key":"Poison Potion"},{"floor":14.0,"key":"Regen Potion"},{"floor":18,"key":"EssenceOfSteel"}],"is_trial":false,"path_per_floor":["M","M","?","M","?","R","M","?","T","M","$","M","R","M","R","B",null,"M","?","M","?"],"character_chosen":"IRONCLAD","items_purchased":["Regal Pillow"],"campfire_rested":1,"item_purchase_floors":[11],"current_hp_per_floor":[67,63,52,57,57,57,26,26,26,18,18,14,51,38,38,30,64,59,59,43,0],"gold":142,"neow_bonus":"THREE_CARDS","is_prod":false,"is_daily":false,"chose_seed":false,"campfire_upgraded":2,"win_rate":0,"timestamp":1557865433,"path_taken":["M","M","?","M","?","R","M","?","T","M","$","M","R","M","R","BOSS","M","?","?","?"],"build_version":"2019-05-07","purchased_purges":1,"victory":false,"max_hp_per_floor":[75,75,75,75,75,75,75,75,75,75,75,75,75,75,75,75,75,75,75,77,77],"card_choices":[{"not_picked":["Corruption","Cleave"],"picked":"Sword Boomerang","floor":0.0},{"not_picked":["Second Wind","Heavy Blade"],"picked":"Thunderclap","floor":1.0},{"not_picked":["Bloodletting","Searing Blow"],"picked":"Wild Strike","floor":2.0},{"not_picked":["Inflame","Pommel Strike"],"picked":"Uppercut","floor":4.0},{"not_picked":["Power Through","Clash"],"picked":"Armaments","floor":7.0},{"not_picked":["Seeing Red","Fire Breathing+1"],"picked":"Feel No Pain+1","floor":10.0},{"not_picked":["Anger","Sword Boomerang"],"picked":"Spot Weakness","floor":12.0},{"not_picked":["Thunderclap","Rampage"],"picked":"Shockwave","floor":14.0},{"not_picked":["Impervious","Exhume"],"picked":"Bludgeon","floor":16.0},{"not_picked":["Rage","Iron Wave"],"picked":"Disarm","floor":18},{"not_picked":["True Grit","Perfected Strike","Wild Strike"],"picked":"Singing Bowl","floor":20}],"player_experience":707124,"relics_obtained":[{"floor":9.0,"key":"Frozen Egg 2"}],"event_choices":[{"damage_healed":0.0,"max_hp_gain":0.0,"max_hp_loss":0.0,"gold_gain":75.0,"event_name":"World of Goop","player_choice":"Gather Gold","floor":3.0,"gold_loss":0.0,"damage_taken":11.0},{"cards_removed":["Strike_R"],"damage_healed":0.0,"max_hp_gain":0.0,"max_hp_loss":0.0,"gold_gain":0.0,"event_name":"Living Wall","player_choice":"Forget","floor":5.0,"gold_loss":0.0,"damage_taken":0.0},{"damage_healed":0.0,"max_hp_gain":0.0,"max_hp_loss":0.0,"gold_gain":0.0,"event_name":"Liars Game","player_choice":"Ignored","floor":8.0,"gold_loss":0.0,"damage_taken":0.0},{"cards_removed":["Wild Strike"],"damage_healed":0,"gold_gain":0,"player_choice":"Gave Card","damage_taken":0,"relics_obtained":["Singing Bowl"],"max_hp_gain":0,"max_hp_loss":0,"event_name":"WeMeetAgain","floor":19,"gold_loss":0},{"damage_healed":0,"gold_gain":0,"player_choice":"Fought Bandits","damage_taken":0,"max_hp_gain":0,"max_hp_loss":0,"event_name":"Masked Bandits","floor":21,"gold_loss":0}],"is_beta":true,"boss_relics":[{"not_picked":["Runic Cube","Eternal Feather"],"picked":"Pandora\u0027s Box"}],"items_purged_floors":[11],"is_endless":false,"potions_floor_spawned":[1,10,12,14,18],"killed_by":"Masked Bandits","ascension_level":20}