{"gold_per_floor":[115,131,143,143,159,159,190,170,200,220,233,260,272,292,292,292],"floor_reached":16,"playtime":514,"items_purged":[],"score":282,"play_id":"33698baf-8391-4950-bb0b-8327ad26486f","local_time":"20190513123414","is_ascension_mode":true,"campfire_choices":[{"data":"Uppercut","floor":6,"key":"SMITH"},{"data":"Clothesline","floor":15,"key":"SMITH"}],"neow_cost":"NONE","seed_source_timestamp":175236984942800,"circlet_count":0,"master_deck":["AscendersBane","Strike_R","Strike_R","Strike_R","Defend_R","Defend_R","Defend_R","Defend_R","Bash","Cleave","Uppercut+1","Clothesline+1","Feed","Disarm","Rage","Warcry","Reaper+1","Havoc","Sword Boomerang+1"],"relics":["Burning Blood","Orichalcum","Tiny Chest","Molten Egg 2"],"potions_floor_usage":[7,11,16],"damage_taken":[{"damage":3,"enemies":"2 Louse","floor":1,"turns":3},{"damage":6,"enemies":"Cultist","floor":2,"turns":3},{"damage":9,"enemies":"Jaw Worm","floor":3,"turns":3},{"damage":9,"enemies":"Blue Slaver","floor":5,"turns":4},{"damage":0,"enemies":"Gremlin Nob","floor":7,"turns":2},{"damage":5,"enemies":"Looter","floor":10,"turns":3},{"damage":7,"enemies":"Lots of Slimes","floor":11,"turns":4},{"damage":22,"enemies":"Lagavulin","floor":12,"turns":8},{"damage":7,"enemies":"3 Louse","floor":13,"turns":3},{"damage":3,"enemies":"2 Fungi Beasts","floor":14,"turns":3},{"damage":82,"enemies":"Hexaghost","floor":16,"turns":15}],"seed_played":"6345964760375528882","potions_obtained":[{"floor":1,"key":"EssenceOfSteel"},{"floor":2,"key":"AttackPotion"},{"floor":8,"key":"AttackPotion"},{"floor":13,"key":"Dexterity Potion"}],"is_trial":false,"path_per_floor":["M","M","M","?","M","R","E","?","T","M","M","E","M","M","R","B"],"character_chosen":"IRONCLAD","items_purchased":[],"campfire_rested":0,"item_purchase_floors":[],"current_hp_per_floor":[71,71,68,68,65,65,71,71,71,75,77,64,69,75,75,0],"gold":292,"neow_bonus":"TRANSFORM_CARD","is_prod":false,"is_daily":false,"chose_seed":false,"campfire_upgraded":2,"win_rate":0,"timestamp":1557743654,"path_taken":["M","M","M","?","M","R","E","?","T","M","M","E","M","?","R","BOSS"],"build_version":"2019-05-07","purchased_purges":0,"victory":false,"max_hp_per_floor":[75,75,75,75,75,75,75,75,75,78,81,84,84,87,87,87],"card_choices":[{"not_picked":["Searing Blow","Flex","Cleave"],"picked":"SKIP","floor":1},{"not_picked":["Shrug It Off","Iron Wave"],"picked":"Uppercut","floor":2},{"not_picked":["Thunderclap","Armaments"],"picked":"Clothesline","floor":3},{"not_picked":["Sword Boomerang","Battle Trance"],"picked":"Feed","floor":5},{"not_picked":["Fiend Fire","Dual Wield"],"picked":"Disarm","floor":7},{"not_picked":["Perfected Strike","Armaments"],"picked":"Rage","floor":10},{"not_picked":["Searing Blow","Iron Wave"],"picked":"Warcry","floor":11},{"not_picked":["Whirlwind","Twin Strike"],"picked":"Reaper","floor":12},{"not_picked":["Headbutt+1","Perfected Strike+1"],"picked":"Havoc","floor":13},{"not_picked":["Bloodletting","Perfected Strike+1"],"picked":"Sword Boomerang+1","floor":14}],"player_experience":695140,"relics_obtained":[{"floor":7,"key":"Orichalcum"},{"floor":9,"key":"Tiny Chest"},{"floor":12,"key":"Molten Egg 2"}],"event_choices":[{"cards_removed":["Strike_R"],"damage_healed":0,"gold_gain":0,"player_choice":"Forget","damage_taken":0,"max_hp_gain":0,"max_hp_loss":0,"event_name":"Living Wall","floor":4,"gold_loss":0},{"damage_healed":0,"gold_gain":0,"player_choice":"Bought 1 Potion","damage_taken":0,"max_hp_gain":0,"max_hp_loss":0,"event_name":"The Woman in Blue","floor":8,"gold_loss":0}],"is_beta":true,"boss_relics":[],"items_purged_floors":[],"is_endless":false,"potions_floor_spawned":[1,2,5,13],"killed_by":"Hexaghost","ascension_level":20}