{"gold_per_floor":[114,131,96,96,114,155,155,191,216,252,267,267,283,314,314,435,435,453,491,6,6,21,54,54,98,98,118,118,118,151,151,151,282,282,302,635,277,331,343,370,386,401,424,424,450,460,488,500,500,500],"floor_reached":51,"playtime":3655,"items_purged":[],"score":1262,"play_id":"7db1ded3-f375-4690-addc-3e3320c4c193","local_time":"20190620214856","is_ascension_mode":true,"campfire_choices":[{"floor":7.0,"key":"REST"},{"floor":12.0,"key":"REST"},{"floor":15.0,"key":"REST"},{"floor":24.0,"key":"REST"},{"floor":28.0,"key":"REST"},{"floor":32.0,"key":"REST"},{"data":"Heatsinks","floor":49,"key":"SMITH"}],"neow_cost":"NONE","seed_source_timestamp":145412537853174,"circlet_count":0,"master_deck":["Zap","Dualcast","Thunder Strike","Genetic Algorithm","Reprogram","Ball Lightning","Chill","Loop","Ball Lightning","Hello World","Capacitor","Creative AI","Multi-Cast+1","Leap+1","Multi-Cast+1","Meteor Strike","Barrage","White Noise+1","Genetic Algorithm+1","Aggregate+1","FTL+1","Leap+1","Magnetism","Heatsinks","Aggregate+1","Glacier+1","Meteor Strike","White Noise+1","Turbo+1","All For One","Stack+1","Turbo+1","Necronomicurse","Seek+1","Reinforced Body+1","Apotheosis+1","Storm","Stack+1","Rebound","Coolheaded+1","Self Repair+1","Static Discharge","Conserve Battery+1","Stack+1","Capacitor+1","Finesse+1","Mind Blast","Machine Learning","Heatsinks+1","Conserve Battery+1","Storm+1"],"special_seed":0,"relics":["Cracked Core","Bag of Preparation","Bronze Scales","Pen Nib","Matryoshka","Toxic Egg 2","Pandora\u0027s Box","Red Mask","Kunai","DataDisk","Singing Bowl","Bottled Tornado","Lantern","Question Card","Ancient Tea Set","Necronomicon","Eternal Feather","Ginger","FossilizedHelix","Regal Pillow","Du-Vu Doll","Molten Egg 2"],"potions_floor_usage":[50,50,50],"damage_taken":[{"damage":0.0,"enemies":"2 Louse","floor":1.0,"turns":2.0},{"damage":11.0,"enemies":"Small Slimes","floor":2.0,"turns":3.0},{"damage":5.0,"enemies":"Jaw Worm","floor":5.0,"turns":5.0},{"damage":40.0,"enemies":"Lagavulin","floor":6.0,"turns":6.0},{"damage":5.0,"enemies":"Gremlin Nob","floor":8.0,"turns":3.0},{"damage":24.0,"enemies":"3 Sentries","floor":10.0,"turns":7.0},{"damage":1.0,"enemies":"2 Fungi Beasts","floor":11.0,"turns":3.0},{"damage":6.0,"enemies":"Looter","floor":13.0,"turns":4.0},{"damage":19.0,"enemies":"Gremlin Nob","floor":14.0,"turns":4.0},{"damage":21.0,"enemies":"Slime Boss","floor":16.0,"turns":9.0},{"damage":0.0,"enemies":"3 Byrds","floor":18.0,"turns":2.0},{"damage":12.0,"enemies":"Masked Bandits","floor":19.0,"turns":5.0},{"damage":12.0,"enemies":"2 Thieves","floor":22.0,"turns":4.0},{"damage":24.0,"enemies":"Book of Stabbing","floor":23.0,"turns":6.0},{"damage":9.0,"enemies":"Gremlin Leader","floor":25.0,"turns":8.0},{"damage":15.0,"enemies":"Snake Plant","floor":27.0,"turns":4.0},{"damage":0.0,"enemies":"Slavers","floor":30.0,"turns":5.0},{"damage":37,"enemies":"Collector","floor":33,"turns":6},{"damage":0,"enemies":"Orb Walker","floor":35,"turns":1},{"damage":1,"enemies":"2 Orb Walkers","floor":38,"turns":2},{"damage":7,"enemies":"3 Darklings","floor":39,"turns":3},{"damage":2,"enemies":"Giant Head","floor":40,"turns":7},{"damage":0,"enemies":"Maw","floor":41,"turns":2},{"damage":11,"enemies":"4 Shapes","floor":42,"turns":4},{"damage":0,"enemies":"Nemesis","floor":45,"turns":5},{"damage":0,"enemies":"Jaw Worm Horde","floor":46,"turns":4},{"damage":34,"enemies":"Reptomancer","floor":47,"turns":4},{"damage":0,"enemies":"Maw","floor":48,"turns":4},{"damage":26,"enemies":"Time Eater","floor":50,"turns":6}],"seed_played":"7180831868736963666","potions_obtained":[{"floor":6.0,"key":"Fire Potion"},{"floor":8.0,"key":"Strength Potion"},{"floor":11.0,"key":"Weak Potion"},{"floor":13.0,"key":"Regen Potion"},{"floor":16.0,"key":"FocusPotion"},{"floor":19.0,"key":"FearPotion"},{"floor":25.0,"key":"Strength Potion"},{"floor":35,"key":"Weak Potion"},{"floor":40,"key":"Ancient Potion"},{"floor":47,"key":"Block Potion"}],"is_trial":false,"path_per_floor":["M","M","?","?","M","E","R","E","T","E","M","R","M","E","R","B",null,"M","?","$","?","M","E","R","E","T","M","R","T","E","?","R","B",null,"M","?","$","?","M","E","M","M","T","?","E","M","E","M","R","B",null],"character_chosen":"DEFECT","items_purchased":["Magnetism","Heatsinks","Aggregate+1","Glacier+1","Meteor Strike","Apotheosis+1","Storm","Stack+1","Rebound","Coolheaded+1"],"campfire_rested":6,"item_purchase_floors":[20,20,20,20,20,37,37,37,37,37],"current_hp_per_floor":[68,57,75,57,52,12,34,29,29,5,4,26,20,13,35,14,60,60,48,48,48,36,12,34,25,25,10,32,32,32,16,38,1,57,57,57,57,56,59,57,67,56,56,48,58,68,44,54,77,51],"gold":500,"neow_bonus":"ONE_RANDOM_RARE_CARD","is_prod":false,"is_daily":false,"chose_seed":false,"campfire_upgraded":1,"win_rate":0,"timestamp":1561088936,"path_taken":["M","M","?","?","M","E","R","E","T","E","M","R","M","E","R","BOSS","M","?","$","?","M","E","R","E","T","M","R","?","E","?","R","BOSS","M","?","$","?","M","E","M","M","T","?","E","M","E","M","R","BOSS"],"build_version":"2019-01-23","purchased_purges":0,"victory":true,"max_hp_per_floor":[75,75,75,75,75,75,75,75,75,75,75,75,75,75,75,75,75,75,75,75,75,75,75,75,75,75,75,75,75,75,75,75,75,75,75,75,75,75,75,75,75,75,75,77,77,77,77,77,77,77],"card_choices":[{"not_picked":["Barrage","Steam"],"picked":"Genetic Algorithm","floor":1.0},{"not_picked":["Conserve Battery","Sunder"],"picked":"Reprogram","floor":2.0},{"not_picked":["Recycle","Cold Snap"],"picked":"Ball Lightning","floor":5.0},{"not_picked":["Consume","Fusion"],"picked":"Chill","floor":6.0},{"not_picked":["Redo","Cold Snap"],"picked":"Loop","floor":8.0},{"not_picked":["Redo","Machine Learning"],"picked":"Ball Lightning","floor":10.0},{"not_picked":["Sweeping Beam","Chaos"],"picked":"Hello World","floor":11.0},{"not_picked":["Recycle","Turbo"],"picked":"Capacitor","floor":13.0},{"not_picked":["Rainbow","Hello World"],"picked":"Creative AI","floor":14.0},{"not_picked":["Rainbow+1","Meteor Strike"],"picked":"Multi-Cast+1","floor":16.0},{"not_picked":["Coolheaded+1","Rebound"],"picked":"FTL+1","floor":18.0},{"not_picked":["Beam Cell+1","Gash"],"picked":"Leap+1","floor":19.0},{"not_picked":["Coolheaded+1","Streamline"],"picked":"White Noise+1","floor":22.0},{"not_picked":["Barrage","Streamline+1"],"picked":"Turbo+1","floor":23.0},{"not_picked":["FTL","Storm+1"],"picked":"All For One","floor":25.0},{"not_picked":["Compile Driver","Darkness+1"],"picked":"Stack+1","floor":27.0},{"not_picked":["Gash","Beam Cell","Leap+1"],"picked":"Turbo+1","floor":30.0},{"not_picked":["Reboot+1","Core Surge","Hyperbeam"],"picked":"Seek+1","floor":33},{"not_picked":["White Noise+1","Cold Snap","Go for the Eyes"],"picked":"Reinforced Body+1","floor":35},{"not_picked":["Scrape+1","Lockon+1","Chaos+1"],"picked":"Self Repair+1","floor":38},{"not_picked":["Sweeping Beam+1","Fusion+1","Consume+1"],"picked":"Static Discharge","floor":39},{"not_picked":["Cold Snap+1","Redo+1","Static Discharge"],"picked":"Conserve Battery+1","floor":40},{"not_picked":["Genetic Algorithm+1","Hologram+1","Coolheaded+1"],"picked":"Stack+1","floor":41},{"not_picked":["Leap+1","Conserve Battery+1","Hologram+1"],"picked":"Capacitor+1","floor":42},{"not_picked":["Apotheosis+1","HandOfGreed","Swift Strike"],"picked":"Finesse+1","floor":44},{"not_picked":["Madness+1","Blind+1","Panacea+1","Sadistic Nature"],"picked":"Singing Bowl","floor":44},{"not_picked":["Metamorphosis+1","Panacea+1","Trip+1"],"picked":"Mind Blast","floor":44},{"not_picked":["Blizzard+1","Cold Snap+1","Auto Shields+1"],"picked":"Machine Learning","floor":45},{"not_picked":["FTL","Reprogram+1","Fusion+1"],"picked":"Heatsinks","floor":46},{"not_picked":["Ball Lightning+1","Leap+1","Recycle+1"],"picked":"Conserve Battery+1","floor":47},{"not_picked":["Stack+1","Sunder+1","Darkness+1"],"picked":"Storm+1","floor":48}],"player_experience":375991,"relics_obtained":[{"floor":6.0,"key":"Bag of Preparation"},{"floor":8.0,"key":"Bronze Scales"},{"floor":9.0,"key":"Pen Nib"},{"floor":10.0,"key":"Matryoshka"},{"floor":14.0,"key":"Toxic Egg 2"},{"floor":19.0,"key":"Red Mask"},{"floor":23.0,"key":"Kunai"},{"floor":25.0,"key":"DataDisk"},{"floor":26.0,"key":"Singing Bowl"},{"floor":26.0,"key":"Bottled Tornado"},{"floor":29.0,"key":"Lantern"},{"floor":29.0,"key":"Question Card"},{"floor":30.0,"key":"Ancient Tea Set"},{"floor":31.0,"key":"Necronomicon"},{"floor":38,"key":"Ginger"},{"floor":40,"key":"FossilizedHelix"},{"floor":43,"key":"Regal Pillow"},{"floor":45,"key":"Du-Vu Doll"},{"floor":47,"key":"Molten Egg 2"}],"event_choices":[{"damage_healed":18.0,"max_hp_gain":0.0,"max_hp_loss":0.0,"gold_gain":0.0,"event_name":"The Cleric","player_choice":"Healed","floor":3.0,"gold_loss":35.0,"damage_taken":0.0},{"damage_healed":0.0,"max_hp_gain":0.0,"max_hp_loss":0.0,"gold_gain":0.0,"event_name":"Golden Idol","player_choice":"Take Damage","floor":4.0,"gold_loss":0.0,"damage_taken":18.0,"relics_obtained":["Golden Idol"]},{"damage_healed":0.0,"max_hp_gain":0.0,"max_hp_loss":0.0,"gold_gain":0.0,"event_name":"Masked Bandits","player_choice":"Fought Bandits","floor":19.0,"gold_loss":0.0,"damage_taken":0.0},{"cards_removed":["Streamline"],"damage_healed":0.0,"max_hp_gain":0.0,"max_hp_loss":0.0,"gold_gain":0.0,"event_name":"Back to Basics","player_choice":"Elegance","floor":21.0,"gold_loss":0.0,"damage_taken":0.0},{"damage_healed":0.0,"max_hp_gain":0.0,"max_hp_loss":0.0,"gold_gain":0.0,"event_name":"Cursed Tome","player_choice":"Obtained Book","floor":31.0,"gold_loss":0.0,"damage_taken":16.0},{"damage_healed":0,"gold_gain":333,"player_choice":"Gave Idol","damage_taken":0,"max_hp_gain":0,"max_hp_loss":0,"event_name":"The Moai Head","floor":36,"relics_lost":["Golden Idol"],"gold_loss":0},{"damage_healed":0,"gold_gain":0,"player_choice":"Fight","damage_taken":0,"max_hp_gain":0,"max_hp_loss":0,"event_name":"Mysterious Sphere","floor":38,"gold_loss":0},{"damage_healed":0,"gold_gain":0,"player_choice":"Memory 3","damage_taken":10,"max_hp_gain":0,"max_hp_loss":0,"event_name":"SensoryStone","floor":44,"gold_loss":0}],"is_beta":false,"boss_relics":[{"not_picked":["Empty Cage","Coffee Dripper"],"picked":"Pandora\u0027s Box"},{"not_picked":["FrozenCore","Fusion Hammer"],"picked":"Eternal Feather"}],"items_purged_floors":[],"is_endless":false,"potions_floor_spawned":[6,8,11,13,16,19,25,35,40,47,48],"ascension_level":8}