{"gold_per_floor":[14,30,49,49,67,132,132,165,191,209,239,250,250,264,264,366,366,382,395,15,25,25,54,54,84,84,118,42,42,67,83,83,180,180,192,192,212,228,228,254,24,24,51,51,80,90,90],"floor_reached":47,"playtime":3238,"items_purged":[],"score":862,"play_id":"935e9bf6-0256-4696-874b-1af2f81f7634","local_time":"20181203000432","is_ascension_mode":true,"campfire_choices":[{"floor":7,"key":"REST"},{"data":"Accuracy","floor":13,"key":"SMITH"},{"data":"Infinite Blades","floor":15,"key":"SMITH"},{"data":"Cloak And Dagger","floor":24,"key":"SMITH"},{"data":"Accuracy","floor":29,"key":"SMITH"},{"data":"Cloak And Dagger","floor":32,"key":"SMITH"},{"data":"Blade Dance","floor":42,"key":"SMITH"}],"neow_cost":"NO_GOLD","seed_source_timestamp":1459550933334123,"circlet_count":0,"master_deck":["Defend_G+1","Defend_G+1","Defend_G+1","Defend_G+1","Strike_G+1","Strike_G+1","Strike_G+1","Strike_G+1","Strike_G+1","Survivor","Neutralize","Slice","Dagger Spray","Prepared","Infinite Blades+1","After Image","Accuracy+1","Flying Knee+1","Expertise","Slice","Blade Dance+1","Unload+1","Cloak And Dagger+1","Distraction+1","Accuracy+1","Flying Knee","Cloak And Dagger+1","After Image","Well Laid Plans","Finisher+1","Bandage Up+1","Corpse Explosion+1","Flying Knee","Adrenaline+1","Slice","Accuracy+1","Accuracy+1","Madness+1","Madness+1","Quick Slash+1","After Image","Acrobatics+1","Good Instincts+1","Flechettes","After Image","Parasite","Flying Knee"],"relics":["Ring of the Serpent","Tiny Chest","Bag of Marbles","Blood Vial","Art of War","Coffee Dripper","Meat on the Bone","Toxic Egg 2","Whetstone","The Courier","Orichalcum","Torii","Bottled Flame","Pen Nib","PreservedInsect"],"potions_floor_usage":[6,8,8,16,25,37,40,45,47],"damage_taken":[{"damage":0,"enemies":"2 Louse","floor":1,"turns":5},{"damage":0,"enemies":"Small Slimes","floor":2,"turns":5},{"damage":0,"enemies":"Jaw Worm","floor":3,"turns":5},{"damage":2,"enemies":"2 Fungi Beasts","floor":5,"turns":4},{"damage":18,"enemies":"Gremlin Nob","floor":6,"turns":5},{"damage":13,"enemies":"3 Sentries","floor":8,"turns":7},{"damage":0,"enemies":"Large Slime","floor":10,"turns":4},{"damage":16,"enemies":"Gremlin Nob","floor":11,"turns":5},{"damage":0,"enemies":"Blue Slaver","floor":12,"turns":3},{"damage":9,"enemies":"Red Slaver","floor":14,"turns":5},{"damage":47,"enemies":"Hexaghost","floor":16,"turns":10},{"damage":6,"enemies":"Spheric Guardian","floor":18,"turns":3},{"damage":2,"enemies":"3 Byrds","floor":19,"turns":5},{"damage":10,"enemies":"Snake Plant","floor":21,"turns":2},{"damage":29,"enemies":"Slavers","floor":23,"turns":4},{"damage":0,"enemies":"Gremlin Leader","floor":25,"turns":6},{"damage":5,"enemies":"Book of Stabbing","floor":27,"turns":5},{"damage":9,"enemies":"Slavers","floor":30,"turns":5},{"damage":0,"enemies":"Centurion and Healer","floor":31,"turns":2},{"damage":42,"enemies":"Automaton","floor":33,"turns":7},{"damage":1,"enemies":"Orb Walker","floor":35,"turns":4},{"damage":11,"enemies":"3 Darklings","floor":37,"turns":3},{"damage":18,"enemies":"Jaw Worm Horde","floor":38,"turns":5},{"damage":15,"enemies":"Giant Head","floor":40,"turns":6},{"damage":28,"enemies":"Reptomancer","floor":45,"turns":5},{"damage":32,"enemies":"Writhing Mass","floor":46,"turns":6},{"damage":27,"enemies":"4 Shapes","floor":47,"turns":1}],"seed_played":"-4343882445368916445","potions_obtained":[{"floor":2,"key":"Block Potion"},{"floor":5,"key":"Energy Potion"},{"floor":6,"key":"Swift Potion"},{"floor":14,"key":"Regen Potion"},{"floor":16,"key":"SpeedPotion"},{"floor":19,"key":"Weak Potion"},{"floor":23,"key":"Poison Potion"},{"floor":31,"key":"Block Potion"},{"floor":37,"key":"Strength Potion"},{"floor":46,"key":"GamblersBrew"}],"is_trial":false,"path_per_floor":["M","M","M","?","M","E","R","E","T","M","E","M","R","M","R","B",null,"M","M","$","M","?","E","R","E","T","E","$","R","E","M","R","B",null,"M","?","M","M","?","E","$","R","T","?","E","M","M"],"character_chosen":"THE_SILENT","items_purchased":["Accuracy","Meat on the Bone","Flying Knee","Bandage Up+1","After Image","Acrobatics+1","Good Instincts+1","Flechettes"],"campfire_rested":1,"item_purchase_floors":[20,20,20,28,41,41,41,41],"current_hp_per_floor":[84,84,84,67,65,47,72,59,59,61,47,49,49,42,42,12,84,78,78,78,70,70,43,43,45,45,54,54,54,53,55,55,33,84,84,84,79,66,55,48,48,48,48,48,34,16,0],"gold":90,"neow_bonus":"TWENTY_PERCENT_HP_BONUS","is_prod":false,"is_daily":false,"chose_seed":false,"campfire_upgraded":6,"win_rate":0,"timestamp":1543820672,"path_taken":["M","M","M","?","M","E","R","E","T","M","E","M","R","M","R","BOSS","M","M","$","M","?","E","R","E","T","E","$","R","E","M","R","BOSS","M","?","M","M","?","E","$","R","T","?","E","?","M"],"build_version":"2018-11-15","purchased_purges":0,"victory":false,"max_hp_per_floor":[84,84,84,84,84,84,84,84,84,84,84,84,84,84,84,84,84,84,84,84,84,84,84,84,84,84,84,84,84,84,84,84,84,84,84,84,84,84,84,84,84,84,84,84,84,84,84],"card_choices":[{"not_picked":["Backflip","Prepared"],"picked":"Slice","floor":1},{"not_picked":["Terror","Acrobatics"],"picked":"Dagger Spray","floor":2},{"not_picked":["Dodge and Roll","Deadly Poison"],"picked":"Prepared","floor":3},{"not_picked":["Quick Slash","Blade Dance"],"picked":"Infinite Blades","floor":5},{"not_picked":["Blur","Prepared"],"picked":"After Image","floor":6},{"not_picked":["PiercingWail","Dodge and Roll"],"picked":"Accuracy","floor":8},{"not_picked":["Deflect","Prepared"],"picked":"Flying Knee","floor":10},{"not_picked":["Skewer","Prepared"],"picked":"Expertise","floor":11},{"not_picked":["PiercingWail","Die Die Die"],"picked":"Slice","floor":12},{"not_picked":["Prepared","Underhanded Strike"],"picked":"Blade Dance","floor":14},{"not_picked":["Phantasmal Killer","Corpse Explosion"],"picked":"Unload","floor":16},{"not_picked":["Poisoned Stab","Backflip"],"picked":"Cloak And Dagger","floor":18},{"not_picked":["Calculated Gamble","Catalyst"],"picked":"Distraction+1","floor":19},{"not_picked":["Dagger Throw","Poisoned Stab+1"],"picked":"Cloak And Dagger","floor":21},{"not_picked":["Outmaneuver","Cloak And Dagger"],"picked":"After Image","floor":23},{"not_picked":["Dodge and Roll+1","Terror+1"],"picked":"Well Laid Plans","floor":25},{"not_picked":["Riddle With Holes+1","Backflip+1"],"picked":"Finisher+1","floor":27},{"not_picked":["Tactician+1","Caltrops"],"picked":"Corpse Explosion+1","floor":30},{"not_picked":["Concentrate+1","Escape Plan+1"],"picked":"Flying Knee","floor":31},{"not_picked":["Envenom","Phantasmal Killer+1"],"picked":"Adrenaline+1","floor":33},{"not_picked":["Poisoned Stab","All Out Attack+1"],"picked":"Slice","floor":35},{"not_picked":["Dodge and Roll+1","Acrobatics+1"],"picked":"Accuracy+1","floor":37},{"not_picked":["Acrobatics+1","Slice"],"picked":"Accuracy+1","floor":38},{"not_picked":["Skewer","Outmaneuver+1"],"picked":"Quick Slash+1","floor":40},{"not_picked":["Footwork+1","Eviscerate"],"picked":"After Image","floor":45},{"not_picked":["Terror+1","Bane"],"picked":"Flying Knee","floor":46}],"player_experience":155290,"relics_obtained":[{"floor":6,"key":"Tiny Chest"},{"floor":8,"key":"Bag of Marbles"},{"floor":9,"key":"Blood Vial"},{"floor":11,"key":"Art of War"},{"floor":23,"key":"Toxic Egg 2"},{"floor":25,"key":"Whetstone"},{"floor":26,"key":"The Courier"},{"floor":27,"key":"Orichalcum"},{"floor":30,"key":"Torii"},{"floor":40,"key":"Bottled Flame"},{"floor":43,"key":"Pen Nib"},{"floor":45,"key":"PreservedInsect"}],"event_choices":[{"damage_healed":0,"gold_gain":0,"player_choice":"Entered Light","damage_taken":17,"max_hp_gain":0,"max_hp_loss":0,"event_name":"Shining Light","floor":4,"gold_loss":0,"cards_upgraded":["Strike_G","Strike_G"]},{"damage_healed":0,"gold_gain":0,"player_choice":"Simplicity","damage_taken":0,"max_hp_gain":0,"max_hp_loss":0,"event_name":"Back to Basics","floor":22,"gold_loss":0,"cards_upgraded":["Defend_G","Defend_G","Defend_G","Defend_G","Defend_G","Strike_G","Strike_G","Strike_G"]},{"damage_healed":0,"gold_gain":0,"player_choice":"Ignored","damage_taken":0,"max_hp_gain":0,"max_hp_loss":0,"event_name":"Tomb of Lord Red Mask","floor":36,"gold_loss":0},{"damage_healed":0,"gold_gain":0,"player_choice":"Embrace Madness","damage_taken":11,"max_hp_gain":0,"max_hp_loss":0,"event_name":"Winding Halls","floor":39,"gold_loss":0,"cards_obtained":["Madness","Madness"]},{"cards_removed":["Defend_G"],"damage_healed":0,"gold_gain":0,"player_choice":"Removed Skill","damage_taken":0,"max_hp_gain":0,"max_hp_loss":0,"event_name":"Falling","floor":44,"gold_loss":0}],"is_beta":false,"boss_relics":[{"not_picked":["Runic Dome","Snecko Eye"],"picked":"Coffee Dripper"},{"not_picked":["Philosopher\u0027s Stone","Pandora\u0027s Box"],"picked":"Ring of the Serpent"}],"items_purged_floors":[],"is_endless":false,"potions_floor_spawned":[2,5,6,14,16,19,23,31,37,46],"killed_by":"4 Shapes","ascension_level":4}