{"gold_per_floor":[118,193,468,479,162,187,187,14,14,14,14,47,47,80,80,177,177,158,173,190,201,2,36,54,54,77,111,136,64,83,83,83,188,188,206,225,243,260,277,303,303,314,395,422,422,452,118,136,136,136],"floor_reached":50,"playtime":5336,"items_purged":["Regret","Regret"],"score":922,"play_id":"7eadec44-b20a-43e1-9ccc-dce33c6055fb","local_time":"20190519065351","is_ascension_mode":true,"campfire_choices":[{"data":"Footwork","floor":11,"key":"SMITH"},{"floor":15,"key":"REST"},{"floor":25,"key":"REST"},{"floor":32,"key":"REST"},{"floor":41,"key":"REST"},{"floor":49,"key":"REST"}],"neow_cost":"NONE","seed_source_timestamp":263766009818848,"circlet_count":0,"master_deck":["Defend_G+1","Defend_G+1","Defend_G+1","Defend_G+1","Defend_G+1","Strike_G+1","Strike_G+1","Strike_G+1","Strike_G+1","Strike_G+1","Survivor","Neutralize","Backflip","Flying Knee","Footwork+1","PiercingWail","Dagger Spray","Cloak And Dagger","Poisoned Stab","Dash","Night Terror","Catalyst","Footwork+1","Bane+1","Footwork","Noxious Fumes","Backstab","Outmaneuver","Bane","Flying Knee+1","PiercingWail","Flechettes","Bane+1","Deadly Poison","Corpse Explosion","Dodge and Roll","Dodge and Roll","Dodge and Roll","Deadly Poison","Leg Sweep","Leg Sweep","Dodge and Roll+1","Crippling Poison+1","Footwork","Deadly Poison","Noxious Fumes","Finesse","Sadistic Nature","Bane+1"],"relics":["Ring of the Snake","NeowsBlessing","Ninja Scroll","Happy Flower","Dream Catcher","Singing Bowl","Strawberry","Pen Nib","Runic Pyramid","Matryoshka","Whetstone","Regal Pillow","Red Mask","Letter Opener","Cursed Key","Gremlin Horn","Ancient Tea Set","Sundial","Omamori","Spirit Poop","MawBank"],"potions_floor_usage":[12,16,23,24,24,40,40,44,50],"damage_taken":[{"damage":0,"enemies":"Jaw Worm","floor":1,"turns":1},{"damage":0,"enemies":"Cultist","floor":4,"turns":1},{"damage":0,"enemies":"3 Sentries","floor":6,"turns":1},{"damage":21,"enemies":"Gremlin Nob","floor":12,"turns":5},{"damage":32,"enemies":"Lagavulin","floor":14,"turns":12},{"damage":16,"enemies":"The Guardian","floor":16,"turns":15},{"damage":1,"enemies":"2 Thieves","floor":18,"turns":4},{"damage":0,"enemies":"Chosen","floor":19,"turns":8},{"damage":0,"enemies":"Centurion and Healer","floor":20,"turns":19},{"damage":1,"enemies":"Snake Plant","floor":21,"turns":6},{"damage":42,"enemies":"Book of Stabbing","floor":23,"turns":7},{"damage":8,"enemies":"Snecko","floor":24,"turns":5},{"damage":12,"enemies":"Masked Bandits","floor":27,"turns":3},{"damage":16,"enemies":"Slavers","floor":28,"turns":7},{"damage":5,"enemies":"3 Cultists","floor":30,"turns":6},{"damage":39,"enemies":"Collector","floor":33,"turns":7},{"damage":2,"enemies":"3 Darklings","floor":35,"turns":4},{"damage":2,"enemies":"3 Shapes","floor":36,"turns":4},{"damage":33,"enemies":"Writhing Mass","floor":37,"turns":6},{"damage":0,"enemies":"4 Shapes","floor":38,"turns":6},{"damage":12,"enemies":"Maw","floor":39,"turns":9},{"damage":0,"enemies":"Giant Head","floor":40,"turns":13},{"damage":0,"enemies":"3 Darklings","floor":42,"turns":2},{"damage":40,"enemies":"Nemesis","floor":44,"turns":9},{"damage":3,"enemies":"Giant Head","floor":46,"turns":7},{"damage":1,"enemies":"Transient","floor":48,"turns":5},{"damage":70,"enemies":"Awakened One","floor":50,"turns":11}],"seed_played":"-2884235926184272135","potions_obtained":[{"floor":4,"key":"SpeedPotion"},{"floor":14,"key":"SpeedPotion"},{"floor":18,"key":"Energy Potion"},{"floor":21,"key":"Poison Potion"},{"floor":23,"key":"Strength Potion"},{"floor":37,"key":"GamblersBrew"},{"floor":39,"key":"Dexterity Potion"},{"floor":40,"key":"EssenceOfSteel"},{"floor":44,"key":"Fire Potion"}],"is_trial":false,"path_per_floor":["M","?","?","M","$","E","?","$","T","$","R","E","?","E","R","B",null,"M","M","M","M","$","E","M","R","T","?","E","$","M","?","R","B",null,"M","M","M","M","M","E","R","M","T","E","?","E","$","M","R","B"],"character_chosen":"THE_SILENT","items_purchased":["Ninja Scroll","PiercingWail","Dagger Spray","Noxious Fumes","Backstab","Outmaneuver","Flechettes","Noxious Fumes","Finesse","Sadistic Nature"],"campfire_rested":5,"item_purchase_floors":[5,8,8,22,22,22,29,47,47,47],"current_hp_per_floor":[70,59,59,59,59,59,59,59,59,59,59,45,45,13,36,20,77,76,76,76,75,75,33,25,48,48,38,24,24,19,19,58,19,81,79,77,44,44,32,32,71,71,71,31,31,28,28,27,68,0],"gold":136,"neow_bonus":"THREE_ENEMY_KILL","is_prod":false,"is_daily":false,"chose_seed":false,"campfire_upgraded":1,"win_rate":0,"timestamp":1558270431,"path_taken":["M","?","?","?","$","E","?","$","T","?","R","E","?","E","R","BOSS","M","M","M","M","$","E","M","R","T","?","E","$","M","?","R","BOSS","M","M","M","M","M","E","R","M","T","E","?","E","$","M","R","BOSS"],"build_version":"2019-01-23","purchased_purges":2,"victory":false,"max_hp_per_floor":[70,70,70,70,70,70,70,70,70,70,70,77,77,77,77,77,77,77,77,77,77,77,77,77,77,77,79,81,81,81,81,81,81,81,81,81,81,81,81,81,81,81,81,81,81,81,81,81,83,83],"card_choices":[{"not_picked":["Terror","Flying Knee"],"picked":"Backflip","floor":1},{"not_picked":["Underhanded Strike","Tactician"],"picked":"Flying Knee","floor":4},{"not_picked":["Noxious Fumes","Slice"],"picked":"Footwork","floor":6},{"not_picked":["Acrobatics","Dodge and Roll"],"picked":"Cloak And Dagger","floor":12},{"not_picked":["Quick Slash","Flying Knee"],"picked":"Poisoned Stab","floor":14},{"not_picked":["Skewer","Outmaneuver"],"picked":"Dash","floor":15},{"not_picked":["Grand Finale","Unload"],"picked":"Night Terror","floor":16},{"not_picked":["Masterful Stab","Blade Dance"],"picked":"Catalyst","floor":18},{"not_picked":["Outmaneuver","Deflect"],"picked":"Footwork+1","floor":19},{"not_picked":["Poisoned Stab","Prepared"],"picked":"Bane+1","floor":20},{"not_picked":["Crippling Poison","Flying Knee"],"picked":"Footwork","floor":21},{"not_picked":["Endless Agony+1","Tools of the Trade"],"picked":"Bane","floor":23},{"not_picked":["Underhanded Strike","Eviscerate"],"picked":"Flying Knee+1","floor":24},{"not_picked":["Distraction","Slice"],"picked":"PiercingWail","floor":25},{"not_picked":["Endless Agony","Backflip","Reflex"],"picked":"Singing Bowl","floor":27},{"not_picked":["Endless Agony+1","Underhanded Strike","Acrobatics+1"],"picked":"Singing Bowl","floor":28},{"not_picked":["Heel Hook","Sucker Punch"],"picked":"Bane+1","floor":30},{"not_picked":["Poisoned Stab","Acrobatics"],"picked":"Deadly Poison","floor":32},{"not_picked":["After Image","A Thousand Cuts"],"picked":"Corpse Explosion","floor":33},{"not_picked":["Poisoned Stab+1","Dagger Throw+1"],"picked":"Dodge and Roll","floor":35},{"not_picked":["Bouncing Flask","Deflect"],"picked":"Dodge and Roll","floor":36},{"not_picked":["PiercingWail","Outmaneuver+1"],"picked":"Dodge and Roll","floor":37},{"not_picked":["Acrobatics","Infinite Blades"],"picked":"Deadly Poison","floor":38},{"not_picked":["Bane","Outmaneuver+1"],"picked":"Leg Sweep","floor":39},{"not_picked":["Flechettes","Acrobatics+1"],"picked":"Leg Sweep","floor":40},{"not_picked":["Backflip+1","Heel Hook+1"],"picked":"Dodge and Roll+1","floor":41},{"not_picked":["Bane+1","All Out Attack"],"picked":"Crippling Poison+1","floor":42},{"not_picked":["Masterful Stab+1","Deadly Poison"],"picked":"Footwork","floor":44},{"not_picked":["Dash","Venomology"],"picked":"Deadly Poison","floor":46},{"not_picked":["Sucker Punch+1","Masterful Stab+1"],"picked":"Bane+1","floor":48},{"not_picked":["Eviscerate","PiercingWail","Dash"],"picked":"Singing Bowl","floor":49}],"player_experience":216689,"relics_obtained":[{"floor":6,"key":"Happy Flower"},{"floor":9,"key":"Singing Bowl"},{"floor":12,"key":"Strawberry"},{"floor":14,"key":"Pen Nib"},{"floor":23,"key":"Matryoshka"},{"floor":26,"key":"Whetstone"},{"floor":26,"key":"Regal Pillow"},{"floor":27,"key":"Red Mask"},{"floor":28,"key":"Letter Opener"},{"floor":40,"key":"Gremlin Horn"},{"floor":43,"key":"Ancient Tea Set"},{"floor":43,"key":"Sundial"},{"floor":44,"key":"Omamori"},{"floor":46,"key":"MawBank"}],"event_choices":[{"damage_healed":0,"gold_gain":75,"player_choice":"Gather Gold","damage_taken":11,"max_hp_gain":0,"max_hp_loss":0,"event_name":"World of Goop","floor":2,"gold_loss":0},{"damage_healed":0,"gold_gain":275,"player_choice":"Desecrate","damage_taken":0,"max_hp_gain":0,"max_hp_loss":0,"event_name":"Golden Shrine","floor":3,"gold_loss":0,"cards_obtained":["Regret"]},{"damage_healed":0,"gold_gain":0,"player_choice":"Box","damage_taken":0,"relics_obtained":["Dream Catcher"],"max_hp_gain":0,"max_hp_loss":0,"event_name":"Big Fish","floor":7,"gold_loss":0,"cards_obtained":["Regret"]},{"damage_healed":0,"gold_gain":0,"player_choice":"Ignored","damage_taken":0,"max_hp_gain":0,"max_hp_loss":0,"event_name":"Liars Game","floor":13,"gold_loss":0},{"damage_healed":0,"gold_gain":0,"player_choice":"Fought Bandits","damage_taken":0,"max_hp_gain":0,"max_hp_loss":0,"event_name":"Masked Bandits","floor":27,"gold_loss":0},{"damage_healed":0,"gold_gain":0,"player_choice":"Simplicity","damage_taken":0,"max_hp_gain":0,"max_hp_loss":0,"event_name":"Back to Basics","floor":31,"gold_loss":0,"cards_upgraded":["Defend_G","Defend_G","Defend_G","Defend_G","Defend_G","Strike_G","Strike_G","Strike_G"]},{"cards_removed":["Clumsy"],"damage_healed":0,"gold_gain":0,"player_choice":"Offered Curse","damage_taken":0,"relics_obtained":["Spirit Poop"],"max_hp_gain":0,"max_hp_loss":0,"event_name":"Bonfire Elementals","floor":45,"gold_loss":0}],"is_beta":false,"boss_relics":[{"not_picked":["Tiny House","Black Star"],"picked":"Runic Pyramid"},{"not_picked":["Empty Cage","Astrolabe"],"picked":"Cursed Key"}],"items_purged_floors":[5,8],"is_endless":false,"potions_floor_spawned":[4,14,18,21,23,37,39,40,44],"killed_by":"Awakened One","ascension_level":4}