{"gold_per_floor":[109,125,125,144,144,144,173,173,226,261,276,551,570,180,180,257,257,275,287,287,287,298,298,315,341,420,420,86,86,86,121,133,221,233,257,269,291,322,382,394,420,465,503,534,566,596,608,122,122,122],"floor_reached":51,"playtime":2488,"items_purged":["Regret","Defend_B"],"score":1344,"play_id":"f6e0cb61-6eed-4a45-a67c-94b4e66f533a","local_time":"20190617032911","is_ascension_mode":true,"campfire_choices":[{"data":"Zap","floor":6.0,"key":"SMITH"},{"floor":8.0,"key":"REST"},{"floor":15.0,"key":"REST"},{"data":"Darkness","floor":23,"key":"SMITH"},{"floor":27,"key":"REST"},{"data":"Defragment","floor":32,"key":"SMITH"},{"floor":40,"key":"RECALL"},{"floor":49,"key":"REST"}],"neow_cost":"NONE","seed_source_timestamp":319866937156900,"circlet_count":0,"master_deck":["AscendersBane","Defend_B","Defend_B+1","Zap+1","Dualcast","Cold Snap","Lockon+1","Sweeping Beam+1","Coolheaded+1","Static Discharge","Conserve Battery","Defragment+1","Go for the Eyes+1","Meteor Strike","Self Repair","Darkness+1","Loop+1","Heatsinks","Bite","Bite","Bite","Bite","Bite","Loop","Biased Cognition","Compile Driver","Tempest+1","Multi-Cast+1","Hologram+1","Cold Snap+1","Biased Cognition","Ball Lightning+1","Echo Form","Apotheosis","Storm","Hologram"],"special_seed":0,"relics":["Cracked Core","Juzu Bracelet","Boot","Bronze Scales","Bird Faced Urn","Sling","Snecko Eye","Enchiridion","Ancient Tea Set","Mummified Hand","Bag of Preparation","Whetstone","MawBank","Fusion Hammer","Mango","Gremlin Horn","War Paint","Membership Card","Vajra","Orichalcum"],"potions_floor_usage":[24,33,33,41,44,50,50],"damage_taken":[{"damage":3.0,"enemies":"Jaw Worm","floor":1.0,"turns":4.0},{"damage":6.0,"enemies":"2 Louse","floor":2.0,"turns":3.0},{"damage":0.0,"enemies":"Cultist","floor":4.0,"turns":3.0},{"damage":26.0,"enemies":"Lagavulin","floor":7.0,"turns":6.0},{"damage":22.0,"enemies":"Gremlin Nob","floor":10.0,"turns":4.0},{"damage":7.0,"enemies":"Gremlin Gang","floor":11.0,"turns":2.0},{"damage":6.0,"enemies":"2 Fungi Beasts","floor":13.0,"turns":3.0},{"damage":4,"enemies":"The Guardian","floor":16,"turns":11},{"damage":8,"enemies":"Spheric Guardian","floor":18,"turns":3},{"damage":10,"enemies":"Shell Parasite","floor":19,"turns":4},{"damage":2,"enemies":"Centurion and Healer","floor":22,"turns":6},{"damage":11,"enemies":"Chosen and Byrds","floor":24,"turns":2},{"damage":37,"enemies":"Slavers","floor":25,"turns":5},{"damage":10,"enemies":"Book of Stabbing","floor":31,"turns":3},{"damage":49,"enemies":"Automaton","floor":33,"turns":9},{"damage":0,"enemies":"Orb Walker","floor":35,"turns":2},{"damage":17,"enemies":"3 Shapes","floor":37,"turns":3},{"damage":21,"enemies":"Transient","floor":38,"turns":5},{"damage":8,"enemies":"2 Orb Walkers","floor":39,"turns":2},{"damage":6,"enemies":"Maw","floor":41,"turns":3},{"damage":10,"enemies":"Giant Head","floor":42,"turns":6},{"damage":10,"enemies":"Spire Growth","floor":44,"turns":4},{"damage":23,"enemies":"Transient","floor":45,"turns":5},{"damage":0,"enemies":"Maw","floor":46,"turns":4},{"damage":54,"enemies":"Awakened One","floor":50,"turns":6}],"seed_played":"-1665619086353244119","potions_obtained":[{"floor":4.0,"key":"FearPotion"},{"floor":7.0,"key":"Swift Potion"},{"floor":10.0,"key":"AttackPotion"},{"floor":16,"key":"EssenceOfSteel"},{"floor":19,"key":"AttackPotion"},{"floor":25,"key":"SpeedPotion"},{"floor":35,"key":"Energy Potion"},{"floor":38,"key":"Swift Potion"},{"floor":42,"key":"Explosive Potion"},{"floor":44,"key":"Dexterity Potion"}],"is_trial":false,"path_per_floor":["M","M","?","M","?","R","E","R","T","E","M","?","M","$","R","B",null,"M","M","?","?","M","R","M","E","T","R","$","?","?","E","R","B",null,"M","?","M","M","?","R","M","E","T","M","M","M","?","$","R","B",null],"character_chosen":"DEFECT","items_purchased":["Defragment","Go for the Eyes","Sling","Bag of Preparation","Whetstone","Membership Card","Storm","Vajra","Orichalcum","Hologram"],"campfire_rested":4,"item_purchase_floors":[14,14,14,28,28,48,48,48,48,48],"current_hp_per_floor":[68,62,39,39,39,39,13,36,36,14,9,9,3,3,26,26,65,59,62,62,41,54,54,54,34,34,57,57,54,54,54,54,29,48,54,54,54,40,68,68,68,67,67,68,68,68,63,63,68,64],"gold":122,"neow_bonus":"TEN_PERCENT_HP_BONUS","is_prod":false,"is_daily":false,"chose_seed":false,"campfire_upgraded":3,"win_rate":0,"timestamp":1560734951,"path_taken":["M","M","?","M","?","R","E","R","T","E","M","?","M","$","R","BOSS","M","M","?","?","M","R","M","E","T","R","$","?","?","E","R","BOSS","M","?","M","M","?","R","M","E","T","M","M","M","?","$","R","BOSS"],"build_version":"2019-06-13","purchased_purges":2,"victory":true,"max_hp_per_floor":[78,78,78,78,78,78,78,78,78,78,78,78,78,78,78,78,78,78,78,78,78,78,78,78,78,78,78,78,54,54,54,54,54,54,54,54,54,54,68,68,68,68,68,68,68,68,68,68,68,68],"card_choices":[{"not_picked":["Sweeping Beam","Turbo"],"picked":"Cold Snap","floor":1.0},{"not_picked":["Gash","Reinforced Body"],"picked":"Lockon","floor":2.0},{"not_picked":["Redo","Static Discharge"],"picked":"Sweeping Beam","floor":4.0},{"not_picked":["Rip and Tear","Stack"],"picked":"Coolheaded","floor":7.0},{"not_picked":["Hyperbeam","Storm"],"picked":"Static Discharge","floor":10.0},{"not_picked":["Chaos","Hologram","Rebound"],"picked":"SKIP","floor":11.0},{"not_picked":["Turbo","Barrage"],"picked":"Conserve Battery","floor":13.0},{"not_picked":["Seek","Hyperbeam"],"picked":"Meteor Strike","floor":16},{"not_picked":["BootSequence","Sweeping Beam"],"picked":"Self Repair","floor":18},{"not_picked":["Stack","Skim"],"picked":"Darkness","floor":19},{"not_picked":["Barrage","Darkness"],"picked":"Loop+1","floor":22},{"not_picked":["Hologram","Genetic Algorithm"],"picked":"Heatsinks","floor":24},{"not_picked":["Go for the Eyes","Darkness","Lockon"],"picked":"SKIP","floor":25},{"not_picked":["Beam Cell+1","Redo"],"picked":"Loop","floor":31},{"not_picked":["Thunder Strike","Amplify"],"picked":"Biased Cognition","floor":33},{"not_picked":["Stack","Reprogram+1"],"picked":"Compile Driver","floor":35},{"not_picked":["Sweeping Beam","Leap+1"],"picked":"Tempest+1","floor":37},{"not_picked":["Loop","Coolheaded+1"],"picked":"Multi-Cast","floor":38},{"not_picked":["Rebound","Aggregate"],"picked":"Hologram+1","floor":39},{"not_picked":["Redo","Turbo"],"picked":"Cold Snap+1","floor":41},{"not_picked":["Sweeping Beam","Recycle"],"picked":"Biased Cognition","floor":42},{"not_picked":["Stack","Sweeping Beam","Static Discharge"],"picked":"SKIP","floor":44},{"not_picked":["Barrage","Gash"],"picked":"Ball Lightning+1","floor":45},{"not_picked":["Gash+1","Coolheaded"],"picked":"Echo Form","floor":46},{"not_picked":["Flash of Steel","Swift Strike"],"picked":"Apotheosis","floor":47}],"player_experience":853034,"relics_obtained":[{"floor":7.0,"key":"Boot"},{"floor":9.0,"key":"Bronze Scales"},{"floor":10.0,"key":"Bird Faced Urn"},{"floor":21,"key":"Enchiridion"},{"floor":25,"key":"Ancient Tea Set"},{"floor":26,"key":"Mummified Hand"},{"floor":31,"key":"MawBank"},{"floor":39,"key":"Mango"},{"floor":42,"key":"Gremlin Horn"},{"floor":43,"key":"War Paint"}],"event_choices":[{"damage_healed":0.0,"max_hp_gain":0.0,"max_hp_loss":0.0,"gold_gain":0.0,"event_name":"Shining Light","player_choice":"Entered Light","floor":3.0,"gold_loss":0.0,"damage_taken":23.0,"cards_upgraded":["Defend_B","Lockon"]},{"damage_healed":0.0,"max_hp_gain":0.0,"max_hp_loss":0.0,"gold_gain":0.0,"event_name":"WeMeetAgain","player_choice":"Gave Potion","floor":5.0,"gold_loss":0.0,"damage_taken":0.0,"relics_obtained":["Juzu Bracelet"]},{"damage_healed":0.0,"max_hp_gain":0.0,"max_hp_loss":0.0,"gold_gain":275.0,"event_name":"Golden Shrine","player_choice":"Desecrate","floor":12.0,"gold_loss":0.0,"damage_taken":0.0,"cards_obtained":["Regret"]},{"damage_healed":0,"gold_gain":0,"player_choice":"Ignored","damage_taken":0,"max_hp_gain":0,"max_hp_loss":0,"event_name":"Ghosts","floor":20,"gold_loss":0},{"damage_healed":0,"gold_gain":0,"player_choice":"Obtained Book","damage_taken":21,"max_hp_gain":0,"max_hp_loss":0,"event_name":"Cursed Tome","floor":21,"gold_loss":0},{"damage_healed":0,"gold_gain":0,"player_choice":"Became a vampire","damage_taken":0,"max_hp_gain":0,"max_hp_loss":24,"event_name":"Vampires","floor":29,"gold_loss":0,"cards_obtained":["Bite","Bite","Bite","Bite","Bite"]},{"cards_removed":["Defend_B"],"damage_healed":0,"gold_gain":0,"player_choice":"Offered Basic","damage_taken":0,"max_hp_gain":0,"max_hp_loss":0,"event_name":"Bonfire Elementals","floor":30,"gold_loss":0},{"damage_healed":0,"gold_gain":0,"player_choice":"Ignored","damage_taken":0,"max_hp_gain":0,"max_hp_loss":0,"event_name":"Tomb of Lord Red Mask","floor":36,"gold_loss":0},{"damage_healed":0,"gold_gain":0,"player_choice":"Fight","damage_taken":0,"max_hp_gain":0,"max_hp_loss":0,"event_name":"Mysterious Sphere","floor":39,"gold_loss":0},{"damage_healed":0,"gold_gain":0,"player_choice":"Memory 2","damage_taken":5,"max_hp_gain":0,"max_hp_loss":0,"event_name":"SensoryStone","floor":47,"gold_loss":0}],"is_beta":true,"boss_relics":[{"not_picked":["Sozu","Coffee Dripper"],"picked":"Snecko Eye"},{"not_picked":["Nuclear Battery","Astrolabe"],"picked":"Fusion Hammer"}],"items_purged_floors":[14,48],"is_endless":false,"potions_floor_spawned":[4,7,10,16,19,22,25,31,35,38,39,42,44],"ascension_level":16}