{"gold_per_floor":[219,13,29,41,61,95,95,125,125,138,138,149,149,149,149,246,246,260,270,285,285],"floor_reached":21,"playtime":4362,"items_purged":[],"score":203,"play_id":"29fe97e8-a496-4c86-93fb-0e60b7ec62c1","local_time":"20190807214516","is_ascension_mode":true,"campfire_choices":[{"floor":7,"key":"REST"},{"floor":11,"key":"REST"},{"floor":13,"key":"REST"},{"floor":15,"key":"REST"}],"neow_cost":"NONE","seed_source_timestamp":62979661714700,"circlet_count":0,"master_deck":["Strike_G","Strike_G","Strike_G","Strike_G","Strike_G","Defend_G","Defend_G","Survivor","Neutralize","Dodge and Roll","Noxious Fumes","Expertise","Backflip","Dash","Infinite Blades","Accuracy","All Out Attack","Flash of Steel","Venomology","Corpse Explosion+1","Bane+1","After Image+1","Bouncing Flask","Calculated Gamble","Quick Slash"],"relics":["Ring of the Snake","Frozen Eye","Matryoshka","Mummified Hand","Potion Belt","Bottled Flame","Astrolabe"],"potions_floor_usage":[6,12,12,16,18,19,20,21],"damage_taken":[{"damage":7,"enemies":"Cultist","floor":1,"turns":5},{"damage":4,"enemies":"2 Louse","floor":3,"turns":3},{"damage":1,"enemies":"Jaw Worm","floor":4,"turns":5},{"damage":2,"enemies":"Looter","floor":5,"turns":4},{"damage":13,"enemies":"3 Sentries","floor":6,"turns":9},{"damage":53,"enemies":"Gremlin Nob","floor":8,"turns":7},{"damage":0,"enemies":"Red Slaver","floor":10,"turns":4},{"damage":0,"enemies":"Large Slime","floor":12,"turns":5},{"damage":27,"enemies":"Slime Boss","floor":16,"turns":10},{"damage":11,"enemies":"3 Byrds","floor":18,"turns":4},{"damage":29,"enemies":"Spheric Guardian","floor":19,"turns":6},{"damage":25,"enemies":"Shelled Parasite and Fungi","floor":20,"turns":7},{"damage":10,"enemies":"Snake Plant","floor":21,"turns":2}],"seed_played":"7939666473127390459","potions_obtained":[{"floor":4,"key":"SkillPotion"},{"floor":8,"key":"Ancient Potion"},{"floor":10,"key":"AttackPotion"},{"floor":12,"key":"Ancient Potion"},{"floor":18,"key":"FearPotion"},{"floor":19,"key":"Weak Potion"}],"is_trial":false,"path_per_floor":["M","$","M","M","M","E","R","E","T","M","R","M","R","?","R","B",null,"M","M","M","M"],"character_chosen":"THE_SILENT","items_purchased":["Frozen Eye"],"campfire_rested":4,"item_purchase_floors":[2],"current_hp_per_floor":[63,63,59,58,56,43,64,11,11,11,32,32,53,53,70,43,70,59,35,10,0],"gold":285,"neow_bonus":"HUNDRED_GOLD","is_prod":false,"is_daily":false,"chose_seed":false,"campfire_upgraded":0,"win_rate":0,"timestamp":1565232316,"path_taken":["M","$","M","M","M","E","R","E","T","M","R","?","R","?","R","BOSS","M","M","?","M"],"build_version":"2019-07-05","purchased_purges":0,"victory":false,"max_hp_per_floor":[70,70,70,70,70,70,70,70,70,70,70,70,70,70,70,70,70,70,70,70,70],"card_choices":[{"not_picked":["PiercingWail","Underhanded Strike"],"picked":"Dodge and Roll","floor":1},{"not_picked":["Dodge and Roll","Flying Knee"],"picked":"Noxious Fumes","floor":3},{"not_picked":["Backstab","Flying Knee"],"picked":"Expertise","floor":4},{"not_picked":["Deflect","Leg Sweep"],"picked":"Backflip","floor":5},{"not_picked":["Unload","Backflip"],"picked":"Dash","floor":6},{"not_picked":["Terror","Expertise"],"picked":"Infinite Blades","floor":8},{"not_picked":["Riddle With Holes","Dash"],"picked":"Accuracy","floor":10},{"not_picked":["Tactician","Finisher"],"picked":"All Out Attack","floor":12},{"not_picked":["After Image","Glass Knife"],"picked":"Venomology","floor":16},{"not_picked":["Deadly Poison","Cloak And Dagger+1"],"picked":"Bouncing Flask","floor":18},{"not_picked":["Sucker Punch","Poisoned Stab"],"picked":"Calculated Gamble","floor":19},{"not_picked":["Cloak And Dagger","Dodge and Roll+1"],"picked":"Quick Slash","floor":20}],"player_experience":178855,"relics_obtained":[{"floor":6,"key":"Matryoshka"},{"floor":8,"key":"Mummified Hand"},{"floor":9,"key":"Potion Belt"},{"floor":9,"key":"Bottled Flame"}],"event_choices":[{"damage_healed":0,"gold_gain":0,"player_choice":"1 cards matched","damage_taken":0,"max_hp_gain":0,"max_hp_loss":0,"event_name":"Match and Keep!","floor":14,"gold_loss":0,"cards_obtained":["Flash of Steel"]}],"is_beta":false,"boss_relics":[{"not_picked":["Cursed Key","Snecko Eye"],"picked":"Astrolabe"}],"items_purged_floors":[],"is_endless":false,"potions_floor_spawned":[4,8,10,12,18,19],"killed_by":"Snake Plant","ascension_level":1}