{"gold_per_floor":[114,114,130,144,144,144,144,169,169,169,200,215,232,242,242,340,340,354,354,279,298,316,316,216,216,216,216,91,102,102,117,117,117],"floor_reached":33,"playtime":1607,"items_purged":["Strike_R","Defend_R","Strike_R"],"score":308,"play_id":"9b1f0a48-d8e7-4540-85bb-e4fd4b674097","local_time":"20190926230032","is_ascension_mode":true,"campfire_choices":[{"data":"Armaments","floor":6.0,"key":"SMITH"},{"floor":10.0,"key":"REST"},{"floor":15.0,"key":"REST"},{"floor":23.0,"key":"REST"},{"floor":27.0,"key":"REST"},{"floor":30,"key":"REST"},{"floor":32,"key":"REST"}],"neow_cost":"NONE","seed_source_timestamp":1066675377288000,"circlet_count":0,"master_deck":["Strike_R+1","Strike_R+1","Strike_R","Defend_R","Defend_R","Defend_R+1","Bash+1","Armaments+1","Dual Wield","Cleave","Thunderclap"],"special_seed":0,"relics":["Burning Blood","Whetstone","Dodecahedron","Blood Vial","Bag of Marbles","Dream Catcher","Black Star","MealTicket"],"potions_floor_usage":[33,33],"damage_taken":[{"damage":4.0,"enemies":"2 Louse","floor":1.0,"turns":2.0},{"damage":3.0,"enemies":"Small Slimes","floor":3.0,"turns":4.0},{"damage":1.0,"enemies":"Cultist","floor":4.0,"turns":3.0},{"damage":35.0,"enemies":"Lagavulin","floor":8.0,"turns":6.0},{"damage":40.0,"enemies":"3 Sentries","floor":11.0,"turns":10.0},{"damage":0.0,"enemies":"Looter","floor":12.0,"turns":4.0},{"damage":0.0,"enemies":"Large Slime","floor":13.0,"turns":5.0},{"damage":2.0,"enemies":"3 Louse","floor":14.0,"turns":2.0},{"damage":48.0,"enemies":"The Guardian","floor":16.0,"turns":20.0},{"damage":33.0,"enemies":"Spheric Guardian","floor":18.0,"turns":5.0},{"damage":51.0,"enemies":"Shell Parasite","floor":21.0,"turns":8.0},{"damage":21.0,"enemies":"Snake Plant","floor":22.0,"turns":5.0},{"damage":31,"enemies":"Snecko","floor":29,"turns":5},{"damage":52,"enemies":"Sentry and Sphere","floor":31,"turns":8},{"damage":69,"enemies":"Collector","floor":33,"turns":8}],"seed_played":"-561460251600396124","potions_obtained":[{"floor":3.0,"key":"Fire Potion"},{"floor":11.0,"key":"Block Potion"},{"floor":12.0,"key":"Energy Potion"},{"floor":14.0,"key":"Block Potion"},{"floor":18.0,"key":"Weak Potion"},{"floor":31,"key":"DuplicationPotion"}],"is_trial":false,"path_per_floor":["M","?","M","M","?","R","?","E","T","R","E","M","M","M","R","B",null,"M","?","$","M","M","R","$","?","T","R","$","M","R","M","R","B"],"character_chosen":"IRONCLAD","items_purchased":[],"campfire_rested":6,"item_purchase_floors":[],"current_hp_per_floor":[80,85,85,85,68,68,65,36,36,61,29,37,45,51,76,36,85,58,85,85,40,27,52,52,52,52,77,85,60,85,39,64,0],"gold":117,"neow_bonus":"RANDOM_COMMON_RELIC","is_prod":false,"is_daily":false,"chose_seed":false,"campfire_upgraded":1,"win_rate":0,"timestamp":1569531632,"path_taken":["M","?","M","M","?","R","?","E","T","R","E","M","M","M","R","BOSS","M","?","$","M","M","R","$","?","T","R","$","M","R","M","R","BOSS"],"build_version":"2019-09-26","purchased_purges":3,"victory":false,"max_hp_per_floor":[80,85,85,85,85,85,85,85,85,85,85,85,85,85,85,85,85,85,85,85,85,85,85,85,85,85,85,85,85,85,85,85,85],"card_choices":[{"not_picked":["True Grit","Twin Strike"],"picked":"Armaments","floor":1.0},{"not_picked":["Headbutt","Metallicize","Feel No Pain"],"picked":"SKIP","floor":3.0},{"not_picked":["Uppercut","Iron Wave","Reckless Charge"],"picked":"SKIP","floor":4.0},{"not_picked":["Headbutt","Clash"],"picked":"Dual Wield","floor":8.0},{"not_picked":["Feed","Body Slam","Shrug It Off"],"picked":"SKIP","floor":11.0},{"not_picked":["Uppercut","Wild Strike"],"picked":"Cleave","floor":12.0},{"not_picked":["Evolve","Sword Boomerang","Perfected Strike"],"picked":"SKIP","floor":13.0},{"not_picked":["Shrug It Off","Pummel"],"picked":"Thunderclap","floor":14.0},{"not_picked":["Perfected Strike","Feel No Pain","Iron Wave"],"picked":"SKIP","floor":18.0},{"not_picked":["Inflame+1","Anger","Body Slam"],"picked":"SKIP","floor":21.0},{"not_picked":["Rampage","Second Wind","Warcry"],"picked":"SKIP","floor":22.0},{"not_picked":["Shrug It Off","Pommel Strike","Disarm+1"],"picked":"SKIP","floor":29},{"not_picked":["Pummel","Armaments","Perfected Strike"],"picked":"SKIP","floor":31}],"player_experience":288258,"relics_obtained":[{"floor":8.0,"key":"Blood Vial"},{"floor":9.0,"key":"Bag of Marbles"},{"floor":11.0,"key":"Dream Catcher"},{"floor":26.0,"key":"MealTicket"}],"event_choices":[{"damage_healed":0.0,"max_hp_gain":5.0,"max_hp_loss":0.0,"gold_gain":0.0,"event_name":"Big Fish","player_choice":"Donut","floor":2.0,"gold_loss":0.0,"damage_taken":0.0},{"damage_healed":0.0,"max_hp_gain":0.0,"max_hp_loss":0.0,"gold_gain":0.0,"event_name":"Shining Light","player_choice":"Entered Light","floor":5.0,"gold_loss":0.0,"damage_taken":17.0,"cards_upgraded":["Strike_R","Defend_R"]},{"damage_healed":0.0,"max_hp_gain":0.0,"max_hp_loss":0.0,"gold_gain":0.0,"event_name":"Scrap Ooze","player_choice":"Success","floor":7.0,"gold_loss":0.0,"damage_taken":3.0,"relics_obtained":["Dodecahedron"]},{"damage_healed":28.0,"max_hp_gain":0.0,"max_hp_loss":0.0,"gold_gain":0.0,"event_name":"The Library","player_choice":"Heal","floor":19.0,"gold_loss":0.0,"damage_taken":0.0},{"damage_healed":0.0,"max_hp_gain":0.0,"max_hp_loss":0.0,"gold_gain":0.0,"event_name":"Ghosts","player_choice":"Ignored","floor":25.0,"gold_loss":0.0,"damage_taken":0.0}],"is_beta":true,"boss_relics":[{"not_picked":["Cursed Key","Pandora\u0027s Box"],"picked":"Black Star"}],"items_purged_floors":[20,24,28],"is_endless":false,"potions_floor_spawned":[3,11,12,14,18,31],"killed_by":"Collector","ascension_level":4}