{"gold_per_floor":[112,112,124,124,136,168,168,195,242,254,283,348,348,362,362,460,460,472,486,486,10,26,26,61,61,113,113,113,141,141,172,184,297,309,341,405,417,8,8,8,36,36,36,55,55,55,55,84,84,84],"floor_reached":51,"playtime":2489,"items_purged":[],"score":1285,"play_id":"1d50f147-39ed-41e4-8488-949330aaba85","local_time":"20190929001811","is_ascension_mode":true,"campfire_choices":[{"floor":7.0,"key":"REST"},{"floor":15.0,"key":"DIG"},{"floor":28.0,"key":"DIG"},{"floor":30.0,"key":"DIG"},{"floor":32.0,"key":"DIG"},{"floor":40.0,"key":"DIG"},{"floor":42.0,"key":"DIG"},{"floor":45.0,"key":"DIG"},{"floor":47.0,"key":"DIG"},{"data":"Reaper","floor":49,"key":"SMITH"}],"neow_cost":"NONE","seed_source_timestamp":0,"circlet_count":0,"master_deck":["Strike_R","Strike_R","Strike_R","Strike_R","Strike_R","Defend_R+1","Defend_R","Defend_R","Defend_R+1","Bash","Wild Strike","Regret","Armaments+1","Pommel Strike","Inflame","Reaper+1","Twin Strike","Carnage","Clash+1","Feed+1","Seeing Red","Corruption","Battle Trance+1","Headbutt+1","Shame","Ghostly Armor+1","Heavy Blade+1","Clash+1","Combust+1","Blind","Transmutation","Madness","Madness","Heavy Blade+1","Sword Boomerang+1","Pain","Headbutt+1"],"special_seed":0,"relics":["Burning Blood","Strawberry","Ornamental Fan","Potion Belt","War Paint","Blood Vial","Shovel","Boot","Molten Egg 2","Red Skull","Mark of Pain","Blue Candle","Membership Card","Ice Cream","Letter Opener","Ancient Tea Set","Smiling Mask","Regal Pillow","MutagenicStrength","Bottled Flame","Vajra","Mummified Hand","MawBank","Bag of Marbles","Black Star","StoneCalendar","Bronze Scales","Centennial Puzzle","ClockworkSouvenir","Unceasing Top","Toxic Egg 2","Bag of Preparation","Darkstone Periapt","Happy Flower","Anchor","WarpedTongs","Orichalcum","Oddly Smooth Stone","Shuriken"],"potions_floor_usage":[50,50],"damage_taken":[{"damage":14.0,"enemies":"Jaw Worm","floor":1.0,"turns":3.0},{"damage":22.0,"enemies":"Small Slimes","floor":3.0,"turns":4.0},{"damage":4.0,"enemies":"Cultist","floor":5.0,"turns":3.0},{"damage":51.0,"enemies":"3 Sentries","floor":6.0,"turns":9.0},{"damage":30.0,"enemies":"Gremlin Nob","floor":8.0,"turns":4.0},{"damage":12.0,"enemies":"Looter","floor":10.0,"turns":4.0},{"damage":46.0,"enemies":"3 Sentries","floor":11.0,"turns":10.0},{"damage":31.0,"enemies":"Lagavulin Event","floor":12.0,"turns":5.0},{"damage":29.0,"enemies":"Gremlin Gang","floor":14.0,"turns":4.0},{"damage":7.0,"enemies":"Slime Boss","floor":16.0,"turns":8.0},{"damage":18.0,"enemies":"3 Byrds","floor":18.0,"turns":4.0},{"damage":27.0,"enemies":"Spheric Guardian","floor":19.0,"turns":4.0},{"damage":38.0,"enemies":"Chosen and Byrds","floor":22.0,"turns":5.0},{"damage":23.0,"enemies":"Gremlin Leader","floor":24.0,"turns":7.0},{"damage":24.0,"enemies":"Slavers","floor":29.0,"turns":4.0},{"damage":2.0,"enemies":"Gremlin Leader","floor":31.0,"turns":5.0},{"damage":99.0,"enemies":"Collector","floor":33.0,"turns":6.0},{"damage":14.0,"enemies":"Orb Walker","floor":35.0,"turns":3.0},{"damage":64.0,"enemies":"2 Orb Walkers","floor":36.0,"turns":5.0},{"damage":60.0,"enemies":"Giant Head","floor":41.0,"turns":7.0},{"damage":0.0,"enemies":"3 Shapes","floor":44.0,"turns":1.0},{"damage":25.0,"enemies":"Nemesis","floor":48.0,"turns":5.0},{"damage":101,"enemies":"Awakened One","floor":50,"turns":7}],"seed_played":"-272794817132013103","potions_obtained":[{"floor":3.0,"key":"BloodPotion"},{"floor":6.0,"key":"FearPotion"},{"floor":10.0,"key":"Poison Potion"},{"floor":11.0,"key":"BloodPotion"},{"floor":14.0,"key":"Weak Potion"},{"floor":16.0,"key":"Explosive Potion"},{"floor":18.0,"key":"Explosive Potion"},{"floor":19.0,"key":"BloodPotion"},{"floor":29.0,"key":"FearPotion"},{"floor":36.0,"key":"Fire Potion"},{"floor":44.0,"key":"FearPotion"},{"floor":48.0,"key":"EssenceOfSteel"}],"is_trial":false,"path_per_floor":["M","?","M","?","M","E","R","E","T","M","E","?","?","M","R","B",null,"M","M","?","$","M","?","E","?","T","?","R","E","R","E","R","B",null,"M","?","?","$","?","R","E","R","T","M","R","?","R","E","R","B",null],"character_chosen":"IRONCLAD","items_purchased":["Membership Card","Ice Cream","Letter Opener","Bronze Scales","Centennial Puzzle","ClockworkSouvenir","Blind","Transmutation","Energy Potion"],"campfire_rested":1,"item_purchase_floors":[21,21,21,38,38,38,38,38,38],"current_hp_per_floor":[71,71,55,55,57,12,38,14,14,14,9,13,13,16,16,17,70,74,55,55,55,47,28,31,31,31,31,31,52,52,88,88,9,80,86,46,46,46,33,33,30,30,30,86,86,92,92,92,92,19],"gold":84,"neow_bonus":"RANDOM_COMMON_RELIC","is_prod":false,"is_daily":false,"chose_seed":false,"campfire_upgraded":1,"win_rate":0,"timestamp":1569709091,"path_taken":["M","?","M","?","?","E","R","E","T","M","E","?","?","M","R","BOSS","M","?","?","$","?","?","E","?","T","?","R","E","R","E","R","BOSS","M","?","?","$","?","R","E","R","T","M","R","?","R","E","R","BOSS"],"build_version":"2019-07-17","purchased_purges":0,"victory":true,"max_hp_per_floor":[87,87,87,87,87,87,87,87,87,87,87,87,87,87,87,87,87,91,91,91,91,95,100,100,100,100,100,100,104,104,104,104,104,104,104,104,104,104,104,104,104,104,104,104,104,110,110,114,114,114],"card_choices":[{"not_picked":["Havoc","Twin Strike"],"picked":"Wild Strike","floor":1.0},{"not_picked":["Fire Breathing","Dark Embrace"],"picked":"Armaments","floor":3.0},{"not_picked":["Carnage","Iron Wave"],"picked":"Pommel Strike","floor":5.0},{"not_picked":["Disarm","Havoc"],"picked":"Inflame","floor":6.0},{"not_picked":["Spot Weakness","Second Wind"],"picked":"Reaper","floor":8.0},{"not_picked":["Pummel","Iron Wave"],"picked":"Twin Strike","floor":10.0},{"not_picked":["Thunderclap","Twin Strike"],"picked":"Carnage","floor":11.0},{"not_picked":["Uppercut","Evolve"],"picked":"Thunderclap","floor":12.0},{"not_picked":["Armaments","Pummel+1"],"picked":"Clash+1","floor":14.0},{"not_picked":["Berserk","Dark Embrace"],"picked":"Feed+1","floor":16.0},{"not_picked":["Burning Pact+1","True Grit"],"picked":"Seeing Red","floor":18.0},{"not_picked":["Headbutt+1","Flex"],"picked":"Corruption","floor":19.0},{"not_picked":["Pommel Strike+1","Twin Strike+1"],"picked":"Battle Trance+1","floor":22.0},{"not_picked":["Fire Breathing","Whirlwind+1"],"picked":"Headbutt+1","floor":24.0},{"not_picked":["Brutality","Perfected Strike+1"],"picked":"Ghostly Armor+1","floor":29.0},{"not_picked":["Clash+1","Headbutt+1"],"picked":"Heavy Blade+1","floor":31.0},{"not_picked":["Dropkick+1","Sentinel"],"picked":"Clash+1","floor":35.0},{"not_picked":["Body Slam+1","Armaments"],"picked":"Combust+1","floor":36.0},{"not_picked":["Warcry+1","Anger+1"],"picked":"Heavy Blade+1","floor":41.0},{"not_picked":["Clash+1","Rupture"],"picked":"Sword Boomerang+1","floor":44.0},{"not_picked":["Body Slam+1","Pommel Strike+1"],"picked":"Headbutt+1","floor":48.0}],"player_experience":464204,"relics_obtained":[{"floor":6.0,"key":"Potion Belt"},{"floor":8.0,"key":"War Paint"},{"floor":9.0,"key":"Blood Vial"},{"floor":11.0,"key":"Shovel"},{"floor":12.0,"key":"Boot"},{"floor":13.0,"key":"Molten Egg 2"},{"floor":15.0,"key":"Red Skull"},{"floor":24.0,"key":"Ancient Tea Set"},{"floor":26.0,"key":"Regal Pillow"},{"floor":28.0,"key":"Bottled Flame"},{"floor":29.0,"key":"Vajra"},{"floor":30.0,"key":"Mummified Hand"},{"floor":31.0,"key":"MawBank"},{"floor":32.0,"key":"Bag of Marbles"},{"floor":36.0,"key":"StoneCalendar"},{"floor":40.0,"key":"Unceasing Top"},{"floor":41.0,"key":"Toxic Egg 2"},{"floor":41.0,"key":"Bag of Preparation"},{"floor":42.0,"key":"Darkstone Periapt"},{"floor":43.0,"key":"Happy Flower"},{"floor":45.0,"key":"Anchor"},{"floor":47.0,"key":"Orichalcum"},{"floor":48.0,"key":"Oddly Smooth Stone"},{"floor":48.0,"key":"Shuriken"}],"event_choices":[{"damage_healed":0.0,"max_hp_gain":0.0,"max_hp_loss":0.0,"gold_gain":0.0,"event_name":"Big Fish","player_choice":"Box","floor":2.0,"gold_loss":0.0,"damage_taken":0.0,"relics_obtained":["Ornamental Fan"],"cards_obtained":["Regret"]},{"damage_healed":0.0,"max_hp_gain":0.0,"max_hp_loss":0.0,"gold_gain":0.0,"event_name":"Upgrade Shrine","player_choice":"Upgraded","floor":4.0,"gold_loss":0.0,"damage_taken":0.0,"cards_upgraded":["Armaments"]},{"damage_healed":0.0,"max_hp_gain":0.0,"max_hp_loss":0.0,"gold_gain":0.0,"event_name":"Dead Adventurer","player_choice":"Searched \u00271\u0027 times","floor":12.0,"gold_loss":0.0,"damage_taken":0.0},{"damage_healed":0.0,"max_hp_gain":0.0,"max_hp_loss":0.0,"gold_gain":0.0,"event_name":"Wheel of Change","player_choice":"Relic","floor":13.0,"gold_loss":0.0,"damage_taken":0.0},{"cards_removed":["Thunderclap"],"damage_healed":0.0,"max_hp_gain":0.0,"max_hp_loss":0.0,"gold_gain":0.0,"event_name":"WeMeetAgain","player_choice":"Gave Card","floor":20.0,"gold_loss":0.0,"damage_taken":0.0,"relics_obtained":["Blue Candle"]},{"damage_healed":0.0,"max_hp_gain":5.0,"max_hp_loss":0.0,"gold_gain":0.0,"event_name":"Forgotten Altar","player_choice":"Shed Blood","floor":23.0,"gold_loss":0.0,"damage_taken":24.0},{"damage_healed":0.0,"max_hp_gain":0.0,"max_hp_loss":0.0,"gold_gain":0.0,"event_name":"Addict","player_choice":"Stole Relic","floor":25.0,"gold_loss":0.0,"damage_taken":0.0,"relics_obtained":["Smiling Mask"],"cards_obtained":["Shame"]},{"damage_healed":0.0,"max_hp_gain":0.0,"max_hp_loss":0.0,"gold_gain":0.0,"event_name":"Drug Dealer","player_choice":"Inject Mutagens","floor":27.0,"gold_loss":0.0,"damage_taken":0.0,"relics_obtained":["MutagenicStrength"]},{"damage_healed":0.0,"max_hp_gain":0.0,"max_hp_loss":0.0,"gold_gain":0.0,"event_name":"Mysterious Sphere","player_choice":"Fight","floor":36.0,"gold_loss":0.0,"damage_taken":0.0},{"damage_healed":0.0,"max_hp_gain":0.0,"max_hp_loss":0.0,"gold_gain":0.0,"event_name":"Tomb of Lord Red Mask","player_choice":"Ignored","floor":37.0,"gold_loss":0.0,"damage_taken":0.0},{"damage_healed":0.0,"max_hp_gain":0.0,"max_hp_loss":0.0,"gold_gain":0.0,"event_name":"Winding Halls","player_choice":"Embrace Madness","floor":39.0,"gold_loss":0.0,"damage_taken":13.0,"cards_obtained":["Madness","Madness"]},{"damage_healed":0.0,"max_hp_gain":0.0,"max_hp_loss":0.0,"gold_gain":0.0,"event_name":"Accursed Blacksmith","player_choice":"Rummage","floor":46.0,"gold_loss":0.0,"damage_taken":0.0,"relics_obtained":["WarpedTongs"],"cards_obtained":["Pain"]}],"is_beta":false,"boss_relics":[{"not_picked":["Sozu","Runic Dome"],"picked":"Mark of Pain"},{"not_picked":["Fusion Hammer","Runic Pyramid"],"picked":"Black Star"}],"items_purged_floors":[],"is_endless":false,"potions_floor_spawned":[3,6,10,11,14,16,18,19,29,36,44,48],"ascension_level":8}