{"gold_per_floor":[119,18,18,18,193,193,193,13,39,39,39,67,67,80,80,180,180,191,131,6,16,16],"floor_reached":22,"playtime":924,"items_purged":["Body Slam","Doubt","Inflame+1"],"score":178,"play_id":"355aff1e-ac8f-4542-b8a9-818ac34ac46c","local_time":"20190526125909","daily_mods":["SealedDeck","Flight","Elite Swarm"],"is_ascension_mode":false,"campfire_choices":[{"data":"Armaments","floor":6,"key":"SMITH"},{"data":"True Grit","floor":7,"key":"SMITH"},{"data":"Inflame","floor":10,"key":"SMITH"},{"data":"Barricade","floor":13,"key":"SMITH"},{"data":"Power Through","floor":15,"key":"SMITH"}],"neow_cost":"","seed_source_timestamp":0,"circlet_count":0,"master_deck":["Pommel Strike+1","Evolve","True Grit+1","Armaments+1","Spot Weakness+1","Ghostly Armor","Sword Boomerang+1","Barricade+1","Power Through+1","Limit Break","Sword Boomerang","Heavy Blade+1"],"relics":["Burning Blood","Pen Nib","Incense Burner","Empty Cage"],"potions_floor_usage":[22,22],"damage_taken":[{"damage":2,"enemies":"Small Slimes","floor":1,"turns":4},{"damage":15,"enemies":"Lagavulin","floor":12,"turns":8},{"damage":0,"enemies":"2 Louse","floor":14,"turns":5},{"damage":10,"enemies":"Slime Boss","floor":16,"turns":14},{"damage":5,"enemies":"Chosen","floor":18,"turns":7},{"damage":15,"enemies":"2 Thieves","floor":21,"turns":5},{"damage":14,"enemies":"Colosseum Slavers","floor":22,"turns":9},{"damage":73,"enemies":"Colosseum Nobs","floor":22,"turns":7}],"seed_played":"6058365287575063056","potions_obtained":[{"floor":12,"key":"SkillPotion"},{"floor":16,"key":"Weak Potion"}],"is_trial":true,"path_per_floor":["M","$","?","?","?","R","R","$","T","R","?","E","R","M","R","B",null,"M","?","$","M","?"],"character_chosen":"IRONCLAD","items_purchased":["Sword Boomerang","Inflame"],"campfire_rested":0,"item_purchase_floors":[2,8],"current_hp_per_floor":[80,80,73,57,57,57,57,57,57,57,57,48,48,54,54,50,80,80,80,80,71,0],"gold":16,"neow_bonus":"","is_prod":false,"is_daily":false,"chose_seed":false,"campfire_upgraded":5,"win_rate":0,"timestamp":1558889949,"path_taken":["M","$","?","?","?","R","R","$","T","R","?","E","R","?","R","BOSS","M","?","$","?","?"],"build_version":"2019-01-23","purchased_purges":3,"victory":false,"max_hp_per_floor":[80,80,80,80,80,80,80,80,80,80,80,80,80,80,80,80,80,80,80,80,80,80],"card_choices":[{"not_picked":["Iron Wave","Pummel"],"picked":"Ghostly Armor","floor":1},{"not_picked":["Double Tap","Dark Embrace"],"picked":"Barricade","floor":12},{"not_picked":["Ghostly Armor","Iron Wave"],"picked":"Power Through","floor":14},{"not_picked":["Double Tap","Bludgeon"],"picked":"Limit Break","floor":16},{"not_picked":["Flex","Shrug It Off"],"picked":"Sword Boomerang","floor":18},{"not_picked":["Flex","Rupture"],"picked":"Heavy Blade+1","floor":21}],"player_experience":309784,"relics_obtained":[{"floor":9,"key":"Pen Nib"},{"floor":12,"key":"Incense Burner"}],"event_choices":[{"cards_removed":["Body Slam"],"damage_healed":0,"gold_gain":0,"player_choice":"Card Removal","damage_taken":7,"max_hp_gain":0,"max_hp_loss":0,"event_name":"Golden Wing","floor":3,"gold_loss":0},{"damage_healed":0,"gold_gain":0,"player_choice":"Entered Light","damage_taken":16,"max_hp_gain":0,"max_hp_loss":0,"event_name":"Shining Light","floor":4,"gold_loss":0,"cards_upgraded":["Spot Weakness","Pommel Strike"]},{"damage_healed":0,"gold_gain":175,"player_choice":"AGREE","damage_taken":0,"max_hp_gain":0,"max_hp_loss":0,"event_name":"Liars Game","floor":5,"gold_loss":0,"cards_obtained":["Doubt"]},{"damage_healed":0,"gold_gain":0,"player_choice":"Grow","damage_taken":0,"max_hp_gain":0,"max_hp_loss":0,"event_name":"Living Wall","floor":11,"gold_loss":0,"cards_upgraded":["Sword Boomerang"]},{"cards_removed":["Wild Strike"],"damage_healed":0,"gold_gain":0,"player_choice":"Single Remove","damage_taken":0,"max_hp_gain":0,"max_hp_loss":0,"event_name":"Designer","floor":19,"gold_loss":60},{"damage_healed":0,"gold_gain":0,"player_choice":"Fight","damage_taken":0,"max_hp_gain":0,"max_hp_loss":0,"event_name":"Colosseum","floor":22,"gold_loss":0},{"damage_healed":0,"gold_gain":0,"player_choice":"Fought Nobs","damage_taken":0,"max_hp_gain":0,"max_hp_loss":0,"event_name":"Colosseum","floor":22,"gold_loss":0}],"is_beta":false,"boss_relics":[{"not_picked":["Orrery","Fusion Hammer"],"picked":"Empty Cage"}],"items_purged_floors":[2,8,20],"is_endless":true,"potions_floor_spawned":[12,16,22],"killed_by":"Colosseum Nobs","ascension_level":0}