{"gold_per_floor":[116,133,146,158,158,158,222,238,264,264,296,296,331,351,351,351],"floor_reached":16,"playtime":4849,"items_purged":[],"score":128,"play_id":"9e2300c4-d39e-41f6-a605-dabb44de18f6","local_time":"20190826010547","is_ascension_mode":true,"campfire_choices":[{"data":"Heel Hook","floor":6.0,"key":"SMITH"},{"floor":12.0,"key":"REST"},{"data":"Choke","floor":15,"key":"SMITH"}],"neow_cost":"NONE","seed_source_timestamp":0,"circlet_count":0,"master_deck":["Strike_G","Strike_G","Strike_G","Strike_G","Strike_G","Defend_G","Defend_G","Defend_G","Defend_G","Survivor","Neutralize","Heel Hook+1","Riddle With Holes","Choke+1","Glass Knife","Escape Plan","Calculated Gamble","Riddle With Holes","Acrobatics","Concentrate"],"special_seed":0,"relics":["Ring of the Snake","Tiny Chest","Snake Skull","Happy Flower","Vajra","Regal Pillow"],"potions_floor_usage":[14],"damage_taken":[{"damage":0.0,"enemies":"Small Slimes","floor":1.0,"turns":4.0},{"damage":1.0,"enemies":"Cultist","floor":2.0,"turns":3.0},{"damage":0.0,"enemies":"Jaw Worm","floor":3.0,"turns":5.0},{"damage":8.0,"enemies":"3 Louse","floor":4.0,"turns":3.0},{"damage":18.0,"enemies":"Gremlin Nob","floor":7.0,"turns":4.0},{"damage":3.0,"enemies":"Red Slaver","floor":8.0,"turns":3.0},{"damage":9.0,"enemies":"3 Sentries","floor":11.0,"turns":5.0},{"damage":10.0,"enemies":"Lagavulin","floor":13.0,"turns":5.0},{"damage":10,"enemies":"Exordium Thugs","floor":14,"turns":4},{"damage":45,"enemies":"The Guardian","floor":16,"turns":7}],"seed_played":"-1219402458640355212","potions_obtained":[{"floor":2.0,"key":"Ancient Potion"},{"floor":3.0,"key":"Strength Potion"},{"floor":8.0,"key":"GamblersBrew"},{"floor":11.0,"key":"Swift Potion"},{"floor":13,"key":"GamblersBrew"}],"is_trial":false,"path_per_floor":["M","M","M","M","?","R","E","M","T","T","E","R","E","M","R","B"],"character_chosen":"THE_SILENT","items_purchased":[],"campfire_rested":1,"item_purchase_floors":[],"current_hp_per_floor":[77,76,76,68,68,68,50,47,47,47,38,61,51,41,41,0],"gold":351,"neow_bonus":"TEN_PERCENT_HP_BONUS","is_prod":false,"is_daily":false,"chose_seed":false,"campfire_upgraded":2,"win_rate":0,"timestamp":1566799547,"path_taken":["M","M","M","M","?","R","E","?","T","?","E","R","E","M","R","BOSS"],"build_version":"2019-08-23","purchased_purges":0,"victory":false,"max_hp_per_floor":[77,77,77,77,77,77,77,77,77,77,77,77,77,77,77,77],"card_choices":[{"not_picked":["Prepared","Backflip"],"picked":"Heel Hook","floor":1.0},{"not_picked":["Underhanded Strike","Bouncing Flask"],"picked":"Riddle With Holes","floor":2.0},{"not_picked":["Outmaneuver","Flying Knee"],"picked":"Choke","floor":3.0},{"not_picked":["Backflip","Poisoned Stab"],"picked":"Glass Knife","floor":4.0},{"not_picked":["Deflect","Dash"],"picked":"Escape Plan","floor":7.0},{"not_picked":["PiercingWail","All Out Attack"],"picked":"Calculated Gamble","floor":8.0},{"not_picked":["Cloak And Dagger","Dodge and Roll"],"picked":"Riddle With Holes","floor":11.0},{"not_picked":["Flying Knee","Caltrops"],"picked":"Acrobatics","floor":13},{"not_picked":["Finisher","Setup"],"picked":"Concentrate","floor":14}],"player_experience":450417,"relics_obtained":[{"floor":7.0,"key":"Tiny Chest"},{"floor":9.0,"key":"Snake Skull"},{"floor":10.0,"key":"Happy Flower"},{"floor":11.0,"key":"Vajra"},{"floor":13,"key":"Regal Pillow"}],"event_choices":[{"cards_removed":["Defend_G"],"damage_healed":0.0,"max_hp_gain":0.0,"max_hp_loss":0.0,"gold_gain":0.0,"event_name":"Purifier","player_choice":"Purged","floor":5.0,"gold_loss":0.0,"damage_taken":0.0}],"is_beta":true,"boss_relics":[],"items_purged_floors":[],"is_endless":false,"potions_floor_spawned":[2,3,8,11,13],"killed_by":"The Guardian","ascension_level":1}