{"gold_per_floor":[119,137,151,170,193,193,193,193,193,193,203,203,230,155,155,259,259,276,287,187,13,13],"floor_reached":22,"playtime":1289,"items_purged":["Strike_R","Strike_R","Strike_R"],"score":202,"play_id":"fe7c75e2-25c5-4f13-befb-e092a16780e1","local_time":"20180927122346","is_ascension_mode":true,"campfire_choices":[{"data":"Body Slam","floor":6,"key":"SMITH"},{"data":"Shrug It Off","floor":8,"key":"SMITH"},{"data":"Cleave","floor":10,"key":"SMITH"},{"data":"Bash","floor":12,"key":"SMITH"},{"data":"Headbutt","floor":15,"key":"SMITH"}],"neow_cost":"CURSE","seed_source_timestamp":420930075322624,"circlet_count":0,"master_deck":["Defend_R","Defend_R","Defend_R","Defend_R","Bash+1","Headbutt+1","Cleave+1","Shrug It Off+1","Body Slam+1","Reaper","Entrench","True Grit+1"],"relics":["Burning Blood","Pocketwatch","Dream Catcher","Ornamental Fan","Potion Belt","Empty Cage"],"potions_floor_usage":[4],"damage_taken":[{"damage":13,"enemies":"Cultist","floor":1,"turns":4},{"damage":0,"enemies":"2 Louse","floor":2,"turns":2},{"damage":7,"enemies":"Jaw Worm","floor":3,"turns":3},{"damage":5,"enemies":"Red Slaver","floor":4,"turns":5},{"damage":0,"enemies":"Exordium Thugs","floor":11,"turns":4},{"damage":7,"enemies":"3 Sentries","floor":13,"turns":4},{"damage":57,"enemies":"Hexaghost","floor":16,"turns":10},{"damage":14,"enemies":"Spheric Guardian","floor":18,"turns":5},{"damage":51,"enemies":"2 Thieves","floor":19,"turns":5},{"damage":31,"enemies":"Sentry and Sphere","floor":22,"turns":9}],"seed_played":"-3415699793976761336","potions_obtained":[{"floor":1,"key":"FearPotion"},{"floor":3,"key":"AttackPotion"},{"floor":13,"key":"GamblersBrew"}],"is_trial":false,"path_per_floor":["M","M","M","M","T","R","?","R","T","R","M","R","E","$","R","B",null,"M","M","$","$"],"character_chosen":"IRONCLAD","items_purchased":["Dexterity Potion"],"campfire_rested":0,"item_purchase_floors":[21],"current_hp_per_floor":[73,79,78,79,79,79,79,79,79,79,80,80,79,79,79,28,80,72,35,35,35,8],"gold":13,"neow_bonus":"ONE_RARE_RELIC","is_prod":false,"is_daily":false,"chose_seed":false,"campfire_upgraded":5,"win_rate":0,"timestamp":1538065426,"path_taken":["M","?","?","M","?","R","?","R","T","R","M","R","E","$","R","BOSS","M","M","?","$","M"],"build_version":"2018-09-20","purchased_purges":3,"victory":false,"max_hp_per_floor":[80,80,80,80,80,80,80,80,80,80,80,80,80,80,80,80,80,80,80,80,80,80],"card_choices":[{"not_picked":["Anger","Blood for Blood"],"picked":"Headbutt","floor":1},{"not_picked":["Shockwave","Clothesline"],"picked":"Cleave","floor":2},{"not_picked":["Armaments","Anger"],"picked":"Shrug It Off","floor":3},{"not_picked":["Pommel Strike","Hemokinesis"],"picked":"Body Slam","floor":4},{"not_picked":["Clash","Juggernaut","Pommel Strike"],"picked":"SKIP","floor":11},{"not_picked":["Clothesline","Armaments","Anger"],"picked":"SKIP","floor":13},{"not_picked":["Juggernaut","Feed"],"picked":"Reaper","floor":16},{"not_picked":["Heavy Blade+1","Wild Strike"],"picked":"Entrench","floor":18},{"not_picked":["Pommel Strike+1","Perfected Strike"],"picked":"True Grit+1","floor":19}],"player_experience":198166,"relics_obtained":[{"floor":5,"key":"Dream Catcher"},{"floor":9,"key":"Ornamental Fan"},{"floor":13,"key":"Potion Belt"}],"event_choices":[{"event_name":"Living Wall","player_choice":"Forget","floor":7,"damage_taken":0}],"is_beta":false,"boss_relics":[{"not_picked":["Orrery","Tiny House"],"picked":"Empty Cage"}],"items_purged_floors":[14,20,21],"is_endless":false,"potions_floor_spawned":[1,3,13],"killed_by":"Sentry and Sphere","ascension_level":2}