{"gold_per_floor":[112,130,142,159,173,173,203,203,284,294,294,312,312,52,52,151,151,168,168,180,180],"floor_reached":21,"playtime":2910,"items_purged":[],"score":208,"play_id":"53dbdbda-19ff-426f-8b08-991140321473","local_time":"20190809005142","is_ascension_mode":false,"campfire_choices":[{"data":"Bash","floor":6,"key":"SMITH"},{"floor":8,"key":"REST"},{"floor":13,"key":"REST"},{"data":"Combust","floor":15,"key":"SMITH"}],"neow_cost":"PERCENT_DAMAGE","seed_source_timestamp":11028943060900,"circlet_count":0,"master_deck":["Strike_R","Strike_R","Strike_R","Strike_R","Strike_R","Defend_R+1","Defend_R","Defend_R+1","Defend_R","Bash+1","Heavy Blade","Twin Strike","Headbutt","Dropkick","Offering","Clothesline","Warcry","Magnetism","Combust+1","Immolate","Intimidate"],"relics":["Burning Blood","War Paint","Pantograph","Black Star"],"potions_floor_usage":[7,7,11,16,21],"damage_taken":[{"damage":11,"enemies":"Jaw Worm","floor":1,"turns":4},{"damage":1,"enemies":"2 Louse","floor":2,"turns":2},{"damage":0,"enemies":"Small Slimes","floor":3,"turns":2},{"damage":12,"enemies":"3 Louse","floor":4,"turns":3},{"damage":20,"enemies":"Looter","floor":5,"turns":3},{"damage":44,"enemies":"3 Sentries","floor":7,"turns":8},{"damage":10,"enemies":"Blue Slaver","floor":10,"turns":2},{"damage":28,"enemies":"3 Sentries","floor":11,"turns":5},{"damage":7,"enemies":"2 Fungi Beasts","floor":12,"turns":4},{"damage":19,"enemies":"Slime Boss","floor":16,"turns":8},{"damage":36,"enemies":"2 Thieves","floor":18,"turns":3},{"damage":37,"enemies":"Spheric Guardian","floor":20,"turns":5},{"damage":56,"enemies":"Snake Plant","floor":21,"turns":5}],"seed_played":"377325120474779671","potions_obtained":[{"floor":2,"key":"SteroidPotion"},{"floor":4,"key":"SkillPotion"},{"floor":5,"key":"SmokeBomb"},{"floor":12,"key":"SkillPotion"},{"floor":20,"key":"Regen Potion"}],"is_trial":false,"path_per_floor":["M","M","M","M","M","R","E","R","T","M","?","M","R","$","R","B",null,"M","$","M","M"],"character_chosen":"IRONCLAD","items_purchased":["Magnetism","Combust"],"campfire_rested":2,"item_purchase_floors":[14,14],"current_hp_per_floor":[67,72,78,72,58,58,20,48,48,44,22,21,49,49,49,61,96,66,66,35,0],"gold":180,"neow_bonus":"TWENTY_PERCENT_HP_BONUS","is_prod":false,"is_daily":false,"chose_seed":false,"campfire_upgraded":2,"win_rate":0,"timestamp":1565329902,"path_taken":["M","M","M","M","M","R","E","R","T","M","?","M","R","$","R","BOSS","M","$","M","M"],"build_version":"2019-07-05","purchased_purges":0,"victory":false,"max_hp_per_floor":[96,96,96,96,96,96,96,96,96,96,96,96,96,96,96,96,96,96,96,96,96],"card_choices":[{"not_picked":["Ghostly Armor","Sentinel"],"picked":"Heavy Blade","floor":1},{"not_picked":["Disarm","True Grit"],"picked":"Twin Strike","floor":2},{"not_picked":["Heavy Blade","Inflame"],"picked":"Headbutt","floor":3},{"not_picked":["Power Through","Metallicize"],"picked":"Dropkick","floor":4},{"not_picked":["Warcry","Disarm","Sentinel"],"picked":"SKIP","floor":5},{"not_picked":["Body Slam","Wild Strike"],"picked":"Offering","floor":7},{"not_picked":["Flex","Second Wind"],"picked":"Clothesline","floor":10},{"not_picked":["Pummel","Seeing Red"],"picked":"Warcry","floor":12},{"not_picked":["Bludgeon","Offering"],"picked":"Immolate","floor":16},{"not_picked":["Inflame","Anger","Heavy Blade"],"picked":"SKIP","floor":18},{"not_picked":["Rampage","Iron Wave"],"picked":"Intimidate","floor":20}],"player_experience":210689,"relics_obtained":[{"floor":7,"key":"War Paint"},{"floor":9,"key":"Pantograph"}],"event_choices":[{"damage_healed":0,"gold_gain":0,"player_choice":"Searched \u00271\u0027 times","damage_taken":0,"max_hp_gain":0,"max_hp_loss":0,"event_name":"Dead Adventurer","floor":11,"gold_loss":0}],"is_beta":false,"boss_relics":[{"not_picked":["Coffee Dripper","Snecko Eye"],"picked":"Black Star"}],"items_purged_floors":[],"is_endless":false,"potions_floor_spawned":[2,4,5,12,20],"killed_by":"Snake Plant","ascension_level":0}