{"gold_per_floor":[119,133,208,221,241,271,271,23,50,50,61,61,61,75,75,179,179,193,68,88,101,51,51,63,63,87,87,115,115,146,160,160,257,257,271,324,342,564,587,587,614,628,628,136,148,148,164,41,41,41],"floor_reached":50,"playtime":2617,"items_purged":["Coolheaded","Warcry","Lockon","Dropkick"],"score":642,"play_id":"308aec54-9e3f-4cc7-9ae3-573fe80d6ae8","local_time":"20190530180712","daily_mods":["Insanity","Blue Cards","Terminal"],"is_ascension_mode":false,"campfire_choices":[{"data":"Spot Weakness","floor":7.0,"key":"SMITH"},{"data":"Genetic Algorithm","floor":12.0,"key":"SMITH"},{"data":"Armaments","floor":15.0,"key":"SMITH"},{"data":"All For One","floor":23,"key":"SMITH"},{"data":"Inflame","floor":29,"key":"SMITH"},{"data":"Havoc","floor":32,"key":"SMITH"},{"data":"Demon Form","floor":40,"key":"SMITH"},{"floor":49,"key":"DIG"}],"neow_cost":"","seed_source_timestamp":0,"circlet_count":0,"master_deck":["Iron Wave","True Grit+1","Sever Soul","Ball Lightning","Redo","Sunder","Hologram","Wild Strike","Steam","Armaments+1","Havoc","Anger","Reprogram","Cleave","Compile Driver","Darkness","Genetic Algorithm+1","Spot Weakness+1","Twin Strike","Headbutt","Inflame+1","Leap","Ball Lightning","Clash","Combust","Anger","Steam","True Grit+1","Sword Boomerang","Redo+1","Coolheaded","Headbutt","Cold Snap","Fire Breathing","Feel No Pain","Coolheaded","Dropkick","Metallicize","Thunderclap","Twin Strike","Flame Barrier","Aggregate","Bloodletting","Stack","Compile Driver+1","Havoc+1","Steam","True Grit","Gash","Steam","Anger","All For One+1","Sword Boomerang+1","Shrug It Off","Sword Boomerang+1","Shrug It Off","Demon Form+1","True Grit+1","Sword Boomerang+1","Parasite"],"special_seed":0,"relics":["Burning Blood","Smiling Mask","MealTicket","Juzu Bracelet","Eternal Feather","MutagenicStrength","War Paint","Gremlin Horn","Red Mask","Mark of Pain","Nunchaku","Happy Flower","Shovel","Darkstone Periapt","Molten Egg 2","TheAbacus","Tiny Chest","Bronze Scales"],"potions_floor_usage":[28,33,33,36,42],"damage_taken":[{"damage":0.0,"enemies":"Jaw Worm","floor":1.0,"turns":2.0},{"damage":0.0,"enemies":"Cultist","floor":2.0,"turns":3.0},{"damage":0.0,"enemies":"Small Slimes","floor":4.0,"turns":2.0},{"damage":7.0,"enemies":"Blue Slaver","floor":5.0,"turns":2.0},{"damage":33.0,"enemies":"Lagavulin","floor":6.0,"turns":9.0},{"damage":5.0,"enemies":"Exordium Thugs","floor":11.0,"turns":4.0},{"damage":0.0,"enemies":"2 Fungi Beasts","floor":14.0,"turns":3.0},{"damage":15.0,"enemies":"Hexaghost","floor":16.0,"turns":12.0},{"damage":5,"enemies":"Chosen","floor":18,"turns":6},{"damage":13,"enemies":"3 Byrds","floor":20,"turns":6},{"damage":21,"enemies":"Sentry and Sphere","floor":21,"turns":5},{"damage":5,"enemies":"Cultist and Chosen","floor":24,"turns":5},{"damage":26,"enemies":"Gremlin Leader","floor":28,"turns":8},{"damage":2,"enemies":"Masked Bandits","floor":30,"turns":3},{"damage":10,"enemies":"Snake Plant","floor":31,"turns":4},{"damage":34,"enemies":"Collector","floor":33,"turns":8},{"damage":29,"enemies":"3 Darklings","floor":35,"turns":6},{"damage":0,"enemies":"2 Orb Walkers","floor":36,"turns":3},{"damage":10,"enemies":"3 Shapes","floor":37,"turns":6},{"damage":6,"enemies":"Reptomancer","floor":41,"turns":5},{"damage":25,"enemies":"Writhing Mass","floor":42,"turns":8},{"damage":0,"enemies":"Jaw Worm Horde","floor":45,"turns":2},{"damage":15,"enemies":"4 Shapes","floor":47,"turns":3},{"damage":32,"enemies":"Donu and Deca","floor":50,"turns":5}],"seed_played":"1815548678775124980","potions_obtained":[{"floor":4.0,"key":"LiquidBronze"},{"floor":5.0,"key":"SteroidPotion"},{"floor":16.0,"key":"Strength Potion"},{"floor":18,"key":"Fire Potion"},{"floor":31,"key":"Strength Potion"},{"floor":33,"key":"EssenceOfSteel"},{"floor":41,"key":"SkillPotion"},{"floor":45,"key":"Explosive Potion"}],"is_trial":true,"path_per_floor":["M","M","?","M","M","E","R","$","T","?","M","R","?","M","R","B",null,"M","$","M","M","$","R","M","?","T","?","E","R","?","M","R","B",null,"M","?","M","?","T","R","E","M","T","$","M","?","M","$","R","B"],"character_chosen":"IRONCLAD","items_purchased":["MealTicket","Capacitor","Molten Egg 2","TheAbacus","Tiny Chest"],"campfire_rested":0,"item_purchase_floors":[8,19,44,44,48],"current_hp_per_floor":[78,77,66,72,71,44,44,44,44,30,31,31,31,37,37,28,62,61,60,53,38,53,56,55,54,53,52,32,50,49,45,47,19,45,22,28,24,24,24,39,38,19,19,19,25,25,16,31,30,0],"gold":41,"neow_bonus":"","is_prod":false,"is_daily":false,"chose_seed":false,"campfire_upgraded":7,"win_rate":0,"timestamp":1559254032,"path_taken":["M","M","?","M","M","E","R","$","T","?","M","R","?","M","R","BOSS","M","$","M","M","$","R","M","?","T","?","E","R","?","M","R","BOSS","M","?","M","?","?","R","E","M","T","?","M","?","M","$","R","BOSS"],"build_version":"2019-01-23","purchased_purges":4,"victory":false,"max_hp_per_floor":[78,77,76,75,74,73,72,71,70,69,68,67,66,65,64,63,62,61,60,59,58,57,56,55,54,53,52,51,50,49,48,47,46,45,44,43,42,41,40,39,38,37,36,35,34,33,32,31,30,30],"card_choices":[{"not_picked":["Havoc","Redo"],"picked":"Steam","floor":1.0},{"not_picked":["Rebound","Entrench"],"picked":"True Grit","floor":2.0},{"not_picked":["Thunderclap","Twin Strike"],"picked":"Biased Cognition","floor":4.0},{"not_picked":["Havoc","Warcry"],"picked":"Gash","floor":5.0},{"not_picked":["Hemokinesis","Thunderclap","Chaos"],"picked":"SKIP","floor":6.0},{"not_picked":["Undo","Compile Driver"],"picked":"Steam","floor":11.0},{"not_picked":["Go for the Eyes","Feel No Pain"],"picked":"Anger","floor":14.0},{"not_picked":["Juggernaut","Exhume"],"picked":"All For One","floor":16.0},{"not_picked":["True Grit","Cold Snap"],"picked":"Sword Boomerang+1","floor":18},{"not_picked":["Heatsinks","Heavy Blade+1","Cold Snap+1"],"picked":"SKIP","floor":20},{"not_picked":["Burning Pact","Redo","Ball Lightning"],"picked":"SKIP","floor":21},{"not_picked":["Hello World","Combust+1","Iron Wave"],"picked":"SKIP","floor":24},{"not_picked":["Second Wind","Burning Pact"],"picked":"Shrug It Off","floor":28},{"not_picked":["Glacier","Bludgeon"],"picked":"Sword Boomerang+1","floor":30},{"not_picked":["Wild Strike","Leap"],"picked":"Shrug It Off","floor":31},{"not_picked":["Reaper","Meteor Strike"],"picked":"Demon Form","floor":33},{"not_picked":["Clothesline","Turbo+1"],"picked":"True Grit+1","floor":35},{"not_picked":["Armaments","Carnage"],"picked":"Sword Boomerang+1","floor":36},{"not_picked":["Turbo","True Grit+1","BootSequence"],"picked":"SKIP","floor":37},{"not_picked":["Flex+1","Shrug It Off+1","Wild Strike"],"picked":"SKIP","floor":41},{"not_picked":["Reprogram+1","Clothesline+1","Leap"],"picked":"SKIP","floor":42},{"not_picked":["Inflame","Heatsinks+1","Shockwave"],"picked":"SKIP","floor":45},{"not_picked":["Ball Lightning+1","Coolheaded","Hemokinesis+1"],"picked":"SKIP","floor":47}],"player_experience":310708,"relics_obtained":[{"floor":6.0,"key":"Smiling Mask"},{"floor":9.0,"key":"Juzu Bracelet"},{"floor":26,"key":"War Paint"},{"floor":28,"key":"Gremlin Horn"},{"floor":30,"key":"Red Mask"},{"floor":36,"key":"Nunchaku"},{"floor":39,"key":"Happy Flower"},{"floor":41,"key":"Shovel"},{"floor":43,"key":"Darkstone Periapt"},{"floor":49,"key":"Bronze Scales"}],"event_choices":[{"damage_healed":0.0,"max_hp_gain":0.0,"max_hp_loss":0.0,"gold_gain":75.0,"event_name":"World of Goop","player_choice":"Gather Gold","floor":3.0,"gold_loss":0.0,"damage_taken":11.0},{"damage_healed":0.0,"max_hp_gain":0.0,"max_hp_loss":0.0,"gold_gain":0.0,"event_name":"Shining Light","player_choice":"Entered Light","floor":10.0,"gold_loss":0.0,"damage_taken":14.0,"cards_upgraded":["Redo","Compile Driver"]},{"cards_removed":["Biased Cognition"],"damage_healed":0.0,"max_hp_gain":0.0,"max_hp_loss":0.0,"gold_gain":0.0,"event_name":"Living Wall","player_choice":"Forget","floor":13.0,"gold_loss":0.0,"damage_taken":0.0},{"damage_healed":0,"gold_gain":0,"player_choice":"Inject Mutagens","damage_taken":0,"relics_obtained":["MutagenicStrength"],"max_hp_gain":0,"max_hp_loss":0,"event_name":"Drug Dealer","floor":25,"gold_loss":0},{"damage_healed":0,"gold_gain":0,"player_choice":"Ignored","damage_taken":0,"max_hp_gain":0,"max_hp_loss":0,"event_name":"Vampires","floor":27,"gold_loss":0},{"damage_healed":0,"gold_gain":0,"player_choice":"Fought Bandits","damage_taken":0,"max_hp_gain":0,"max_hp_loss":0,"event_name":"Masked Bandits","floor":30,"gold_loss":0},{"damage_healed":0,"gold_gain":0,"player_choice":"Fight","damage_taken":0,"max_hp_gain":0,"max_hp_loss":0,"event_name":"Mysterious Sphere","floor":36,"gold_loss":0},{"damage_healed":0,"gold_gain":222,"player_choice":"Wore Mask","damage_taken":0,"max_hp_gain":0,"max_hp_loss":0,"event_name":"Tomb of Lord Red Mask","floor":38,"gold_loss":0},{"cards_removed":["Capacitor"],"damage_healed":0,"gold_gain":0,"player_choice":"Removed Power","damage_taken":0,"max_hp_gain":0,"max_hp_loss":0,"event_name":"Falling","floor":46,"gold_loss":0}],"is_beta":false,"boss_relics":[{"not_picked":["Tiny House","Coffee Dripper"],"picked":"Eternal Feather"},{"not_picked":["Runic Cube","Black Blood"],"picked":"Mark of Pain"}],"items_purged_floors":[8,19,22,44],"is_endless":true,"potions_floor_spawned":[4,5,16,18,24,31,33,41,45],"killed_by":"Donu and Deca","ascension_level":0}