{"gold_per_floor":[118,118,25,41,60,90,50,83,83,142,155,155],"floor_reached":12,"playtime":1317,"items_purged":[],"score":95,"play_id":"ed8d72c7-16a2-46d6-a187-b4f4211cb1dd","local_time":"20190818175154","is_ascension_mode":true,"campfire_choices":[],"neow_cost":"PERCENT_DAMAGE","seed_source_timestamp":354118912305100,"circlet_count":0,"master_deck":["Strike_G","Strike_G","Strike_G","Strike_G","Strike_G","Defend_G","Defend_G","Defend_G","Defend_G","Survivor","Neutralize","Jack Of All Trades","Blind","Dagger Throw","Bandage Up","Terror","Poisoned Stab","Crippling Poison","Malaise","Footwork","Quick Slash","Predator","Concentrate"],"relics":["Ring of the Snake","Prayer Wheel","Bottled Lightning","Sundial"],"potions_floor_usage":[8,8,12,12],"damage_taken":[{"damage":2,"enemies":"Jaw Worm","floor":1,"turns":5},{"damage":0,"enemies":"Cultist","floor":4,"turns":4},{"damage":5,"enemies":"2 Louse","floor":5,"turns":3},{"damage":21,"enemies":"Gremlin Nob","floor":6,"turns":4},{"damage":15,"enemies":"3 Sentries","floor":8,"turns":6},{"damage":15,"enemies":"Gremlin Gang","floor":10,"turns":5},{"damage":9,"enemies":"Large Slime","floor":11,"turns":7},{"damage":10,"enemies":"Red Slaver","floor":12,"turns":4}],"seed_played":"-9118475293618950451","potions_obtained":[{"floor":7,"key":"Weak Potion"},{"floor":7,"key":"LiquidBronze"},{"floor":7,"key":"Energy Potion"},{"floor":8,"key":"Poison Potion"},{"floor":10,"key":"Poison Potion"}],"is_trial":false,"path_per_floor":["M","?","$","M","M","E","?","E","T","M","M","M"],"character_chosen":"THE_SILENT","items_purchased":["Bandage Up"],"campfire_rested":0,"item_purchase_floors":[3],"current_hp_per_floor":[47,47,47,51,50,33,33,22,22,11,6,0],"gold":155,"neow_bonus":"RANDOM_COLORLESS_2","is_prod":false,"is_daily":false,"chose_seed":false,"campfire_upgraded":0,"win_rate":0,"timestamp":1566168714,"path_taken":["M","?","?","M","?","E","?","E","T","?","M","M"],"build_version":"2019-07-17","purchased_purges":0,"victory":false,"max_hp_per_floor":[70,70,70,70,70,70,70,70,70,70,70,70],"card_choices":[{"not_picked":["Prepared","Blade Dance"],"picked":"Dagger Throw","floor":1},{"not_picked":["Crippling Poison","Acrobatics"],"picked":"Terror","floor":4},{"not_picked":["Dodge and Roll","Deadly Poison"],"picked":"Poisoned Stab","floor":5},{"not_picked":["Acrobatics","Riddle With Holes"],"picked":"Crippling Poison","floor":6},{"not_picked":["Eviscerate","Flechettes"],"picked":"Malaise","floor":8},{"not_picked":["Outmaneuver","Flying Knee"],"picked":"Footwork","floor":10},{"not_picked":["Sucker Punch","Poisoned Stab"],"picked":"Quick Slash","floor":10},{"not_picked":["Outmaneuver","All Out Attack"],"picked":"Predator","floor":11},{"not_picked":["Deadly Poison","PiercingWail"],"picked":"Concentrate","floor":11}],"player_experience":428238,"relics_obtained":[{"floor":6,"key":"Prayer Wheel"},{"floor":8,"key":"Bottled Lightning"},{"floor":9,"key":"Sundial"}],"event_choices":[{"cards_removed":["Defend_G"],"damage_healed":0,"gold_gain":0,"player_choice":"Offered Basic","damage_taken":0,"max_hp_gain":0,"max_hp_loss":0,"event_name":"Bonfire Elementals","floor":2,"gold_loss":0},{"damage_healed":0,"gold_gain":0,"player_choice":"Bought 3 Potions","damage_taken":0,"max_hp_gain":0,"max_hp_loss":0,"event_name":"The Woman in Blue","floor":7,"gold_loss":0}],"is_beta":false,"boss_relics":[],"items_purged_floors":[],"is_endless":false,"potions_floor_spawned":[8,10],"killed_by":"Red Slaver","ascension_level":1}