{"gold_per_floor":[114,114,289,21,21,354,354,398,428,449,490,490,490,513,513,513],"floor_reached":16,"playtime":517,"items_purged":["Doubt"],"score":141,"play_id":"17065672-c9f4-445f-ad0b-63e86eab4862","local_time":"20181020180231","daily_mods":["Specialized","Diverse","Night Terrors"],"is_ascension_mode":false,"campfire_choices":[{"floor":7,"key":"REST"},{"data":"Bullet Time","floor":12,"key":"SMITH"},{"data":"Leap","floor":15,"key":"SMITH"}],"neow_cost":"","seed_source_timestamp":862524552024041,"circlet_count":0,"master_deck":["Defend_G","Defend_G","Defend_G","Defend_G","Defend_G","Strike_G+1","Strike_G","Strike_G","Strike_G","Survivor","Neutralize","Flechettes","Flechettes","Flechettes","Flechettes+1","Flechettes","PiercingWail","Bullet Time+1","Leap+1","Writhe","Neutralize","Dash"],"relics":["Ring of the Snake","Sling","Golden Idol","Old Coin","Whetstone","Tiny Chest","Ninja Scroll"],"potions_floor_usage":[6],"damage_taken":[{"damage":1,"enemies":"Jaw Worm","floor":1,"turns":6},{"damage":30,"enemies":"3 Sentries","floor":6,"turns":11},{"damage":13,"enemies":"Lagavulin","floor":8,"turns":5},{"damage":0,"enemies":"Cultist","floor":10,"turns":4},{"damage":14,"enemies":"Gremlin Nob","floor":11,"turns":3},{"damage":0,"enemies":"2 Louse","floor":14,"turns":2},{"damage":40,"enemies":"Hexaghost","floor":16,"turns":11}],"seed_played":"3791153328224111882","potions_obtained":[{"floor":1,"key":"Regen Potion"},{"floor":6,"key":"Swift Potion"},{"floor":14,"key":"EssenceOfSteel"}],"is_trial":true,"path_per_floor":["M","?","?","$","?","E","R","E","T","M","E","R","?","M","R"],"character_chosen":"THE_SILENT","items_purchased":["Sling"],"campfire_rested":1,"item_purchase_floors":[4],"current_hp_per_floor":[69,62,62,62,45,24,65,52,52,52,38,38,38,38,38,0],"gold":513,"neow_bonus":"","is_prod":false,"is_daily":false,"chose_seed":false,"campfire_upgraded":2,"win_rate":0,"timestamp":1540072951,"path_taken":["M","?","?","$","?","E","R","E","T","?","E","R","?","M","R","BOSS"],"build_version":"2018-10-18","purchased_purges":1,"victory":false,"max_hp_per_floor":[70,70,70,70,70,70,65,65,65,65,65,65,65,65,65,65],"card_choices":[{"not_picked":["Whirlwind","Anger"],"picked":"PiercingWail","floor":1},{"not_picked":["Warcry","Perfected Strike"],"picked":"Bullet Time","floor":6},{"not_picked":["Biased Cognition","Poisoned Stab"],"picked":"Leap","floor":8},{"not_picked":["Streamline","Chill","Headbutt"],"picked":"SKIP","floor":10},{"not_picked":["Underhanded Strike","Body Slam","Pummel"],"picked":"SKIP","floor":11},{"not_picked":["Hemokinesis","Coolheaded"],"picked":"Dash","floor":14}],"player_experience":247167,"relics_obtained":[{"floor":6,"key":"Old Coin"},{"floor":8,"key":"Whetstone"},{"floor":9,"key":"Tiny Chest"},{"floor":11,"key":"Ninja Scroll"}],"event_choices":[{"cards_removed":["Strike_G"],"damage_healed":0,"gold_gain":0,"player_choice":"Card Removal","damage_taken":7,"max_hp_gain":0,"max_hp_loss":0,"event_name":"Golden Wing","floor":2,"gold_loss":0},{"damage_healed":0,"gold_gain":175,"player_choice":"AGREE","damage_taken":0,"max_hp_gain":0,"max_hp_loss":0,"event_name":"Liars Game","floor":3,"gold_loss":0,"cards_obtained":["Doubt"]},{"damage_healed":0,"gold_gain":0,"player_choice":"Take Damage","damage_taken":17,"relics_obtained":["Golden Idol"],"max_hp_gain":0,"max_hp_loss":0,"event_name":"Golden Idol","floor":5,"gold_loss":0},{"damage_healed":0,"gold_gain":0,"player_choice":"2 cards matched","damage_taken":0,"max_hp_gain":0,"max_hp_loss":0,"event_name":"Match and Keep!","floor":13,"gold_loss":0,"cards_obtained":["Writhe","Neutralize"]}],"is_beta":false,"boss_relics":[],"items_purged_floors":[4],"is_endless":false,"potions_floor_spawned":[1,6,14],"killed_by":"Hexaghost","ascension_level":0}