{"gold_per_floor":[112,126,27,42,54,54,83,83,83,83,100,100,110,145,145,145],"floor_reached":16,"playtime":493,"items_purged":[],"score":129,"play_id":"cd83ab9d-38f9-4bac-94cf-aa88b119f407","local_time":"20181011192338","is_ascension_mode":true,"campfire_choices":[{"data":"Disarm","floor":6,"key":"SMITH"},{"data":"Spot Weakness","floor":8,"key":"SMITH"},{"floor":15,"key":"REST"}],"neow_cost":"NONE","seed_source_timestamp":98049477311352,"circlet_count":0,"master_deck":["Strike_R","Strike_R","Strike_R","Defend_R","Defend_R","Defend_R","Defend_R","Bash+1","Cleave+1","Spot Weakness+1","Disarm+1","Shrug It Off","Shrug It Off"],"relics":["Burning Blood","Self Forming Clay","Mercury Hourglass","Gremlin Horn"],"potions_floor_usage":[],"damage_taken":[{"damage":8,"enemies":"2 Louse","floor":1,"turns":3},{"damage":10,"enemies":"Cultist","floor":2,"turns":5},{"damage":2,"enemies":"Jaw Worm","floor":4,"turns":3},{"damage":2,"enemies":"Looter","floor":5,"turns":5},{"damage":37,"enemies":"Gremlin Nob","floor":7,"turns":5},{"damage":0,"enemies":"3 Louse","floor":11,"turns":1},{"damage":0,"enemies":"Exordium Wildlife","floor":13,"turns":2},{"damage":20,"enemies":"Lagavulin","floor":14,"turns":8},{"damage":62,"enemies":"Slime Boss","floor":16,"turns":9}],"seed_played":"-2351000010196765802","potions_obtained":[{"floor":7,"key":"AttackPotion"},{"floor":11,"key":"Dexterity Potion"}],"is_trial":false,"path_per_floor":["M","M","$","M","M","R","E","R","T","?","M","?","M","E","R"],"character_chosen":"IRONCLAD","items_purchased":["Dexterity Potion","Dexterity Potion"],"campfire_rested":1,"item_purchase_floors":[3,3],"current_hp_per_floor":[78,74,74,78,80,80,49,49,49,49,55,39,45,31,55,0],"gold":145,"neow_bonus":"REMOVE_CARD","is_prod":false,"is_daily":false,"chose_seed":false,"campfire_upgraded":2,"win_rate":0,"timestamp":1539300218,"path_taken":["M","M","$","M","M","R","E","R","T","?","M","?","M","E","R","BOSS"],"build_version":"2018-10-04v2","purchased_purges":0,"victory":false,"max_hp_per_floor":[80,80,80,80,80,80,80,80,80,80,80,80,80,80,80,80],"card_choices":[{"not_picked":["Clothesline","Wild Strike"],"picked":"Cleave","floor":1},{"not_picked":["Wild Strike","Armaments"],"picked":"Spot Weakness","floor":2},{"not_picked":["Cleave","Perfected Strike","Rupture"],"picked":"SKIP","floor":4},{"not_picked":["Fire Breathing","Cleave"],"picked":"Disarm","floor":5},{"not_picked":["Reckless Charge","Headbutt","Armaments"],"picked":"SKIP","floor":7},{"not_picked":["True Grit","Flex"],"picked":"Shrug It Off","floor":11},{"not_picked":["Clash","Blood for Blood"],"picked":"Shrug It Off","floor":13},{"not_picked":["Clash","Headbutt","Carnage"],"picked":"SKIP","floor":14}],"player_experience":230865,"relics_obtained":[{"floor":7,"key":"Self Forming Clay"},{"floor":9,"key":"Mercury Hourglass"},{"floor":14,"key":"Gremlin Horn"}],"event_choices":[{"event_name":"Bonfire Elementals","player_choice":"BASIC","floor":10,"damage_taken":0},{"event_name":"Shining Light","player_choice":"Entered Light","floor":12,"damage_taken":0}],"is_beta":false,"boss_relics":[],"items_purged_floors":[],"is_endless":false,"potions_floor_spawned":[7,11,13],"killed_by":"Slime Boss","ascension_level":3}