{"gold_per_floor":[111,111,36,36,48,48,63,63,63,63,63,63,77,102,102,225,225,239,258,357,357,216,216],"floor_reached":23,"playtime":558,"items_purged":["Strike_B","Writhe"],"score":195,"play_id":"ee210c8e-4ead-4f13-a8dd-ce60123124e6","local_time":"20180911205123","is_ascension_mode":true,"campfire_choices":[{"data":"Static Discharge","floor":6,"key":"SMITH"},{"data":"Streamline","floor":10,"key":"SMITH"},{"floor":15,"key":"REST"}],"neow_cost":"NONE","seed_source_timestamp":2437870842129,"circlet_count":0,"master_deck":["Strike_B","Strike_B","Defend_B","Defend_B","Defend_B","Defend_B","Zap","Dualcast","Rebound","Static Discharge+1","Streamline+1","Leap","Machine Learning","Leap","Auto Shields"],"relics":["Cracked Core","Singing Bowl","Golden Idol","Art of War","Eternal Feather","Meat on the Bone"],"potions_floor_usage":[13,16,23],"damage_taken":[{"damage":8,"enemies":"Jaw Worm","floor":1,"turns":4},{"damage":1,"enemies":"Cultist","floor":5,"turns":3},{"damage":7,"enemies":"Small Slimes","floor":7,"turns":3},{"damage":6,"enemies":"2 Fungi Beasts","floor":13,"turns":3},{"damage":26,"enemies":"The Guardian","floor":16,"turns":10},{"damage":15,"enemies":"Shell Parasite","floor":18,"turns":7},{"damage":33,"enemies":"2 Thieves","floor":19,"turns":3},{"damage":30,"enemies":"Book of Stabbing","floor":23,"turns":6}],"seed_played":"4427435899854858765","potions_obtained":[{"floor":2,"key":"Weak Potion"},{"floor":2,"key":"SpeedPotion"},{"floor":2,"key":"Energy Potion"},{"floor":19,"key":"Strength Potion"}],"is_trial":false,"path_per_floor":["M","?","$","?","M","R","M","$","T","R","?","?","M","T","R","B",null,"M","M","?","?","$"],"character_chosen":"DEFECT","items_purchased":["Auto Shields"],"campfire_rested":1,"item_purchase_floors":[22],"current_hp_per_floor":[67,67,67,67,66,66,59,59,59,59,41,41,35,35,57,31,75,62,29,29,29,29,0],"gold":216,"neow_bonus":"REMOVE_CARD","is_prod":false,"is_daily":false,"chose_seed":false,"campfire_upgraded":2,"win_rate":0,"timestamp":1536713483,"path_taken":["M","?","$","?","M","R","?","?","T","R","?","?","M","?","R","BOSS","M","M","?","?","$","E"],"build_version":"2018-08-09","purchased_purges":2,"victory":false,"max_hp_per_floor":[75,75,75,75,75,75,75,75,75,75,75,75,75,75,75,75,75,77,77,77,77,77,77],"card_choices":[{"not_picked":["Redo","Turbo"],"picked":"Rebound","floor":1},{"not_picked":["Barrage","Coolheaded"],"picked":"Static Discharge","floor":5},{"not_picked":["Barrage","Beam Cell"],"picked":"Streamline","floor":7},{"not_picked":["Rip and Tear","Fusion"],"picked":"Leap","floor":13},{"not_picked":["Meteor Strike","Multi-Cast"],"picked":"Machine Learning","floor":16},{"not_picked":["Doom and Gloom+1","Beam Cell+1","Skim+1"],"picked":"Singing Bowl","floor":18},{"not_picked":["Storm","Coolheaded+1"],"picked":"Leap","floor":19}],"player_experience":191466,"relics_obtained":[{"floor":9,"key":"Singing Bowl"},{"floor":14,"key":"Art of War"}],"event_choices":[{"event_name":"The Lab","player_choice":"Got Potions","floor":2,"damage_taken":0},{"event_name":"The Cleric","player_choice":"Leave","floor":4,"damage_taken":0},{"event_name":"Golden Idol","player_choice":"Take Damage","floor":11,"damage_taken":0},{"event_name":"Liars Game","player_choice":"disagreed","floor":12,"damage_taken":0},{"event_name":"Nest","player_choice":"Stole From Cult","floor":20,"damage_taken":0},{"event_name":"The Mausoleum","player_choice":"Yes","floor":21,"damage_taken":0}],"is_beta":false,"boss_relics":[{"not_picked":["Ectoplasm","Astrolabe"],"picked":"Eternal Feather"}],"items_purged_floors":[3,22],"is_endless":false,"potions_floor_spawned":[19],"killed_by":"Book of Stabbing","ascension_level":2}