{"gold_per_floor":[109,128,147,162,127,127,152,165,189,220,232,243,254,267,267,370,370,370,295,0,0,0,0,0],"floor_reached":24,"playtime":2605,"items_purged":[],"score":223,"play_id":"e8630ded-1df5-49ad-babb-9975276a6534","local_time":"20190817035023","is_ascension_mode":true,"campfire_choices":[{"data":"Cold Snap","floor":6,"key":"SMITH"},{"floor":15,"key":"REST"},{"floor":23,"key":"REST"}],"neow_cost":"NONE","seed_source_timestamp":215507744811600,"circlet_count":0,"master_deck":["Strike_B","Strike_B","Strike_B","Strike_B","Defend_B","Defend_B","Defend_B","Zap","Dualcast","Beam Cell","Consume","Coolheaded","Cold Snap+1","Lockon","Conserve Battery","Buffer","Redo","Go for the Eyes","Reinforced Body","White Noise","Reboot","White Noise","Heatsinks","FTL"],"relics":["Cracked Core","NeowsBlessing","Incense Burner","Centennial Puzzle","Bag of Marbles","Ectoplasm","Matryoshka"],"potions_floor_usage":[4,10,13,16,24],"damage_taken":[{"damage":0,"enemies":"Small Slimes","floor":1,"turns":1},{"damage":0,"enemies":"Jaw Worm","floor":2,"turns":1},{"damage":0,"enemies":"2 Louse","floor":3,"turns":1},{"damage":18,"enemies":"Lots of Slimes","floor":4,"turns":2},{"damage":18,"enemies":"3 Sentries","floor":7,"turns":9},{"damage":9,"enemies":"Red Slaver","floor":8,"turns":2},{"damage":16,"enemies":"Lagavulin","floor":10,"turns":8},{"damage":8,"enemies":"Looter","floor":11,"turns":2},{"damage":8,"enemies":"Exordium Wildlife","floor":12,"turns":3},{"damage":0,"enemies":"2 Fungi Beasts","floor":13,"turns":2},{"damage":1,"enemies":"Blue Slaver","floor":14,"turns":3},{"damage":18,"enemies":"The Guardian","floor":16,"turns":10},{"damage":5,"enemies":"Shell Parasite","floor":18,"turns":7},{"damage":24,"enemies":"3 Byrds","floor":22,"turns":4},{"damage":69,"enemies":"Gremlin Leader","floor":24,"turns":6}],"seed_played":"-7835021953750015629","potions_obtained":[{"floor":1,"key":"Explosive Potion"},{"floor":4,"key":"Swift Potion"},{"floor":7,"key":"Ancient Potion"},{"floor":12,"key":"PowerPotion"},{"floor":13,"key":"Ancient Potion"},{"floor":16,"key":"AttackPotion"}],"is_trial":false,"path_per_floor":["M","M","M","M","?","R","E","M","T","E","M","M","M","M","R","B",null,"M","?","$","?","M","R","E"],"character_chosen":"DEFECT","items_purchased":["Matryoshka","Heatsinks"],"campfire_rested":2,"item_purchase_floors":[20,20],"current_hp_per_floor":[75,75,75,57,75,75,57,48,48,32,24,16,16,15,37,19,75,70,70,70,70,46,68,0],"gold":0,"neow_bonus":"THREE_ENEMY_KILL","is_prod":false,"is_daily":false,"chose_seed":false,"campfire_upgraded":1,"win_rate":0,"timestamp":1566031823,"path_taken":["M","M","M","M","?","R","E","M","T","E","M","M","M","M","R","BOSS","M","?","$","?","?","R","E"],"build_version":"2019-07-17","purchased_purges":0,"victory":false,"max_hp_per_floor":[75,75,75,75,75,75,75,75,75,75,75,75,75,75,75,75,75,75,75,75,75,75,75,75],"card_choices":[{"not_picked":["Steam Power","Compile Driver"],"picked":"Beam Cell","floor":1},{"not_picked":["Sweeping Beam","Beam Cell"],"picked":"Consume","floor":2},{"not_picked":["Loop","Turbo"],"picked":"Coolheaded","floor":3},{"not_picked":["Streamline","Compile Driver"],"picked":"Cold Snap","floor":4},{"not_picked":["Rip and Tear","Leap"],"picked":"Lockon","floor":7},{"not_picked":["Compile Driver","Storm"],"picked":"Conserve Battery","floor":8},{"not_picked":["Tempest","Loop"],"picked":"Buffer","floor":10},{"not_picked":["Streamline","Rebound"],"picked":"Redo","floor":11},{"not_picked":["Leap","Redo"],"picked":"Go for the Eyes","floor":12},{"not_picked":["Barrage","Turbo"],"picked":"Reinforced Body","floor":13},{"not_picked":["Barrage","Skim"],"picked":"White Noise","floor":14},{"not_picked":["Meteor Strike","Amplify"],"picked":"Reboot","floor":16},{"not_picked":["Go for the Eyes","Redo"],"picked":"White Noise","floor":18},{"not_picked":["Rebound","Leap"],"picked":"FTL","floor":22}],"player_experience":386711,"relics_obtained":[{"floor":7,"key":"Incense Burner"},{"floor":9,"key":"Centennial Puzzle"},{"floor":10,"key":"Bag of Marbles"}],"event_choices":[{"damage_healed":18,"gold_gain":0,"player_choice":"Healed","damage_taken":0,"max_hp_gain":0,"max_hp_loss":0,"event_name":"The Cleric","floor":5,"gold_loss":35},{"cards_removed":["Defend_B"],"damage_healed":0,"gold_gain":0,"player_choice":"Gave Gold","damage_taken":0,"max_hp_gain":0,"max_hp_loss":0,"event_name":"Beggar","floor":19,"gold_loss":75},{"damage_healed":0,"gold_gain":200,"player_choice":"Gold","damage_taken":0,"max_hp_gain":0,"max_hp_loss":0,"event_name":"Wheel of Change","floor":21,"gold_loss":0}],"is_beta":false,"boss_relics":[{"not_picked":["Calling Bell","Orrery"],"picked":"Ectoplasm"}],"items_purged_floors":[],"is_endless":false,"potions_floor_spawned":[1,4,7,12,13,16],"killed_by":"Gremlin Leader","ascension_level":1}