{"gold_per_floor":[116,130,80,5,17,17,48,48,103,103,103,103,165,176,176,275,275,295,312,136,136,149,149,149],"floor_reached":24,"playtime":875,"items_purged":["Strike_B","Zap"],"score":196,"play_id":"186629c7-542a-4ea2-83c3-2277f8b645c3","local_time":"20181205083028","daily_mods":["Heirloom","Time Dilation","Elite Swarm"],"is_ascension_mode":false,"campfire_choices":[{"data":"Loop","floor":6.0,"key":"SMITH"},{"data":"Static Discharge","floor":8.0,"key":"SMITH"},{"data":"White Noise","floor":12.0,"key":"SMITH"},{"floor":15.0,"key":"REST"},{"data":"Capacitor","floor":23.0,"key":"SMITH"}],"neow_cost":"","seed_source_timestamp":0,"circlet_count":0,"master_deck":["Strike_B","Strike_B","Defend_B+1","Defend_B","Defend_B+1","Defend_B","Dualcast","Loop+1","Static Discharge+1","White Noise+1","Buffer","Self Repair+1","Capacitor+1"],"special_seed":0,"relics":["Cracked Core","Thread and Needle","Bag of Preparation","Pen Nib","Sundial","Runic Dome","MutagenicStrength"],"potions_floor_usage":[],"damage_taken":[{"damage":7.0,"enemies":"Jaw Worm","floor":1.0,"turns":3.0},{"damage":0.0,"enemies":"2 Louse","floor":2.0,"turns":3.0},{"damage":0.0,"enemies":"Small Slimes","floor":5.0,"turns":4.0},{"damage":12.0,"enemies":"3 Sentries","floor":7.0,"turns":7.0},{"damage":8.0,"enemies":"Gremlin Nob","floor":13.0,"turns":4.0},{"damage":0.0,"enemies":"Blue Slaver","floor":14.0,"turns":3.0},{"damage":21.0,"enemies":"Hexaghost","floor":16.0,"turns":8.0},{"damage":0.0,"enemies":"Shell Parasite","floor":18.0,"turns":5.0},{"damage":16.0,"enemies":"3 Byrds","floor":19.0,"turns":3.0},{"damage":0.0,"enemies":"Centurion and Healer","floor":22.0,"turns":10.0},{"damage":24.0,"enemies":"Chosen and Byrds","floor":24.0,"turns":7.0}],"seed_played":"-6081412503480080345","potions_obtained":[{"floor":1.0,"key":"AttackPotion"},{"floor":5.0,"key":"Strength Potion"},{"floor":7.0,"key":"Explosive Potion"}],"is_trial":true,"path_per_floor":["M","M","?","$","M","R","E","R","T","?","?","R","?","M","R","B",null,"M","M","$","?","M","R","M","M"],"character_chosen":"DEFECT","items_purchased":["Capacitor"],"campfire_rested":1,"item_purchase_floors":[20],"current_hp_per_floor":[68,68,68,68,68,68,56,56,56,41,66,66,58,58,75,54,75,75,59,59,59,69,69,55],"gold":149,"neow_bonus":"","is_prod":false,"is_daily":false,"chose_seed":false,"campfire_upgraded":4,"win_rate":0,"timestamp":1544016628,"path_taken":["M","M","?","$","M","R","E","R","T","?","?","R","?","M","R","BOSS","M","M","$","?","M","R","M"],"build_version":"2018-11-15","purchased_purges":2,"victory":false,"max_hp_per_floor":[75,75,75,75,75,75,75,75,75,75,75,75,75,75,75,75,75,75,75,75,75,75,75,75],"card_choices":[{"not_picked":["Double Energy","Ball Lightning"],"picked":"Loop","floor":1.0},{"not_picked":["Sweeping Beam","Stack"],"picked":"Static Discharge","floor":2.0},{"not_picked":["Ball Lightning","Lockon"],"picked":"White Noise","floor":5.0},{"not_picked":["Meteor Strike","Reboot","Core Surge"],"picked":"SKIP","floor":7.0},{"not_picked":["FTL","Turbo","Rebound"],"picked":"SKIP","floor":14.0},{"not_picked":["Reboot","Machine Learning"],"picked":"Buffer","floor":16.0},{"not_picked":["Turbo","Beam Cell","Conserve Battery"],"picked":"SKIP","floor":18.0},{"not_picked":["Hologram","Skim"],"picked":"Self Repair+1","floor":19.0},{"not_picked":["Cold Snap+1","Aggregate","Compile Driver"],"picked":"SKIP","floor":22.0}],"player_experience":268442,"relics_obtained":[{"floor":7.0,"key":"Bag of Preparation"},{"floor":9.0,"key":"Pen Nib"},{"floor":13.0,"key":"Sundial"}],"event_choices":[{"cards_removed":["Strike_B"],"damage_healed":0.0,"max_hp_gain":0.0,"max_hp_loss":0.0,"gold_gain":0.0,"event_name":"The Cleric","player_choice":"Card Removal","floor":3.0,"gold_loss":50.0,"damage_taken":0.0},{"damage_healed":0.0,"max_hp_gain":0.0,"max_hp_loss":0.0,"gold_gain":0.0,"event_name":"Shining Light","player_choice":"Entered Light","floor":10.0,"gold_loss":0.0,"damage_taken":15.0,"cards_upgraded":["Defend_B","Defend_B"]},{"damage_healed":25.0,"max_hp_gain":0.0,"max_hp_loss":0.0,"gold_gain":0.0,"event_name":"Big Fish","player_choice":"Banana","floor":11.0,"gold_loss":0.0,"damage_taken":0.0},{"damage_healed":0.0,"max_hp_gain":0.0,"max_hp_loss":0.0,"gold_gain":0.0,"event_name":"Dead Adventurer","player_choice":"Searched \u00271\u0027 times","floor":13.0,"gold_loss":0.0,"damage_taken":0.0},{"damage_healed":0.0,"max_hp_gain":0.0,"max_hp_loss":0.0,"gold_gain":0.0,"event_name":"Drug Dealer","player_choice":"Inject Mutagens","floor":21.0,"gold_loss":0.0,"damage_taken":0.0,"relics_obtained":["MutagenicStrength"]}],"is_beta":false,"boss_relics":[{"not_picked":["Fusion Hammer","Tiny House"],"picked":"Runic Dome"}],"items_purged_floors":[4,20],"is_endless":false,"potions_floor_spawned":[1,5,7,22],"killed_by":"Chosen and Byrds","ascension_level":0}