{"gold_per_floor":[119,44,56,66,66,66,79,110,166,178,212,212,243,90,90,90],"floor_reached":16,"playtime":813,"items_purged":["Strike_R","Strike_R"],"score":132,"play_id":"d4875320-0218-4d27-8776-63ca905b07bb","local_time":"20180927123904","is_ascension_mode":true,"campfire_choices":[{"data":"Pommel Strike","floor":6,"key":"SMITH"},{"floor":12,"key":"REST"},{"data":"True Grit","floor":15,"key":"SMITH"}],"neow_cost":"NONE","seed_source_timestamp":486718067923157,"circlet_count":0,"master_deck":["Strike_R","Strike_R+1","Strike_R","Defend_R","Defend_R","Defend_R+1","Defend_R","Bash","Pommel Strike+1","Shrug It Off+1","Pommel Strike+1","Cleave","Demon Form","Double Tap","True Grit+1"],"relics":["Burning Blood","Dream Catcher","Bronze Scales","Tiny Chest","Whetstone","Magic Flower"],"potions_floor_usage":[11,16],"damage_taken":[{"damage":14,"enemies":"Small Slimes","floor":1,"turns":5},{"damage":2,"enemies":"2 Louse","floor":3,"turns":4},{"damage":6,"enemies":"Jaw Worm","floor":4,"turns":4},{"damage":10,"enemies":"Blue Slaver","floor":7,"turns":5},{"damage":27,"enemies":"Gremlin Nob","floor":8,"turns":4},{"damage":1,"enemies":"Looter","floor":10,"turns":5},{"damage":12,"enemies":"3 Sentries","floor":11,"turns":8},{"damage":10,"enemies":"Lagavulin","floor":13,"turns":7},{"damage":61,"enemies":"Slime Boss","floor":16,"turns":10}],"seed_played":"-8790895974716343251","potions_obtained":[{"floor":4,"key":"FearPotion"},{"floor":8,"key":"Energy Potion"},{"floor":10,"key":"Fire Potion"},{"floor":13,"key":"GamblersBrew"}],"is_trial":false,"path_per_floor":["M","$","M","M","?","R","M","E","T","M","E","R","E","$","R"],"character_chosen":"IRONCLAD","items_purchased":["True Grit"],"campfire_rested":1,"item_purchase_floors":[14],"current_hp_per_floor":[72,72,76,76,60,60,56,35,35,40,34,58,54,54,54,0],"gold":90,"neow_bonus":"RANDOM_COMMON_RELIC","is_prod":false,"is_daily":false,"chose_seed":false,"campfire_upgraded":2,"win_rate":0,"timestamp":1538066344,"path_taken":["M","$","M","M","?","R","M","E","T","M","E","R","E","?","R","BOSS"],"build_version":"2018-09-20","purchased_purges":2,"victory":false,"max_hp_per_floor":[80,80,80,80,80,80,80,80,80,80,80,80,80,80,80,80],"card_choices":[{"not_picked":["Cleave","Corruption"],"picked":"Pommel Strike","floor":1},{"not_picked":["Seeing Red","Thunderclap","Armaments"],"picked":"SKIP","floor":3},{"not_picked":["Metallicize","Twin Strike"],"picked":"Shrug It Off","floor":4},{"not_picked":["Corruption","Cleave","Havoc"],"picked":"SKIP","floor":7},{"not_picked":["Juggernaut","Intimidate","Warcry"],"picked":"SKIP","floor":8},{"not_picked":["Warcry","Rampage"],"picked":"Pommel Strike","floor":10},{"not_picked":["Clothesline","Combust"],"picked":"Cleave","floor":11},{"not_picked":["Twin Strike","Anger"],"picked":"Demon Form","floor":12},{"not_picked":["Havoc","Headbutt"],"picked":"Double Tap","floor":13}],"player_experience":202290,"relics_obtained":[{"floor":8,"key":"Bronze Scales"},{"floor":9,"key":"Tiny Chest"},{"floor":11,"key":"Whetstone"},{"floor":13,"key":"Magic Flower"}],"event_choices":[{"event_name":"Shining Light","player_choice":"Entered Light","floor":5,"damage_taken":0}],"is_beta":false,"boss_relics":[],"items_purged_floors":[2,14],"is_endless":false,"potions_floor_spawned":[4,8,10,13],"killed_by":"Slime Boss","ascension_level":2}