{"gold_per_floor":[109,123,139,149,161,191,191,223,250,250,268,268,301,301,301,406,406,420,180,190,190,42,42],"floor_reached":23,"playtime":2756,"items_purged":["Regret"],"score":222,"play_id":"3d8949fa-e96d-41b7-9e64-7f6ecd915cbf","local_time":"20190818152832","is_ascension_mode":true,"campfire_choices":[{"floor":7,"key":"REST"},{"floor":10,"key":"REST"},{"floor":15,"key":"REST"}],"neow_cost":"NONE","seed_source_timestamp":344069243162300,"circlet_count":0,"master_deck":["Strike_G","Strike_G","Strike_G","Strike_G","Strike_G","Defend_G","Defend_G","Defend_G","Defend_G","Defend_G","Survivor","Neutralize","Blade Dance","Dagger Throw","Crippling Poison","Tactician","Quick Slash","Sucker Punch","Reflex","Infinite Blades+1","A Thousand Cuts","Tools of the Trade","Outmaneuver","Infinite Blades","Choke"],"relics":["Ring of the Serpent","NeowsBlessing","Bird Faced Urn","Mercury Hourglass","Pen Nib","Vajra","Potion Belt","Tiny Chest","Bronze Scales","Anchor"],"potions_floor_usage":[18],"damage_taken":[{"damage":0,"enemies":"Cultist","floor":1,"turns":1},{"damage":0,"enemies":"Small Slimes","floor":2,"turns":1},{"damage":0,"enemies":"2 Louse","floor":3,"turns":1},{"damage":4,"enemies":"Red Slaver","floor":4,"turns":4},{"damage":0,"enemies":"Large Slime","floor":5,"turns":5},{"damage":31,"enemies":"3 Sentries","floor":6,"turns":12},{"damage":24,"enemies":"Gremlin Nob","floor":8,"turns":5},{"damage":15,"enemies":"Exordium Thugs","floor":11,"turns":4},{"damage":13,"enemies":"Lagavulin","floor":13,"turns":5},{"damage":10,"enemies":"Slime Boss","floor":16,"turns":8},{"damage":18,"enemies":"2 Thieves","floor":18,"turns":3},{"damage":22,"enemies":"Shell Parasite","floor":20,"turns":5},{"damage":60,"enemies":"Gremlin Leader","floor":23,"turns":4}],"seed_played":"-1547783979368322390","potions_obtained":[{"floor":5,"key":"SneckoOil"},{"floor":11,"key":"Energy Potion"},{"floor":13,"key":"GamblersBrew"}],"is_trial":false,"path_per_floor":["M","M","M","M","M","E","R","E","T","R","M","?","E","?","R","B",null,"M","$","M","T","$","E"],"character_chosen":"THE_SILENT","items_purchased":["Tiny Chest","Infinite Blades","Anchor"],"campfire_rested":3,"item_purchase_floors":[19,19,22],"current_hp_per_floor":[70,70,70,66,66,35,56,32,32,53,38,38,27,27,48,42,70,56,56,42,42,42,0],"gold":42,"neow_bonus":"THREE_ENEMY_KILL","is_prod":false,"is_daily":false,"chose_seed":false,"campfire_upgraded":0,"win_rate":0,"timestamp":1566160112,"path_taken":["M","M","M","M","M","E","R","E","T","R","?","?","E","?","R","BOSS","M","$","M","?","$","E"],"build_version":"2019-07-17","purchased_purges":1,"victory":false,"max_hp_per_floor":[70,70,70,70,70,70,70,70,70,70,70,70,70,70,70,70,70,70,70,70,70,70,70],"card_choices":[{"not_picked":["Acrobatics","Prepared"],"picked":"Blade Dance","floor":1},{"not_picked":["Setup","Prepared"],"picked":"Dagger Throw","floor":2},{"not_picked":["Prepared","Cloak And Dagger"],"picked":"Crippling Poison","floor":3},{"not_picked":["Bane","Prepared"],"picked":"Tactician","floor":4},{"not_picked":["Catalyst","Escape Plan"],"picked":"Quick Slash","floor":5},{"not_picked":["Slice","Phantasmal Killer"],"picked":"Sucker Punch","floor":6},{"not_picked":["Prepared","Envenom"],"picked":"Reflex","floor":8},{"not_picked":["Dodge and Roll","PiercingWail"],"picked":"Infinite Blades","floor":11},{"not_picked":["Cloak And Dagger","Acrobatics"],"picked":"A Thousand Cuts","floor":13},{"not_picked":["Corpse Explosion","Phantasmal Killer"],"picked":"Tools of the Trade","floor":16},{"not_picked":["Dagger Throw+1","Poisoned Stab+1"],"picked":"Outmaneuver","floor":18},{"not_picked":["PiercingWail","Dagger Throw"],"picked":"Choke","floor":20}],"player_experience":418440,"relics_obtained":[{"floor":6,"key":"Bird Faced Urn"},{"floor":8,"key":"Mercury Hourglass"},{"floor":9,"key":"Pen Nib"},{"floor":13,"key":"Potion Belt"},{"floor":21,"key":"Bronze Scales"}],"event_choices":[{"damage_healed":0,"gold_gain":0,"player_choice":"Box","damage_taken":0,"relics_obtained":["Vajra"],"max_hp_gain":0,"max_hp_loss":0,"event_name":"Big Fish","floor":12,"gold_loss":0,"cards_obtained":["Regret"]},{"damage_healed":0,"gold_gain":0,"player_choice":"Forge","damage_taken":0,"max_hp_gain":0,"max_hp_loss":0,"event_name":"Accursed Blacksmith","floor":14,"gold_loss":0,"cards_upgraded":["Infinite Blades"]}],"is_beta":false,"boss_relics":[{"not_picked":["White Beast Statue","Lizard Tail"],"picked":"Ring of the Serpent"}],"items_purged_floors":[19],"is_endless":false,"potions_floor_spawned":[5,11,13],"killed_by":"Gremlin Leader","ascension_level":1}