{"gold_per_floor":[117,117,48,48,59,94,106,106,178,207,207,225,257,280,292,401,413,439,462,474,498,510,522,561,588,600,67,67,92,92,107,107,204,204,223,241,251,251,351,351,369,386,386,386,9,26,26,51,51,51],"floor_reached":50,"playtime":1985,"items_purged":["Defend_B"],"score":625,"play_id":"9dfb17fa-bb17-4fd4-b1b7-164ed0d9063d","local_time":"20190928212246","is_ascension_mode":true,"campfire_choices":[{"data":"Chaos","floor":8,"key":"SMITH"},{"data":"Ball Lightning","floor":11,"key":"SMITH"},{"floor":15,"key":"REST"},{"data":"Self Repair","floor":23,"key":"SMITH"},{"floor":28,"key":"REST"},{"floor":30,"key":"DIG"},{"floor":32,"key":"REST"},{"floor":40,"key":"DIG"},{"data":"Echo Form","floor":44,"key":"SMITH"},{"floor":49,"key":"DIG"}],"neow_cost":"NONE","seed_source_timestamp":717428120067100,"circlet_count":0,"master_deck":["Strike_B+1","Strike_B","Zap","Ball Lightning+1","Self Repair+1","Chaos+1","Thunder Strike+1","Storm","Echo Form+1","Double Energy+1","Reinforced Body","Self Repair","Storm+1","Self Repair","Defragment","Panache","Self Repair","Seek","Compile Driver+1","Core Surge+1","Aggregate+1","Self Repair+1","Electrodynamics","Double Energy","Defragment"],"relics":["Cracked Core","DataDisk","Anchor","Ornamental Fan","Turnip","Whetstone","MawBank","Inserter","Shovel","Mercury Hourglass","Unceasing Top","Bag of Preparation","Vajra","Astrolabe","Nunchaku","Orichalcum","Darkstone Periapt","Ancient Tea Set","Boot","Dead Branch"],"potions_floor_usage":[33,41,42,50,50,50,50],"damage_taken":[{"damage":2,"enemies":"Jaw Worm","floor":1,"turns":3},{"damage":0,"enemies":"Small Slimes","floor":5,"turns":3},{"damage":20,"enemies":"Lagavulin","floor":6,"turns":5},{"damage":0,"enemies":"Cultist","floor":7,"turns":4},{"damage":32,"enemies":"Gremlin Nob","floor":10,"turns":4},{"damage":1,"enemies":"Exordium Wildlife","floor":12,"turns":6},{"damage":14,"enemies":"Lagavulin","floor":13,"turns":5},{"damage":16,"enemies":"Slime Boss","floor":16,"turns":7},{"damage":14,"enemies":"Shell Parasite","floor":18,"turns":3},{"damage":19,"enemies":"3 Byrds","floor":19,"turns":4},{"damage":11,"enemies":"Snecko","floor":21,"turns":4},{"damage":19,"enemies":"Gremlin Leader","floor":24,"turns":7},{"damage":33,"enemies":"Snake Plant","floor":25,"turns":4},{"damage":31,"enemies":"Book of Stabbing","floor":29,"turns":4},{"damage":38,"enemies":"Shelled Parasite and Fungi","floor":31,"turns":4},{"damage":49,"enemies":"Champ","floor":33,"turns":6},{"damage":1,"enemies":"Orb Walker","floor":35,"turns":2},{"damage":42,"enemies":"3 Darklings","floor":36,"turns":3},{"damage":17,"enemies":"Writhing Mass","floor":37,"turns":3},{"damage":54,"enemies":"Mind Bloom Boss Battle","floor":39,"turns":5},{"damage":8,"enemies":"4 Shapes","floor":41,"turns":2},{"damage":44,"enemies":"Spire Growth","floor":42,"turns":4},{"damage":18,"enemies":"3 Darklings","floor":46,"turns":3},{"damage":94,"enemies":"Awakened One","floor":50,"turns":4}],"seed_played":"3468601517856402304","potions_obtained":[{"floor":5,"key":"Explosive Potion"},{"floor":10,"key":"SteroidPotion"},{"floor":12,"key":"GamblersBrew"},{"floor":13,"key":"EntropicBrew"},{"floor":19,"key":"Dexterity Potion"},{"floor":33,"key":"Poison Potion"},{"floor":37,"key":"SkillPotion"},{"floor":41,"key":"SkillPotion"}],"is_trial":false,"path_per_floor":["M","?","$","?","M","E","M","R","T","E","R","M","E","T","R","B",null,"M","M","?","M","?","R","E","M","T","$","R","E","R","M","R","B",null,"M","M","M","?","?","R","M","M","T","R","$","M","?","T","R","B"],"character_chosen":"DEFECT","items_purchased":["Self Repair","Defragment","Unceasing Top","Panache","Double Energy","Defragment","Ancient Tea Set"],"campfire_rested":3,"item_purchase_floors":[3,27,27,27,45,45,45],"current_hp_per_floor":[73,66,66,66,73,60,67,67,67,42,42,48,41,41,63,54,75,61,49,49,52,52,52,50,34,34,34,56,56,56,49,71,53,75,75,57,71,71,75,75,67,57,57,57,57,66,66,66,66,0],"gold":51,"neow_bonus":"RANDOM_COMMON_RELIC","is_prod":false,"is_daily":false,"chose_seed":false,"campfire_upgraded":4,"win_rate":0,"timestamp":1569720166,"path_taken":["M","?","$","?","M","E","M","R","T","E","R","M","E","?","R","BOSS","M","M","?","?","?","R","E","M","T","?","R","E","R","?","R","BOSS","M","M","M","?","?","R","M","M","T","R","$","M","?","?","R","BOSS"],"build_version":"2019-07-17","purchased_purges":1,"victory":false,"max_hp_per_floor":[75,75,75,75,75,75,75,75,75,75,75,75,75,75,75,75,75,75,75,75,75,75,75,75,75,75,75,75,75,75,75,75,75,75,75,75,75,75,75,75,75,75,75,75,75,75,75,75,75,75],"card_choices":[{"not_picked":["Sweeping Beam","Blizzard"],"picked":"Ball Lightning","floor":1},{"not_picked":["Scrape","Turbo"],"picked":"Chaos","floor":5},{"not_picked":["Double Energy","Blizzard"],"picked":"Skim","floor":6},{"not_picked":["Beam Cell","Ball Lightning"],"picked":"Thunder Strike","floor":7},{"not_picked":["Hologram","Lockon","Melter"],"picked":"SKIP","floor":10},{"not_picked":["Melter","Stack"],"picked":"Coolheaded","floor":12},{"not_picked":["Ball Lightning","Chaos"],"picked":"Storm","floor":13},{"not_picked":["Amplify","Rainbow"],"picked":"Echo Form","floor":16},{"not_picked":["Force Field","BootSequence"],"picked":"Double Energy+1","floor":18},{"not_picked":["Ball Lightning","Gash","Skim"],"picked":"SKIP","floor":19},{"not_picked":["Barrage+1","Coolheaded"],"picked":"Self Repair","floor":21},{"not_picked":["Ball Lightning+1","Go for the Eyes"],"picked":"Storm+1","floor":24},{"not_picked":["Steam","Tempest"],"picked":"Self Repair","floor":25},{"not_picked":["Genetic Algorithm","Capacitor"],"picked":"Self Repair","floor":29},{"not_picked":["Rip and Tear","Hologram","Meteor Strike"],"picked":"SKIP","floor":31},{"not_picked":["Multi-Cast","All For One"],"picked":"Seek","floor":33},{"not_picked":["Streamline+1","Ball Lightning","Doom and Gloom+1"],"picked":"SKIP","floor":35},{"not_picked":["Steam+1","Gash+1","Coolheaded+1"],"picked":"SKIP","floor":36},{"not_picked":["Barrage+1","Compile Driver"],"picked":"Self Repair+1","floor":37},{"not_picked":["Redo","Ball Lightning+1"],"picked":"Electrodynamics","floor":39},{"not_picked":["Gash+1","Barrage","Redo"],"picked":"SKIP","floor":41},{"not_picked":["Gash+1","Conserve Battery","Glacier"],"picked":"SKIP","floor":42},{"not_picked":["Blizzard","Consume","Steam+1"],"picked":"SKIP","floor":46}],"player_experience":322132,"relics_obtained":[{"floor":6,"key":"Anchor"},{"floor":9,"key":"Ornamental Fan"},{"floor":10,"key":"Turnip"},{"floor":13,"key":"Whetstone"},{"floor":14,"key":"MawBank"},{"floor":24,"key":"Shovel"},{"floor":26,"key":"Mercury Hourglass"},{"floor":29,"key":"Bag of Preparation"},{"floor":30,"key":"Vajra"},{"floor":39,"key":"Nunchaku"},{"floor":40,"key":"Orichalcum"},{"floor":43,"key":"Darkstone Periapt"},{"floor":48,"key":"Boot"},{"floor":49,"key":"Dead Branch"}],"event_choices":[{"cards_removed":["Strike_B"],"damage_healed":0,"gold_gain":0,"player_choice":"Card Removal","damage_taken":7,"max_hp_gain":0,"max_hp_loss":0,"event_name":"Golden Wing","floor":2,"gold_loss":0},{"cards_removed":["Strike_B"],"damage_healed":0,"gold_gain":0,"player_choice":"Forget","damage_taken":0,"max_hp_gain":0,"max_hp_loss":0,"event_name":"Living Wall","floor":4,"gold_loss":0},{"damage_healed":0,"gold_gain":0,"cards_transformed":["Defend_B"],"player_choice":"Transformed","damage_taken":0,"max_hp_gain":0,"max_hp_loss":0,"event_name":"Transmorgrifier","floor":20,"gold_loss":0,"cards_obtained":["Reinforced Body"]},{"cards_removed":["Defend_B"],"damage_healed":0,"gold_gain":0,"player_choice":"Elegance","damage_taken":0,"max_hp_gain":0,"max_hp_loss":0,"event_name":"Back to Basics","floor":22,"gold_loss":0},{"damage_healed":0,"gold_gain":0,"player_choice":"Ignored","damage_taken":0,"max_hp_gain":0,"max_hp_loss":0,"event_name":"Tomb of Lord Red Mask","floor":38,"gold_loss":0},{"damage_healed":0,"gold_gain":0,"player_choice":"Fight","damage_taken":0,"max_hp_gain":0,"max_hp_loss":0,"event_name":"MindBloom","floor":39,"gold_loss":0},{"cards_removed":["Defend_B"],"damage_healed":0,"gold_gain":0,"player_choice":"Removed Skill","damage_taken":0,"max_hp_gain":0,"max_hp_loss":0,"event_name":"Falling","floor":47,"gold_loss":0}],"is_beta":false,"boss_relics":[{"not_picked":["Nuclear Battery","Ectoplasm"],"picked":"Inserter"},{"not_picked":["Velvet Choker","Tiny House"],"picked":"Astrolabe"}],"items_purged_floors":[45],"is_endless":false,"potions_floor_spawned":[5,10,12,13,16,18,19,31,33,35,37,41],"killed_by":"Awakened One","ascension_level":4}