{"gold_per_floor":[110,128,141,71,82,82,111,111,111,61,91,91,102,113,113,218,218,232,41,41,57,11,11,11,66,93,93,124,134,134,157,157,157],"floor_reached":33,"playtime":3833,"items_purged":[],"score":308,"play_id":"a1982105-f095-488d-9823-7cce839df81a","local_time":"20190826021248","is_ascension_mode":true,"campfire_choices":[{"data":"Skewer","floor":6,"key":"SMITH"},{"floor":8,"key":"REST"},{"floor":12,"key":"REST"},{"data":"Wraith Form v2","floor":15,"key":"SMITH"},{"data":"Defend_G","floor":23,"key":"PURGE"},{"data":"Defend_G","floor":27,"key":"PURGE"},{"data":"Strike_G","floor":30,"key":"PURGE"},{"floor":32,"key":"REST"}],"neow_cost":"NONE","seed_source_timestamp":986317691811000,"circlet_count":0,"master_deck":["Strike_G","Strike_G","Strike_G","Strike_G","Defend_G","Defend_G","Survivor","Neutralize","Glass Knife","Sucker Punch","Skewer+1","Dash","Well Laid Plans","Leg Sweep","Quick Slash","Deadly Poison+1","Wraith Form v2+1","Malaise+1","Footwork","Prepared+1","Blade Dance+1","Eviscerate","Underhanded Strike","Tools of the Trade"],"relics":["Ring of the Snake","Oddly Smooth Stone","Toxic Egg 2","Peace Pipe","Fusion Hammer","TheAbacus","Tiny Chest","Bag of Marbles","Ancient Tea Set","Bag of Preparation"],"potions_floor_usage":[5,5,14,25,33,33],"damage_taken":[{"damage":0,"enemies":"Cultist","floor":1,"turns":3},{"damage":0,"enemies":"Small Slimes","floor":2,"turns":3},{"damage":0,"enemies":"2 Louse","floor":3,"turns":3},{"damage":20,"enemies":"Gremlin Gang","floor":5,"turns":4},{"damage":10,"enemies":"3 Sentries","floor":7,"turns":7},{"damage":19,"enemies":"Gremlin Nob","floor":11,"turns":4},{"damage":2,"enemies":"Red Slaver","floor":13,"turns":2},{"damage":0,"enemies":"2 Fungi Beasts","floor":14,"turns":2},{"damage":40,"enemies":"The Guardian","floor":16,"turns":12},{"damage":3,"enemies":"Spheric Guardian","floor":18,"turns":6},{"damage":2,"enemies":"3 Byrds","floor":21,"turns":6},{"damage":5,"enemies":"Gremlin Leader","floor":25,"turns":8},{"damage":15,"enemies":"Book of Stabbing","floor":28,"turns":6},{"damage":8,"enemies":"Snecko","floor":29,"turns":5},{"damage":68,"enemies":"Collector","floor":33,"turns":7}],"seed_played":"-4628865182556748548","potions_obtained":[{"floor":2,"key":"PowerPotion"},{"floor":3,"key":"SkillPotion"},{"floor":11,"key":"Block Potion"},{"floor":18,"key":"Energy Potion"},{"floor":21,"key":"SpeedPotion"},{"floor":29,"key":"LiquidBronze"}],"is_trial":false,"path_per_floor":["M","M","M","$","M","R","E","R","T","?","E","R","M","M","R","B",null,"M","$","?","M","$","R","?","E","T","R","E","M","R","T","R","B"],"character_chosen":"THE_SILENT","items_purchased":["Well Laid Plans","TheAbacus","Blade Dance+1"],"campfire_rested":3,"item_purchase_floors":[4,19,22],"current_hp_per_floor":[70,70,70,70,50,50,40,61,61,61,42,63,61,61,61,21,70,67,67,70,68,68,68,68,63,63,63,48,40,40,40,61,0],"gold":157,"neow_bonus":"ONE_RANDOM_RARE_CARD","is_prod":false,"is_daily":false,"chose_seed":false,"campfire_upgraded":2,"win_rate":0,"timestamp":1566803568,"path_taken":["M","M","?","$","M","R","E","R","T","?","E","R","M","M","R","BOSS","M","$","?","?","?","R","?","E","T","R","E","M","R","?","R","BOSS"],"build_version":"2019-08-23","purchased_purges":0,"victory":false,"max_hp_per_floor":[70,70,70,70,70,70,70,70,70,70,70,70,70,70,70,70,70,70,70,70,70,70,70,70,70,70,70,70,70,70,70,70,70],"card_choices":[{"not_picked":["Quick Slash","Deadly Poison"],"picked":"Sucker Punch","floor":1},{"not_picked":["Deflect","Concentrate"],"picked":"Skewer","floor":2},{"not_picked":["Doppelganger","Bane"],"picked":"Dash","floor":3},{"not_picked":["Escape Plan","PiercingWail"],"picked":"Leg Sweep","floor":5},{"not_picked":["Acrobatics","Dagger Spray"],"picked":"Quick Slash","floor":7},{"not_picked":["Dodge and Roll+1","All Out Attack"],"picked":"Deadly Poison+1","floor":11},{"not_picked":["Dash","Flying Knee"],"picked":"Wraith Form v2","floor":13},{"not_picked":["Eviscerate","Backstab"],"picked":"Catalyst+1","floor":14},{"not_picked":["Wraith Form v2","Phantasmal Killer+1"],"picked":"Malaise+1","floor":16},{"not_picked":["Sucker Punch","Skewer"],"picked":"Footwork","floor":18},{"not_picked":["Dash+1","Dodge and Roll+1"],"picked":"Prepared+1","floor":21},{"not_picked":["Deflect+1","Flying Knee+1"],"picked":"Eviscerate","floor":25},{"not_picked":["Deflect+1","PiercingWail+1"],"picked":"Underhanded Strike","floor":28},{"not_picked":["Blade Dance+1","Footwork"],"picked":"Tools of the Trade","floor":29}],"player_experience":455266,"relics_obtained":[{"floor":7,"key":"Oddly Smooth Stone"},{"floor":9,"key":"Toxic Egg 2"},{"floor":11,"key":"Peace Pipe"},{"floor":25,"key":"Tiny Chest"},{"floor":26,"key":"Bag of Marbles"},{"floor":28,"key":"Ancient Tea Set"},{"floor":31,"key":"Bag of Preparation"}],"event_choices":[{"cards_removed":["Defend_G"],"damage_healed":0,"gold_gain":0,"player_choice":"Card Removal","damage_taken":0,"max_hp_gain":0,"max_hp_loss":0,"event_name":"The Cleric","floor":10,"gold_loss":50},{"cards_removed":["Catalyst"],"damage_healed":3,"gold_gain":0,"player_choice":"Offered Uncommon","damage_taken":0,"max_hp_gain":0,"max_hp_loss":0,"event_name":"Bonfire Elementals","floor":20,"gold_loss":0},{"damage_healed":0,"gold_gain":0,"player_choice":"Ignored","damage_taken":0,"max_hp_gain":0,"max_hp_loss":0,"event_name":"Ghosts","floor":24,"gold_loss":0}],"is_beta":true,"boss_relics":[{"not_picked":["Ectoplasm","Orrery"],"picked":"Fusion Hammer"}],"items_purged_floors":[],"is_endless":false,"potions_floor_spawned":[2,3,11,18,21,29],"killed_by":"Collector","ascension_level":1}