{"gold_per_floor":[116,116,116,132,132,167,180,199,199,199,56,87,87,87,87,87],"floor_reached":16,"playtime":548,"items_purged":["Strike_B"],"score":160,"play_id":"98509e8b-fd90-454c-9bd0-1ae3b1e4fb74","local_time":"20190921125823","is_ascension_mode":true,"campfire_choices":[{"data":"Coolheaded","floor":10.0,"key":"SMITH"},{"data":"Defragment","floor":13.0,"key":"SMITH"},{"data":"Capacitor","floor":15.0,"key":"SMITH"}],"neow_cost":"NONE","seed_source_timestamp":0,"circlet_count":0,"master_deck":["Strike_B","Strike_B","Defend_B","Defend_B","Defend_B","Defend_B+1","Zap","Dualcast+1","Glacier","Steam","Reprogram","Capacitor+1","Coolheaded+1","Defragment+1","Core Surge"],"special_seed":0,"relics":["Cracked Core","Symbiotic Virus","Bag of Marbles","Mummified Hand","Du-Vu Doll"],"potions_floor_usage":[],"damage_taken":[{"damage":6.0,"enemies":"2 Louse","floor":1.0,"turns":2.0},{"damage":0.0,"enemies":"Small Slimes","floor":4.0,"turns":2.0},{"damage":0.0,"enemies":"3 Sentries","floor":6.0,"turns":9.0},{"damage":0.0,"enemies":"Cultist","floor":7.0,"turns":2.0},{"damage":16.0,"enemies":"Exordium Wildlife","floor":8.0,"turns":6.0},{"damage":8.0,"enemies":"Gremlin Nob","floor":12.0,"turns":4.0},{"damage":10,"enemies":"The Guardian","floor":16,"turns":2}],"seed_played":"8856755191839521558","potions_obtained":[{"floor":6.0,"key":"Block Potion"},{"floor":8.0,"key":"PotionOfCapacity"},{"floor":12.0,"key":"Strength Potion"}],"is_trial":false,"path_per_floor":["M","?","?","M","?","E","M","M","T","R","$","E","R","?","R","B"],"character_chosen":"DEFECT","items_purchased":["Defragment"],"campfire_rested":0,"item_purchase_floors":[11],"current_hp_per_floor":[76,60,48,48,41,41,41,25,25,25,25,17,17,9,9,0],"gold":87,"neow_bonus":"TEN_PERCENT_HP_BONUS","is_prod":false,"is_daily":false,"chose_seed":false,"campfire_upgraded":3,"win_rate":0,"timestamp":1569063503,"path_taken":["M","?","?","M","?","E","M","M","T","R","$","E","R","?","R","BOSS"],"build_version":"2019-09-20","purchased_purges":1,"victory":false,"max_hp_per_floor":[82,82,82,82,82,82,82,82,82,82,82,82,82,82,82,82],"card_choices":[{"not_picked":["Steam","Leap"],"picked":"Glacier","floor":1.0},{"not_picked":["Beam Cell","Gash"],"picked":"Steam","floor":4.0},{"not_picked":["Storm","Self Repair"],"picked":"Reprogram","floor":6.0},{"not_picked":["Steam","Leap"],"picked":"Capacitor","floor":7.0},{"not_picked":["Turbo","Gash"],"picked":"Coolheaded","floor":8.0},{"not_picked":["Melter","Amplify"],"picked":"Core Surge","floor":12.0}],"player_experience":269733,"relics_obtained":[{"floor":6.0,"key":"Bag of Marbles"},{"floor":9.0,"key":"Mummified Hand"},{"floor":12.0,"key":"Du-Vu Doll"}],"event_choices":[{"damage_healed":0.0,"max_hp_gain":0.0,"max_hp_loss":0.0,"gold_gain":0.0,"event_name":"Shining Light","player_choice":"Entered Light","floor":2.0,"gold_loss":0.0,"damage_taken":16.0,"cards_upgraded":["Defend_B","Dualcast"]},{"damage_healed":0.0,"max_hp_gain":0.0,"max_hp_loss":0.0,"gold_gain":0.0,"event_name":"Scrap Ooze","player_choice":"Success","floor":3.0,"gold_loss":0.0,"damage_taken":12.0,"relics_obtained":["Symbiotic Virus"]},{"cards_removed":["Strike_B"],"damage_healed":0.0,"max_hp_gain":0.0,"max_hp_loss":0.0,"gold_gain":0.0,"event_name":"Golden Wing","player_choice":"Card Removal","floor":5.0,"gold_loss":0.0,"damage_taken":7.0},{"damage_healed":0.0,"max_hp_gain":0.0,"max_hp_loss":0.0,"gold_gain":0.0,"event_name":"Wheel of Change","player_choice":"Damaged","floor":14.0,"gold_loss":0.0,"damage_taken":8.0}],"is_beta":true,"boss_relics":[],"items_purged_floors":[11],"is_endless":false,"potions_floor_spawned":[6,8,12],"killed_by":"The Guardian","ascension_level":4}