{"gold_per_floor":[144,144,144,64,94,190,61,166,192,72,19,118,208,310,310,604,604,640,640,129,129,8,8,110,209,209,137,512,596,695,665],"floor_reached":31,"playtime":1090,"items_purged":["Regret","Go for the Eyes","Go for the Eyes"],"score":427,"play_id":"f67e9911-7a2d-478b-bf9e-79d8dc6a3388","local_time":"20181114100514","daily_mods":["SealedDeck","Flight","Midas"],"is_ascension_mode":true,"campfire_choices":[{"floor":15,"key":"REST"},{"floor":23,"key":"REST"}],"neow_cost":"","seed_source_timestamp":0,"circlet_count":0,"master_deck":["Go for the Eyes","Force Field+1","Auto Shields+1","Leap","Reprogram","Defragment","Static Discharge","Storm","Defragment","Defragment","Streamline","Loop","Self Repair","Heatsinks","Heatsinks","Machine Learning","Storm","Heatsinks","Mayhem","Capacitor","Capacitor","Consume","Loop","Storm","Storm"],"relics":["Cracked Core","Art of War","Tiny Chest","Orichalcum","Smiling Mask","War Paint","Centennial Puzzle","Calipers","Potion Belt","Happy Flower","Sozu","Runic Capacitor","Letter Opener","Ancient Tea Set","Blood Vial","Old Coin","The Courier","Pantograph"],"potions_floor_usage":[31,31],"damage_taken":[{"damage":1,"enemies":"Small Slimes","floor":1,"turns":4},{"damage":18,"enemies":"Lagavulin","floor":6,"turns":7},{"damage":7,"enemies":"3 Sentries","floor":8,"turns":7},{"damage":4,"enemies":"Gremlin Nob","floor":12,"turns":3},{"damage":6,"enemies":"3 Sentries","floor":13,"turns":4},{"damage":8,"enemies":"Gremlin Nob","floor":14,"turns":4},{"damage":15,"enemies":"Hexaghost","floor":16,"turns":8},{"damage":0,"enemies":"Chosen","floor":18,"turns":3},{"damage":25,"enemies":"Slavers","floor":24,"turns":3},{"damage":2,"enemies":"Book of Stabbing","floor":25,"turns":4},{"damage":44,"enemies":"Slavers","floor":28,"turns":4},{"damage":12,"enemies":"Gremlin Leader","floor":29,"turns":4},{"damage":15,"enemies":"Book of Stabbing","floor":30,"turns":3},{"damage":11,"enemies":"2 Thieves","floor":31,"turns":1}],"seed_played":"6066941694139907691","potions_obtained":[{"floor":6,"key":"Strength Potion"},{"floor":13,"key":"Swift Potion"},{"floor":16,"key":"PowerPotion"}],"is_trial":true,"path_per_floor":["M","?","?","$","?","E","$","E","T","$","?","E","E","E","R","B",null,"M","?","$","?","$","R","E","E","T","$","E","E","E","M"],"character_chosen":"DEFECT","items_purchased":["Defragment","Defragment","Streamline","Self Repair","Heatsinks","Runic Capacitor","Mayhem","Capacitor","Loop"],"campfire_rested":2,"item_purchase_floors":[4,7,7,10,20,20,20,22,27],"current_hp_per_floor":[74,67,67,67,67,49,49,42,42,42,42,45,46,45,67,59,75,75,75,75,61,61,80,62,67,67,67,25,22,9,0],"gold":665,"neow_bonus":"","is_prod":false,"is_daily":false,"chose_seed":false,"campfire_upgraded":0,"win_rate":0,"timestamp":1542207914,"path_taken":["M","?","?","?","?","E","$","E","T","$","?","E","E","E","R","BOSS","M","?","$","?","$","R","E","E","T","$","E","E","E","M"],"build_version":"2018-11-08","purchased_purges":3,"victory":false,"max_hp_per_floor":[75,75,75,75,75,75,75,75,75,75,75,75,75,75,75,75,75,75,75,75,80,80,80,80,80,80,80,80,80,80,80],"card_choices":[{"not_picked":["Beam Cell","Stack","Cold Snap"],"picked":"SKIP","floor":1},{"not_picked":["Turbo","Steam","Hologram"],"picked":"SKIP","floor":6},{"not_picked":["Redo","Hologram"],"picked":"Loop","floor":8},{"not_picked":["Steam","Turbo"],"picked":"Heatsinks","floor":12},{"not_picked":["Genetic Algorithm","Hologram"],"picked":"Heatsinks","floor":13},{"not_picked":["Hologram","Cold Snap","Leap"],"picked":"SKIP","floor":14},{"not_picked":["Hyperbeam","Seek"],"picked":"Machine Learning","floor":16},{"not_picked":["BootSequence","Coolheaded","Streamline"],"picked":"SKIP","floor":18},{"not_picked":["Rip and Tear","Rebound"],"picked":"Capacitor","floor":24},{"not_picked":["Hologram","Rebound+1"],"picked":"Consume","floor":25},{"not_picked":["Hyperbeam","Melter"],"picked":"Storm","floor":28},{"not_picked":["Leap+1","Sweeping Beam"],"picked":"Storm","floor":29},{"not_picked":["Meteor Strike","Rainbow","Compile Driver"],"picked":"SKIP","floor":30}],"player_experience":265855,"relics_obtained":[{"floor":6,"key":"Orichalcum"},{"floor":8,"key":"Smiling Mask"},{"floor":9,"key":"War Paint"},{"floor":12,"key":"Calipers"},{"floor":13,"key":"Potion Belt"},{"floor":14,"key":"Happy Flower"},{"floor":24,"key":"Letter Opener"},{"floor":25,"key":"Ancient Tea Set"},{"floor":26,"key":"Blood Vial"},{"floor":28,"key":"Old Coin"},{"floor":29,"key":"The Courier"},{"floor":30,"key":"Pantograph"}],"event_choices":[{"damage_healed":0,"gold_gain":0,"player_choice":"Success","damage_taken":7,"relics_obtained":["Art of War"],"max_hp_gain":0,"max_hp_loss":0,"event_name":"Scrap Ooze","floor":2,"gold_loss":0},{"damage_healed":0,"gold_gain":0,"player_choice":"Ignored","damage_taken":0,"max_hp_gain":0,"max_hp_loss":0,"event_name":"Liars Game","floor":3,"gold_loss":0},{"damage_healed":0,"gold_gain":0,"player_choice":"Box","damage_taken":0,"relics_obtained":["Tiny Chest"],"max_hp_gain":0,"max_hp_loss":0,"event_name":"Big Fish","floor":5,"gold_loss":0,"cards_obtained":["Regret"]},{"damage_healed":0,"gold_gain":0,"player_choice":"Paid Gold","damage_taken":0,"relics_obtained":["Centennial Puzzle"],"max_hp_gain":0,"max_hp_loss":0,"event_name":"WeMeetAgain","floor":11,"gold_loss":53},{"damage_healed":0,"gold_gain":0,"player_choice":"Copied","damage_taken":0,"max_hp_gain":0,"max_hp_loss":0,"event_name":"Duplicator","floor":19,"gold_loss":0,"cards_obtained":["Storm"]},{"damage_healed":0,"gold_gain":0,"player_choice":"Shed Blood","damage_taken":19,"max_hp_gain":5,"max_hp_loss":0,"event_name":"Forgotten Altar","floor":21,"gold_loss":0}],"is_beta":false,"boss_relics":[{"not_picked":["Snecko Eye","Velvet Choker"],"picked":"Sozu"}],"items_purged_floors":[10,20,22],"is_endless":false,"potions_floor_spawned":[6,13,16,18,24],"killed_by":"2 Thieves","ascension_level":1}