{"gold_per_floor":[119,136,152,172,172,172,206,206,206,249,249,249,263,298,298,417,417,438,165,189,205,228,262,262,305,329,329,344,56,77,97,97,218,218,239,17,17,17,17,352,352,388,388,432,448,462,113,131,131,131],"floor_reached":51,"playtime":10560,"items_purged":["Defend_R","Strike_R","Strike_R","Defend_R"],"score":913,"play_id":"750eb102-c2fe-4d14-ba67-42f69ec92be6","local_time":"20190827160652","is_ascension_mode":true,"campfire_choices":[{"data":"Wild Strike","floor":6.0,"key":"SMITH"},{"data":"Intimidate","floor":8.0,"key":"SMITH"},{"data":"Bash","floor":15,"key":"SMITH"},{"data":"Rupture","floor":24,"key":"SMITH"},{"data":"Barricade","floor":27,"key":"SMITH"},{"floor":32,"key":"REST"},{"data":"Discovery","floor":41,"key":"SMITH"},{"floor":49,"key":"REST"}],"neow_cost":"NONE","seed_source_timestamp":0,"circlet_count":0,"master_deck":["Strike_R+1","Strike_R+1","Defend_R","Defend_R+1","Bash+1","Immolate","Clothesline+1","Wild Strike+1","Intimidate+1","Sword Boomerang","Thunderclap","Offering","Ghostly Armor","Fiend Fire","Metallicize","Power Through","Entrench","Body Slam+1","Rupture+1","Barricade+1","Body Slam+1","Second Wind","Dual Wield+1","Feed","Armaments+1","Secret Technique","Discovery+1"],"special_seed":0,"relics":["Black Blood","Golden Idol","Gremlin Horn","Singing Bowl","Champion Belt","Whetstone","Mark of Pain","HandDrill","Darkstone Periapt","Dream Catcher","Smiling Mask","Bottled Tornado","Old Coin","Kunai","Bag of Marbles","Vajra","Ginger"],"potions_floor_usage":[16,16,16,25,25,33,33,44,50,50],"damage_taken":[{"damage":7.0,"enemies":"Small Slimes","floor":1.0,"turns":3.0},{"damage":3.0,"enemies":"Jaw Worm","floor":2.0,"turns":3.0},{"damage":0.0,"enemies":"Cultist","floor":3.0,"turns":3.0},{"damage":7.0,"enemies":"Exordium Thugs","floor":4.0,"turns":3.0},{"damage":16.0,"enemies":"Lagavulin","floor":7.0,"turns":5.0},{"damage":24.0,"enemies":"Gremlin Nob","floor":10.0,"turns":4.0},{"damage":1.0,"enemies":"Red Slaver","floor":13.0,"turns":2.0},{"damage":10,"enemies":"3 Sentries","floor":14,"turns":4},{"damage":39,"enemies":"The Guardian","floor":16,"turns":9},{"damage":13,"enemies":"Spheric Guardian","floor":18,"turns":4},{"damage":6,"enemies":"Chosen","floor":20,"turns":3},{"damage":12,"enemies":"Centurion and Healer","floor":21,"turns":5},{"damage":12,"enemies":"Shelled Parasite and Fungi","floor":22,"turns":2},{"damage":6,"enemies":"Gremlin Leader","floor":23,"turns":5},{"damage":51,"enemies":"Slavers","floor":25,"turns":5},{"damage":9,"enemies":"Snecko","floor":28,"turns":5},{"damage":9,"enemies":"Snake Plant","floor":30,"turns":4},{"damage":18,"enemies":"Shelled Parasite and Fungi","floor":31,"turns":3},{"damage":56,"enemies":"Automaton","floor":33,"turns":16},{"damage":7,"enemies":"Orb Walker","floor":35,"turns":3},{"damage":15,"enemies":"Nemesis","floor":40,"turns":7},{"damage":6,"enemies":"Reptomancer","floor":42,"turns":6},{"damage":48,"enemies":"Giant Head","floor":44,"turns":9},{"damage":7,"enemies":"3 Darklings","floor":45,"turns":2},{"damage":10,"enemies":"Spire Growth","floor":46,"turns":6},{"damage":37,"enemies":"Jaw Worm Horde","floor":48,"turns":3},{"damage":17,"enemies":"Time Eater","floor":50,"turns":11}],"seed_played":"-6934925912603424797","potions_obtained":[{"floor":4.0,"key":"Regen Potion"},{"floor":7.0,"key":"EntropicBrew"},{"floor":10.0,"key":"FairyPotion"},{"floor":13.0,"key":"AttackPotion"},{"floor":21,"key":"BloodPotion"},{"floor":22,"key":"BloodPotion"},{"floor":28,"key":"FearPotion"},{"floor":30,"key":"SteroidPotion"},{"floor":42,"key":"LiquidBronze"},{"floor":46,"key":"Ancient Potion"},{"floor":48,"key":"SpeedPotion"}],"is_trial":false,"path_per_floor":["M","M","M","M","?","R","E","R","T","E","?","?","M","E","R","B",null,"M","$","M","M","M","E","R","E","T","R","M","$","M","M","R","B",null,"M","$","?","?","?","E","R","E","T","E","M","M","$","M","R","B",null],"character_chosen":"IRONCLAD","items_purchased":["HandDrill","Bottled Tornado","Secret Technique","Ginger"],"campfire_rested":2,"item_purchase_floors":[19,29,36,47],"current_hp_per_floor":[79,80,80,79,59,59,61,61,61,43,27,53,58,56,56,23,82,75,75,75,69,63,63,63,58,58,58,55,55,54,42,67,17,84,84,84,78,78,78,75,75,81,81,45,50,52,52,27,57,50],"gold":131,"neow_bonus":"ONE_RANDOM_RARE_CARD","is_prod":false,"is_daily":false,"chose_seed":false,"campfire_upgraded":6,"win_rate":0,"timestamp":1566940012,"path_taken":["M","M","M","M","?","R","E","R","T","E","?","?","M","E","R","BOSS","M","$","M","M","M","E","R","E","T","R","M","$","M","M","R","BOSS","M","$","?","?","?","E","R","E","T","E","M","?","$","M","R","BOSS"],"build_version":"2019-08-26","purchased_purges":4,"victory":true,"max_hp_per_floor":[80,80,80,80,80,80,80,80,80,80,80,80,80,82,82,82,82,82,82,82,82,82,82,82,82,82,82,82,82,84,84,84,84,84,84,84,88,84,84,86,86,88,88,90,92,94,94,96,98,98],"card_choices":[{"not_picked":["Cleave","Sword Boomerang"],"picked":"Clothesline","floor":1.0},{"not_picked":["Sever Soul","Body Slam"],"picked":"Wild Strike","floor":2.0},{"not_picked":["Cleave","Inflame"],"picked":"Intimidate","floor":3.0},{"not_picked":["Battle Trance","Burning Pact"],"picked":"Sword Boomerang","floor":4.0},{"not_picked":["Anger","Clothesline"],"picked":"Thunderclap","floor":7.0},{"not_picked":["Pommel Strike","Wild Strike"],"picked":"Offering","floor":10.0},{"not_picked":["Iron Wave","Twin Strike"],"picked":"Ghostly Armor","floor":13.0},{"not_picked":["Headbutt","Barricade","Sentinel"],"picked":"Singing Bowl","floor":14},{"not_picked":["Reaper","Bludgeon"],"picked":"Fiend Fire","floor":16},{"not_picked":["Headbutt","Flex"],"picked":"Metallicize","floor":18},{"not_picked":["Feel No Pain","Searing Blow"],"picked":"Power Through","floor":20},{"not_picked":["Wild Strike","Reckless Charge"],"picked":"Entrench","floor":21},{"not_picked":["Corruption","Pommel Strike"],"picked":"Body Slam+1","floor":22},{"not_picked":["Headbutt+1","Flex"],"picked":"Rupture","floor":23},{"not_picked":["True Grit+1","Clothesline"],"picked":"Barricade","floor":25},{"not_picked":["Burning Pact","Clash"],"picked":"Body Slam+1","floor":28},{"not_picked":["Reckless Charge","Warcry+1","Thunderclap+1"],"picked":"Singing Bowl","floor":30},{"not_picked":["Headbutt","Flex"],"picked":"Second Wind","floor":31},{"not_picked":["Havoc+1","Corruption+1"],"picked":"Dual Wield+1","floor":32},{"not_picked":["Limit Break","Barricade"],"picked":"Feed","floor":33},{"not_picked":["Iron Wave+1","Blood for Blood+1"],"picked":"Armaments+1","floor":35},{"not_picked":["Bandage Up","Magnetism"],"picked":"Discovery","floor":37},{"not_picked":["Purity","Panacea","Trip"],"picked":"Singing Bowl","floor":37},{"not_picked":["Enlightenment","Purity","Good Instincts"],"picked":"Singing Bowl","floor":37},{"not_picked":["Cleave+1","Inflame+1","Rupture+1"],"picked":"Singing Bowl","floor":40},{"not_picked":["Pommel Strike+1","Dark Embrace","Bloodletting"],"picked":"Singing Bowl","floor":42},{"not_picked":["Sword Boomerang+1","Wild Strike+1","Burning Pact"],"picked":"Singing Bowl","floor":44},{"not_picked":["Sentinel","Anger","Wild Strike"],"picked":"Singing Bowl","floor":45},{"not_picked":["Cleave+1","Corruption","Feed"],"picked":"Singing Bowl","floor":46},{"not_picked":["Infernal Blade+1","Havoc+1","Twin Strike"],"picked":"Singing Bowl","floor":48},{"not_picked":["Iron Wave+1","Cleave+1","Reckless Charge+1"],"picked":"Singing Bowl","floor":49}],"player_experience":479000,"relics_obtained":[{"floor":7.0,"key":"Gremlin Horn"},{"floor":9.0,"key":"Singing Bowl"},{"floor":10.0,"key":"Champion Belt"},{"floor":14,"key":"Whetstone"},{"floor":23,"key":"Darkstone Periapt"},{"floor":25,"key":"Dream Catcher"},{"floor":26,"key":"Smiling Mask"},{"floor":40,"key":"Old Coin"},{"floor":42,"key":"Kunai"},{"floor":43,"key":"Bag of Marbles"},{"floor":44,"key":"Vajra"}],"event_choices":[{"damage_healed":0.0,"max_hp_gain":0.0,"max_hp_loss":0.0,"gold_gain":0.0,"event_name":"Golden Idol","player_choice":"Take Damage","floor":5.0,"gold_loss":0.0,"damage_taken":20.0,"relics_obtained":["Golden Idol"]},{"damage_healed":0.0,"max_hp_gain":0.0,"max_hp_loss":0.0,"gold_gain":0.0,"event_name":"Shining Light","player_choice":"Entered Light","floor":11.0,"gold_loss":0.0,"damage_taken":16.0,"cards_upgraded":["Clothesline","Defend_R"]},{"damage_healed":26.0,"max_hp_gain":0.0,"max_hp_loss":0.0,"gold_gain":0.0,"event_name":"Big Fish","player_choice":"Banana","floor":12.0,"gold_loss":0.0,"damage_taken":0.0},{"damage_healed":0,"gold_gain":0,"player_choice":"Memory 3","damage_taken":10,"max_hp_gain":0,"max_hp_loss":0,"event_name":"SensoryStone","floor":37,"gold_loss":0},{"damage_healed":0,"gold_gain":0,"player_choice":"Max HP","damage_taken":0,"max_hp_gain":0,"max_hp_loss":4,"event_name":"Winding Halls","floor":38,"gold_loss":0},{"cards_removed":["Strike_R"],"damage_healed":0,"gold_gain":0,"player_choice":"Purged","damage_taken":0,"max_hp_gain":0,"max_hp_loss":0,"event_name":"Purifier","floor":39,"gold_loss":0}],"is_beta":true,"boss_relics":[{"not_picked":["Pandora\u0027s Box","Orrery"],"picked":"Mark of Pain"},{"not_picked":["Calling Bell","Sozu"],"picked":"Black Blood"}],"items_purged_floors":[19,29,36,47],"is_endless":false,"potions_floor_spawned":[4,7,10,13,21,22,23,28,30,42,46,48],"ascension_level":1}