{"gold_per_floor":[117,132,148,165,175,175,191,216,241,416,48,48,48,73,73,169,169,180,180,198,209,209,209,124,124,124,1,1],"floor_reached":28,"playtime":1694,"items_purged":["Doubt","Strike_R"],"score":287,"play_id":"92fcbf36-ebb0-4f5f-8577-3a5668503fe8","local_time":"20190907144625","is_ascension_mode":true,"campfire_choices":[{"data":"Wild Strike","floor":6.0,"key":"SMITH"},{"data":"Ghostly Armor","floor":12.0,"key":"SMITH"},{"data":"Bash","floor":15.0,"key":"SMITH"},{"floor":23,"key":"REST"}],"neow_cost":"NONE","seed_source_timestamp":0,"circlet_count":0,"master_deck":["Strike_R","Strike_R","Strike_R","Defend_R","Defend_R","Defend_R","Defend_R","Bash+1","Body Slam","Twin Strike","Heavy Blade","Pommel Strike","Thunderclap","Wild Strike+1","Ghostly Armor+1","Juggernaut","Dark Embrace","Burning Pact","Infernal Blade","Sentinel","Uppercut+1","Headbutt","True Grit+1"],"special_seed":0,"relics":["Burning Blood","Mango","Strawberry","Anchor","Juzu Bracelet","Bag of Preparation","Mark of Pain","Pen Nib","Toxic Egg 2"],"potions_floor_usage":[28],"damage_taken":[{"damage":4.0,"enemies":"2 Louse","floor":1.0,"turns":3.0},{"damage":0.0,"enemies":"Small Slimes","floor":2.0,"turns":3.0},{"damage":1.0,"enemies":"Cultist","floor":3.0,"turns":3.0},{"damage":7.0,"enemies":"2 Fungi Beasts","floor":4.0,"turns":4.0},{"damage":14.0,"enemies":"Gremlin Gang","floor":5.0,"turns":4.0},{"damage":0.0,"enemies":"Large Slime","floor":7.0,"turns":3.0},{"damage":8.0,"enemies":"Gremlin Nob","floor":8.0,"turns":3.0},{"damage":30.0,"enemies":"3 Sentries","floor":14.0,"turns":9.0},{"damage":67.0,"enemies":"The Guardian","floor":16.0,"turns":10.0},{"damage":23.0,"enemies":"2 Thieves","floor":18.0,"turns":3.0},{"damage":25.0,"enemies":"Spheric Guardian","floor":20.0,"turns":4.0},{"damage":57,"enemies":"Shelled Parasite and Fungi","floor":21,"turns":6},{"damage":47,"enemies":"3 Cultists","floor":28,"turns":4}],"seed_played":"7065007760333548402","potions_obtained":[{"floor":1.0,"key":"SpeedPotion"},{"floor":4.0,"key":"Explosive Potion"},{"floor":14.0,"key":"Block Potion"},{"floor":21,"key":"Explosive Potion"}],"is_trial":false,"path_per_floor":["M","M","M","M","M","R","M","E","T","?","$","R","?","E","R","B",null,"M","?","M","M","?","R","?","?","T","$","M"],"character_chosen":"IRONCLAD","items_purchased":["Anchor","Juzu Bracelet","True Grit+1"],"campfire_rested":1,"item_purchase_floors":[11,11,27],"current_hp_per_floor":[80,80,80,79,71,71,77,89,96,96,96,96,96,72,72,11,101,84,84,65,14,14,44,44,44,44,44,0],"gold":1,"neow_bonus":"THREE_CARDS","is_prod":false,"is_daily":false,"chose_seed":false,"campfire_upgraded":3,"win_rate":0,"timestamp":1567885585,"path_taken":["M","M","M","M","M","R","M","E","T","?","$","R","?","E","R","BOSS","M","?","M","M","?","R","?","?","T","$","M"],"build_version":"2019-08-26","purchased_purges":2,"victory":false,"max_hp_per_floor":[80,80,80,80,80,80,80,94,101,101,101,101,101,101,101,101,101,101,101,101,101,101,101,101,101,101,101,101],"card_choices":[{"not_picked":["Sword Boomerang","Cleave"],"picked":"Body Slam","floor":0.0},{"not_picked":["Rage","Sword Boomerang"],"picked":"Twin Strike","floor":1.0},{"not_picked":["Cleave","Seeing Red"],"picked":"Heavy Blade","floor":2.0},{"not_picked":["Brutality","Warcry"],"picked":"Pommel Strike","floor":3.0},{"not_picked":["Burning Pact","Rupture"],"picked":"Thunderclap","floor":4.0},{"not_picked":["Sword Boomerang","Pommel Strike"],"picked":"Wild Strike","floor":5.0},{"not_picked":["Sword Boomerang","Thunderclap","Dual Wield"],"picked":"SKIP","floor":7.0},{"not_picked":["Inflame","Heavy Blade"],"picked":"Ghostly Armor","floor":8.0},{"not_picked":["Perfected Strike","Entrench"],"picked":"Juggernaut","floor":14.0},{"not_picked":["Brutality","Juggernaut"],"picked":"Dark Embrace","floor":16.0},{"not_picked":["Iron Wave+1","Reckless Charge"],"picked":"Burning Pact","floor":18.0},{"not_picked":["Body Slam","Clash"],"picked":"Sentinel","floor":20.0},{"not_picked":["Cleave+1","Clash"],"picked":"Uppercut","floor":21}],"player_experience":515844,"relics_obtained":[{"floor":8.0,"key":"Mango"},{"floor":9.0,"key":"Strawberry"},{"floor":14.0,"key":"Bag of Preparation"},{"floor":26,"key":"Toxic Egg 2"}],"event_choices":[{"damage_healed":0.0,"max_hp_gain":0.0,"max_hp_loss":0.0,"gold_gain":175.0,"event_name":"Liars Game","player_choice":"AGREE","floor":10.0,"gold_loss":0.0,"damage_taken":0.0,"cards_obtained":["Doubt"]},{"damage_healed":0.0,"max_hp_gain":0.0,"max_hp_loss":0.0,"gold_gain":0.0,"event_name":"The Cleric","player_choice":"Leave","floor":13.0,"gold_loss":0.0,"damage_taken":0.0},{"damage_healed":0.0,"max_hp_gain":0.0,"max_hp_loss":0.0,"gold_gain":0.0,"event_name":"The Library","player_choice":"Read","floor":19.0,"gold_loss":0.0,"damage_taken":0.0,"cards_obtained":["Infernal Blade"]},{"damage_healed":0,"gold_gain":0,"cards_transformed":["Strike_R"],"player_choice":"Transformed","damage_taken":0,"max_hp_gain":0,"max_hp_loss":0,"event_name":"Transmorgrifier","floor":22,"gold_loss":0,"cards_obtained":["Headbutt"]},{"damage_healed":0,"gold_gain":0,"player_choice":"Obtained Relic","damage_taken":0,"relics_obtained":["Pen Nib"],"max_hp_gain":0,"max_hp_loss":0,"event_name":"Addict","floor":24,"gold_loss":85},{"damage_healed":0,"gold_gain":0,"player_choice":"Forge","damage_taken":0,"max_hp_gain":0,"max_hp_loss":0,"event_name":"Accursed Blacksmith","floor":25,"gold_loss":0,"cards_upgraded":["Uppercut"]}],"is_beta":true,"boss_relics":[{"not_picked":["Pandora\u0027s Box","Velvet Choker"],"picked":"Mark of Pain"}],"items_purged_floors":[11,27],"is_endless":false,"potions_floor_spawned":[1,4,14,21],"killed_by":"3 Cultists","ascension_level":3}