{"gold_per_floor":[117,392,404,24,24,50,75,75,75,75,87,87,113,127,127,228,228,240,252,252,527,527,557,557,587,587,612,632,649,9,9,9,113,113,127,127,127,145,145,145,179,198,221,263,130,180,199,211,211,211],"floor_reached":51,"playtime":1499,"items_purged":[],"score":1283,"play_id":"449d3424-7ba4-4bdb-9bce-838474f41b72","local_time":"20181011091348","daily_mods":["Specialized","Hoarder","Night Terrors"],"is_ascension_mode":true,"campfire_choices":[{"data":"Perfected Strike","floor":8,"key":"SMITH"},{"data":"Perfected Strike","floor":10,"key":"SMITH"},{"data":"Perfected Strike","floor":12,"key":"SMITH"},{"data":"Perfected Strike","floor":15,"key":"SMITH"},{"data":"Perfected Strike","floor":24,"key":"SMITH"},{"data":"Perfected Strike","floor":32,"key":"SMITH"},{"data":"Spot Weakness","floor":40,"key":"SMITH"},{"data":"Perfected Strike","floor":49,"key":"SMITH"}],"neow_cost":"","seed_source_timestamp":0,"circlet_count":0,"master_deck":["Strike_R","Strike_R","Strike_R","Strike_R","Strike_R","Defend_R","Defend_R","Defend_R","Defend_R","Bash","Intimidate","Intimidate","Intimidate","Intimidate","Intimidate","Intimidate","Intimidate","Intimidate","Intimidate","Intimidate","Intimidate","Intimidate","Intimidate","Intimidate","Intimidate","Perfected Strike+1","Perfected Strike+1","Perfected Strike+1","Regret","Regret","Regret","Metallicize","Metallicize","Metallicize","Spot Weakness","Spot Weakness","Spot Weakness","Perfected Strike+1","Perfected Strike+1","Perfected Strike+1","Pommel Strike","Pommel Strike","Pommel Strike","Wild Strike","Wild Strike","Wild Strike","Regret","Regret","Regret","Twin Strike","Twin Strike","Twin Strike","Twin Strike","Twin Strike","Twin Strike","Spot Weakness+1","Spot Weakness","Wild Strike","Wild Strike","Wild Strike","Wild Strike+1","Wild Strike+1","Wild Strike+1","Perfected Strike","Perfected Strike","Perfected Strike+1","Perfected Strike+1","Perfected Strike+1","Perfected Strike+1"],"relics":["Burning Blood","Ornamental Fan","Odd Mushroom","Singing Bowl","Red Skull","Eternal Feather","Nloth\u0027s Gift","Bird Faced Urn","Matryoshka","Centennial Puzzle","Regal Pillow","Meat on the Bone","ClockworkSouvenir","Bag of Marbles","Bottled Tornado","CultistMask","Coffee Dripper","Blood Vial","Gremlin Horn","MawBank","Self Forming Clay","Juzu Bracelet","Torii"],"potions_floor_usage":[7,33],"damage_taken":[{"damage":10,"enemies":"Jaw Worm","floor":1,"turns":6},{"damage":9,"enemies":"Cultist","floor":3,"turns":4},{"damage":17,"enemies":"Gremlin Nob","floor":6,"turns":5},{"damage":20,"enemies":"The Mushroom Lair","floor":7,"turns":4},{"damage":3,"enemies":"2 Louse","floor":11,"turns":4},{"damage":16,"enemies":"Lagavulin","floor":13,"turns":5},{"damage":0,"enemies":"Red Slaver","floor":14,"turns":1},{"damage":38,"enemies":"Hexaghost","floor":16,"turns":8},{"damage":7,"enemies":"Shell Parasite","floor":18,"turns":2},{"damage":9,"enemies":"3 Byrds","floor":19,"turns":4},{"damage":27,"enemies":"Book of Stabbing","floor":23,"turns":4},{"damage":30,"enemies":"Slavers","floor":25,"turns":5},{"damage":63,"enemies":"Book of Stabbing","floor":27,"turns":6},{"damage":11,"enemies":"Snake Plant","floor":28,"turns":4},{"damage":6,"enemies":"Cultist and Chosen","floor":29,"turns":3},{"damage":76,"enemies":"Champ","floor":33,"turns":10},{"damage":2,"enemies":"3 Darklings","floor":35,"turns":2},{"damage":0,"enemies":"Orb Walker","floor":38,"turns":1},{"damage":11,"enemies":"2 Orb Walkers","floor":41,"turns":2},{"damage":33,"enemies":"Reptomancer","floor":42,"turns":5},{"damage":9,"enemies":"Giant Head","floor":44,"turns":6},{"damage":11,"enemies":"Mysterious Sphere","floor":46,"turns":3},{"damage":7,"enemies":"Sphere and 2 Shapes","floor":47,"turns":2},{"damage":50,"enemies":"Transient","floor":48,"turns":5},{"damage":50,"enemies":"Donu and Deca","floor":50,"turns":6}],"seed_played":"-4171143003348389788","potions_obtained":[{"floor":3,"key":"Strength Potion"},{"floor":11,"key":"Dexterity Potion"},{"floor":16,"key":"FearPotion"},{"floor":23,"key":"FairyPotion"},{"floor":33,"key":"Weak Potion"}],"is_trial":true,"path_per_floor":["M","?","M","$","?","E","?","R","T","R","M","R","E","M","R","B",null,"M","M","?","?","?","E","R","E","T","E","M","M","$","?","R","B",null,"M","?","?","M","?","R","E","M","T","E","$","?","M","M","R","B"],"character_chosen":"IRONCLAD","items_purchased":["Spot Weakness","Perfected Strike","Pommel Strike","Ornamental Fan","Twin Strike","ClockworkSouvenir","Bag of Marbles","Bottled Tornado","Juzu Bracelet"],"campfire_rested":0,"item_purchase_floors":[4,4,4,4,30,30,30,30,45],"current_hp_per_floor":[76,76,73,73,73,62,48,48,48,48,53,53,45,53,53,23,88,89,88,88,94,94,73,98,80,80,27,42,58,58,58,91,41,108,108,110,110,110,110,110,107,86,86,93,93,94,97,71,110,70],"gold":211,"neow_bonus":"","is_prod":false,"is_daily":false,"chose_seed":false,"campfire_upgraded":8,"win_rate":0,"timestamp":1539263628,"path_taken":["M","?","?","$","?","E","?","R","T","R","M","R","E","M","R","BOSS","M","M","?","?","?","E","R","E","T","E","?","M","$","?","R","BOSS","M","?","?","?","?","R","E","M","T","E","?","?","M","M","R","BOSS"],"build_version":"2018-10-04v2","purchased_purges":0,"victory":true,"max_hp_per_floor":[80,80,80,80,80,80,80,80,80,80,82,82,84,86,86,88,88,90,92,92,98,98,98,98,100,100,102,104,106,106,106,106,108,108,108,110,110,110,110,110,112,114,114,116,116,116,116,118,118,118],"card_choices":[{"not_picked":["Heavy Blade","True Grit"],"picked":"Perfected Strike","floor":1},{"not_picked":["Hemokinesis","Thunderclap"],"picked":"Metallicize","floor":3},{"not_picked":["Headbutt","Demon Form"],"picked":"Wild Strike","floor":6},{"not_picked":["Clothesline","Armaments","Body Slam"],"picked":"Singing Bowl","floor":11},{"not_picked":["Iron Wave","Uppercut","Reaper"],"picked":"Singing Bowl","floor":13},{"not_picked":["Evolve","Cleave","Flame Barrier"],"picked":"Singing Bowl","floor":14},{"not_picked":["Barricade","Juggernaut","Exhume"],"picked":"Singing Bowl","floor":16},{"not_picked":["Havoc","Sentinel","Combust"],"picked":"Singing Bowl","floor":18},{"not_picked":["Shockwave","Warcry","Thunderclap+1"],"picked":"Singing Bowl","floor":19},{"not_picked":["Exhume","Sword Boomerang"],"picked":"Twin Strike","floor":23},{"not_picked":["Headbutt","Flex","Anger"],"picked":"Singing Bowl","floor":25},{"not_picked":["Body Slam","Immolate","Headbutt"],"picked":"Singing Bowl","floor":27},{"not_picked":["Blood for Blood","Burning Pact","Flex"],"picked":"Singing Bowl","floor":28},{"not_picked":["Hemokinesis+1","Power Through","Cleave+1"],"picked":"Singing Bowl","floor":29},{"not_picked":["Exhume","Immolate","Berserk"],"picked":"Singing Bowl","floor":33},{"not_picked":["Evolve+1","Bloodletting+1"],"picked":"Spot Weakness","floor":35},{"not_picked":["Panacea","Trip","HandOfGreed"],"picked":"Singing Bowl","floor":36},{"not_picked":["Power Through+1","Ghostly Armor+1"],"picked":"Wild Strike+1","floor":38},{"not_picked":["Clash+1","Havoc","Dark Embrace"],"picked":"Singing Bowl","floor":41},{"not_picked":["Fire Breathing+1","Headbutt","Rupture"],"picked":"Singing Bowl","floor":42},{"not_picked":["Flex+1","True Grit","Armaments"],"picked":"Singing Bowl","floor":44},{"not_picked":["Headbutt+1","Inflame+1"],"picked":"Perfected Strike","floor":46},{"not_picked":["Exhume","Second Wind"],"picked":"Perfected Strike+1","floor":47},{"not_picked":["Warcry","Burning Pact","Flex+1"],"picked":"Singing Bowl","floor":48}],"player_experience":216642,"relics_obtained":[{"floor":6,"key":"Darkstone Periapt"},{"floor":7,"key":"Odd Mushroom"},{"floor":9,"key":"Singing Bowl"},{"floor":13,"key":"Red Skull"},{"floor":23,"key":"Bird Faced Urn"},{"floor":25,"key":"Matryoshka"},{"floor":26,"key":"Centennial Puzzle"},{"floor":26,"key":"Regal Pillow"},{"floor":27,"key":"Meat on the Bone"},{"floor":41,"key":"Blood Vial"},{"floor":43,"key":"Gremlin Horn"},{"floor":43,"key":"MawBank"},{"floor":44,"key":"Self Forming Clay"},{"floor":46,"key":"Torii"}],"event_choices":[{"event_name":"Golden Shrine","player_choice":"Desecrate","floor":2,"damage_taken":0},{"event_name":"The Cleric","player_choice":"Leave","floor":5,"damage_taken":0},{"event_name":"Mushrooms","player_choice":"Fought Mushrooms","floor":7,"damage_taken":0},{"event_name":"Ghosts","player_choice":"Ignored","floor":20,"damage_taken":0},{"event_name":"Golden Shrine","player_choice":"Desecrate","floor":21,"damage_taken":0},{"event_name":"N\u0027loth","player_choice":"Traded a Darkstone Periapt","floor":22,"damage_taken":0},{"event_name":"FaceTrader","player_choice":"Trade","floor":31,"damage_taken":0},{"event_name":"SensoryStone","player_choice":"Memory 1","floor":36,"damage_taken":0},{"event_name":"Match and Keep!","player_choice":"1 cards matched","floor":37,"damage_taken":0},{"event_name":"Falling","player_choice":"Removed Skill","floor":39,"damage_taken":0},{"event_name":"Mysterious Sphere","player_choice":"Fight","floor":46,"damage_taken":0}],"is_beta":false,"boss_relics":[{"not_picked":["Philosopher\u0027s Stone","Astrolabe"],"picked":"Eternal Feather"},{"not_picked":["Empty Cage","Orrery"],"picked":"Coffee Dripper"}],"items_purged_floors":[],"is_endless":false,"potions_floor_spawned":[3,11,16,23,25,29,33,38,44,47,48],"ascension_level":1}