{"gold_per_floor":[17,31,50,66,77,103,103,117,117,117],"floor_reached":10,"playtime":436,"items_purged":[],"score":108,"play_id":"87b3b107-75a5-4ddd-ae54-d76c22194e5f","local_time":"20190921134322","is_ascension_mode":true,"campfire_choices":[{"data":"Shockwave","floor":7.0,"key":"SMITH"}],"neow_cost":"NO_GOLD","seed_source_timestamp":602324861698900,"circlet_count":0,"master_deck":["Strike_R","Strike_R","Strike_R","Strike_R","Strike_R","Defend_R","Defend_R","Defend_R","Defend_R","Bash","Cleave","Shockwave+1","Pommel Strike","Sword Boomerang","Dual Wield","Twin Strike+1","Thunderclap+1"],"special_seed":0,"relics":["Burning Blood","Molten Egg 2","Pantograph"],"potions_floor_usage":[10],"damage_taken":[{"damage":26.0,"enemies":"Small Slimes","floor":1.0,"turns":6.0},{"damage":3.0,"enemies":"2 Louse","floor":2.0,"turns":2.0},{"damage":4.0,"enemies":"Cultist","floor":3.0,"turns":3.0},{"damage":18.0,"enemies":"Lots of Slimes","floor":4.0,"turns":3.0},{"damage":18.0,"enemies":"Exordium Wildlife","floor":5.0,"turns":3.0},{"damage":35.0,"enemies":"3 Sentries","floor":6.0,"turns":8.0},{"damage":19.0,"enemies":"Large Slime","floor":8.0,"turns":4.0},{"damage":18,"enemies":"Gremlin Nob","floor":10,"turns":3}],"seed_played":"8617182623138235059","potions_obtained":[{"floor":2.0,"key":"AttackPotion"},{"floor":8.0,"key":"EssenceOfSteel"}],"is_trial":false,"path_per_floor":["M","M","M","M","M","E","R","M","T","E"],"character_chosen":"IRONCLAD","items_purchased":[],"campfire_rested":0,"item_purchase_floors":[],"current_hp_per_floor":[76,79,81,69,57,28,28,15,15,0],"gold":117,"neow_bonus":"TWENTY_PERCENT_HP_BONUS","is_prod":false,"is_daily":false,"chose_seed":false,"campfire_upgraded":1,"win_rate":0,"timestamp":1569066202,"path_taken":["M","M","M","M","M","E","R","M","T","E"],"build_version":"2019-09-20","purchased_purges":0,"victory":false,"max_hp_per_floor":[96,96,96,96,96,96,96,96,96,96],"card_choices":[{"not_picked":["Sword Boomerang","Battle Trance"],"picked":"Cleave","floor":1.0},{"not_picked":["Cleave","Heavy Blade"],"picked":"Shockwave","floor":2.0},{"not_picked":["Entrench","Perfected Strike"],"picked":"Pommel Strike","floor":3.0},{"not_picked":["True Grit","Fire Breathing"],"picked":"Sword Boomerang","floor":4.0},{"not_picked":["Clash","Twin Strike"],"picked":"Dual Wield","floor":5.0},{"not_picked":["Wild Strike","Sentinel"],"picked":"Twin Strike","floor":6.0},{"not_picked":["Anger+1","Reckless Charge+1"],"picked":"Thunderclap+1","floor":8.0}],"player_experience":271645,"relics_obtained":[{"floor":6.0,"key":"Molten Egg 2"},{"floor":9.0,"key":"Pantograph"}],"event_choices":[],"is_beta":true,"boss_relics":[],"items_purged_floors":[],"is_endless":false,"potions_floor_spawned":[2,8],"killed_by":"Gremlin Nob","ascension_level":3}