{"gold_per_floor":[118,64,76,92,92,92,121,121,121,154,164,183,183,183,183,183],"floor_reached":16,"playtime":617,"items_purged":[],"score":127,"play_id":"d3734228-0c55-4078-a8cb-ea6a02e71096","local_time":"20181205084714","is_ascension_mode":true,"campfire_choices":[{"data":"Conserve Battery","floor":6,"key":"SMITH"},{"floor":8,"key":"REST"},{"data":"Glacier","floor":13,"key":"SMITH"},{"floor":15,"key":"REST"}],"neow_cost":"NONE","seed_source_timestamp":742337502510912,"circlet_count":0,"master_deck":["Strike_B","Strike_B","Strike_B","Strike_B","Defend_B","Defend_B","Defend_B","Defend_B","Zap","Dualcast","Coolheaded","Conserve Battery+1","Cold Snap","Glacier+1"],"relics":["Cracked Core","Shuriken","Orichalcum","Sundial","Dodecahedron"],"potions_floor_usage":[7,12],"damage_taken":[{"damage":10,"enemies":"2 Louse","floor":1,"turns":3},{"damage":1,"enemies":"Cultist","floor":3,"turns":4},{"damage":0,"enemies":"Small Slimes","floor":4,"turns":3},{"damage":64,"enemies":"Gremlin Nob","floor":7,"turns":6},{"damage":15,"enemies":"3 Sentries","floor":10,"turns":15},{"damage":0,"enemies":"2 Fungi Beasts","floor":11,"turns":5},{"damage":0,"enemies":"Looter","floor":12,"turns":4},{"damage":43,"enemies":"Slime Boss","floor":16,"turns":12}],"seed_played":"1792158381291352784","potions_obtained":[{"floor":1,"key":"PowerPotion"},{"floor":3,"key":"Ancient Potion"},{"floor":11,"key":"SteroidPotion"}],"is_trial":false,"path_per_floor":["M","$","M","M","?","R","E","R","T","E","M","M","R","?","R","B"],"character_chosen":"DEFECT","items_purchased":["Coolheaded"],"campfire_rested":2,"item_purchase_floors":[2],"current_hp_per_floor":[72,72,71,71,71,71,7,31,31,16,16,16,16,16,40,0],"gold":183,"neow_bonus":"TEN_PERCENT_HP_BONUS","is_prod":false,"is_daily":false,"chose_seed":false,"campfire_upgraded":2,"win_rate":0,"timestamp":1544017634,"path_taken":["M","$","M","M","?","R","E","R","T","E","?","M","R","?","R","BOSS"],"build_version":"2018-11-15","purchased_purges":0,"victory":false,"max_hp_per_floor":[82,82,82,82,82,82,82,82,82,82,82,82,82,82,82,82],"card_choices":[{"not_picked":["Double Energy","Sweeping Beam","Hologram"],"picked":"SKIP","floor":1},{"not_picked":["Turbo","Barrage","Scrape"],"picked":"SKIP","floor":3},{"not_picked":["Turbo","Streamline"],"picked":"Conserve Battery","floor":4},{"not_picked":["Tempest","Lockon"],"picked":"Cold Snap","floor":7},{"not_picked":["Leap","Reinforced Body"],"picked":"Glacier","floor":10},{"not_picked":["Undo","Redo","Rebound"],"picked":"SKIP","floor":11},{"not_picked":["Ball Lightning","Compile Driver","Rebound"],"picked":"SKIP","floor":12}],"player_experience":269674,"relics_obtained":[{"floor":7,"key":"Orichalcum"},{"floor":9,"key":"Sundial"},{"floor":10,"key":"Dodecahedron"}],"event_choices":[{"damage_healed":0,"gold_gain":0,"player_choice":"Gave Potion","damage_taken":0,"relics_obtained":["Shuriken"],"max_hp_gain":0,"max_hp_loss":0,"event_name":"WeMeetAgain","floor":5,"gold_loss":0},{"damage_healed":0,"gold_gain":0,"player_choice":"Ignored","damage_taken":0,"max_hp_gain":0,"max_hp_loss":0,"event_name":"Liars Game","floor":14,"gold_loss":0}],"is_beta":false,"boss_relics":[],"items_purged_floors":[],"is_endless":false,"potions_floor_spawned":[1,3,11],"killed_by":"Slime Boss","ascension_level":3}