{"gold_per_floor":[116,116,116,129,129,129,140,168,168,187,187,201,212,227,227,326,326,342,342,9,9,29,63,63,87,87,87,107,121,46,59,59,59],"floor_reached":33,"playtime":1649,"items_purged":["Strike_G"],"score":336,"play_id":"722399ba-c5e6-4d70-9739-94c3e65107d8","local_time":"20190922214417","is_ascension_mode":true,"campfire_choices":[{"data":"Neutralize","floor":6,"key":"SMITH"},{"floor":11,"key":"REST"},{"data":"Setup","floor":15,"key":"SMITH"},{"floor":27,"key":"REST"},{"floor":32,"key":"REST"}],"neow_cost":"NONE","seed_source_timestamp":716537914592500,"circlet_count":0,"master_deck":["Strike_G","Strike_G+1","Strike_G+1","Defend_G","Defend_G","Defend_G","Defend_G","Defend_G","Survivor","Neutralize+1","Panacea","Caltrops","Leg Sweep","Deadly Poison","Adrenaline","Bouncing Flask","Backflip","Calculated Gamble","Setup+1","A Thousand Cuts","Noxious Fumes","Blur"],"relics":["Ring of the Snake","Letter Opener","Blue Candle","Busted Crown","Turnip","Calipers","Mummified Hand","Oddly Smooth Stone","Pen Nib"],"potions_floor_usage":[8,18,23,23,28],"damage_taken":[{"damage":10,"enemies":"Cultist","floor":1,"turns":6},{"damage":3,"enemies":"2 Louse","floor":4,"turns":3},{"damage":1,"enemies":"Small Slimes","floor":7,"turns":4},{"damage":26,"enemies":"Gremlin Nob","floor":8,"turns":5},{"damage":9,"enemies":"Exordium Thugs","floor":10,"turns":4},{"damage":2,"enemies":"3 Louse","floor":12,"turns":3},{"damage":3,"enemies":"Looter","floor":13,"turns":3},{"damage":1,"enemies":"Exordium Wildlife","floor":14,"turns":2},{"damage":15,"enemies":"The Guardian","floor":16,"turns":10},{"damage":15,"enemies":"Spheric Guardian","floor":18,"turns":4},{"damage":14,"enemies":"2 Thieves","floor":22,"turns":4},{"damage":6,"enemies":"Book of Stabbing","floor":23,"turns":7},{"damage":7,"enemies":"Cultist and Chosen","floor":28,"turns":6},{"damage":0,"enemies":"Centurion and Healer","floor":29,"turns":9},{"damage":0,"enemies":"Snake Plant","floor":31,"turns":4},{"damage":71,"enemies":"Champ","floor":33,"turns":15}],"seed_played":"-1122889148041208496","potions_obtained":[{"floor":4,"key":"Fire Potion"},{"floor":12,"key":"DuplicationPotion"},{"floor":14,"key":"AttackPotion"},{"floor":22,"key":"Block Potion"},{"floor":23,"key":"Regen Potion"}],"is_trial":false,"path_per_floor":["M","?","?","M","?","R","M","E","T","M","R","M","M","M","R","B",null,"M","?","$","?","M","E","?","T","T","R","M","M","$","M","R","B"],"character_chosen":"THE_SILENT","items_purchased":["Calipers","Blur"],"campfire_rested":3,"item_purchase_floors":[20,20],"current_hp_per_floor":[60,65,50,47,47,47,46,20,20,11,33,31,28,27,27,12,59,44,44,44,30,16,10,10,10,10,34,42,42,42,42,66,0],"gold":59,"neow_bonus":"RANDOM_COLORLESS","is_prod":false,"is_daily":false,"chose_seed":false,"campfire_upgraded":2,"win_rate":0,"timestamp":1569181457,"path_taken":["M","?","?","M","?","R","M","E","T","M","R","M","M","M","R","BOSS","M","?","$","?","M","E","?","?","T","R","M","?","?","M","R","BOSS"],"build_version":"2019-09-20","purchased_purges":1,"victory":false,"max_hp_per_floor":[70,75,75,75,75,75,75,75,75,75,75,75,75,75,75,75,75,75,75,75,80,80,80,80,80,80,80,80,80,80,80,80,80],"card_choices":[{"not_picked":["Poisoned Stab","Flying Knee"],"picked":"Caltrops","floor":1},{"not_picked":["Underhanded Strike","Cloak And Dagger"],"picked":"Leg Sweep","floor":4},{"not_picked":["Bane","Sucker Punch"],"picked":"Deadly Poison","floor":7},{"not_picked":["Dash","Riddle With Holes"],"picked":"Adrenaline","floor":8},{"not_picked":["Endless Agony","Poisoned Stab"],"picked":"Bouncing Flask","floor":10},{"not_picked":["Cloak And Dagger","Noxious Fumes"],"picked":"Backflip","floor":12},{"not_picked":["Outmaneuver","Noxious Fumes"],"picked":"Calculated Gamble","floor":13},{"not_picked":["Backflip","Underhanded Strike"],"picked":"Setup","floor":14},{"not_picked":["Grand Finale","Doppelganger"],"picked":"A Thousand Cuts","floor":16},{"not_picked":[],"picked":"Noxious Fumes","floor":18},{"not_picked":["Infinite Blades"],"picked":"SKIP","floor":22},{"not_picked":["Finisher+1"],"picked":"SKIP","floor":23},{"not_picked":["Poisoned Stab"],"picked":"SKIP","floor":28},{"not_picked":["Choke"],"picked":"SKIP","floor":29},{"not_picked":["Deadly Poison"],"picked":"SKIP","floor":31}],"player_experience":274665,"relics_obtained":[{"floor":8,"key":"Letter Opener"},{"floor":9,"key":"Blue Candle"},{"floor":23,"key":"Mummified Hand"},{"floor":25,"key":"Oddly Smooth Stone"},{"floor":26,"key":"Pen Nib"}],"event_choices":[{"damage_healed":0,"gold_gain":0,"player_choice":"Donut","damage_taken":0,"max_hp_gain":5,"max_hp_loss":0,"event_name":"Big Fish","floor":2,"gold_loss":0},{"damage_healed":0,"gold_gain":0,"player_choice":"Entered Light","damage_taken":15,"max_hp_gain":0,"max_hp_loss":0,"event_name":"Shining Light","floor":3,"gold_loss":0,"cards_upgraded":["Strike_G","Strike_G"]},{"cards_removed":["Strike_G"],"damage_healed":0,"gold_gain":0,"player_choice":"Forget","damage_taken":0,"max_hp_gain":0,"max_hp_loss":0,"event_name":"Living Wall","floor":5,"gold_loss":0},{"damage_healed":0,"gold_gain":0,"player_choice":"Opened","damage_taken":0,"relics_obtained":["Turnip"],"max_hp_gain":0,"max_hp_loss":0,"event_name":"The Mausoleum","floor":19,"gold_loss":0},{"damage_healed":0,"gold_gain":0,"player_choice":"Shed Blood","damage_taken":19,"max_hp_gain":5,"max_hp_loss":0,"event_name":"Forgotten Altar","floor":21,"gold_loss":0},{"damage_healed":0,"gold_gain":0,"player_choice":"Ignored","damage_taken":0,"max_hp_gain":0,"max_hp_loss":0,"event_name":"Ghosts","floor":24,"gold_loss":0}],"is_beta":true,"boss_relics":[{"not_picked":["Runic Pyramid","Ectoplasm"],"picked":"Busted Crown"}],"items_purged_floors":[30],"is_endless":false,"potions_floor_spawned":[4,12,14,22,23],"killed_by":"Champ","ascension_level":5}