{"gold_per_floor":[118,118,131,151,170,170,210,234,281,299,27,27,27,45,45,176,176,192,192,192,217,8,33,57,57,57,82,100,100,118,132,132,263,263,286,286,306,306,320,320,320,336,336,350,375,229,253,253],"floor_reached":48,"playtime":1654,"items_purged":[],"score":917,"play_id":"ed1ad71d-41a4-4057-9bff-ef278a12c629","local_time":"20181010151144","daily_mods":["Insanity","Hoarder","Binary"],"is_ascension_mode":false,"campfire_choices":[{"data":"Blood for Blood","floor":6,"key":"SMITH"},{"data":"Demon Form","floor":13,"key":"SMITH"},{"data":"Metallicize","floor":15,"key":"SMITH"},{"data":"Metallicize","floor":29,"key":"SMITH"},{"floor":32,"key":"REST"},{"data":"Limit Break","floor":40,"key":"SMITH"},{"data":"Limit Break","floor":41,"key":"SMITH"}],"neow_cost":"","seed_source_timestamp":1612802312981180,"circlet_count":0,"master_deck":["Reaper","Rampage","Power Through","Defend_R","Clash","Clash","Wild Strike","Defend_R","Defend_R","Offering","Defend_R","Searing Blow","Power Through","Berserk","Disarm","Warcry","Metallicize+1","Shrug It Off","Hemokinesis","Metallicize+1","Brutality","Impervious","Blood for Blood","Dropkick","Blood for Blood+1","Reaper","True Grit","Wild Strike","Dual Wield","Bludgeon","Perfected Strike","Havoc","Limit Break+1","Metallicize","Seeing Red","Perfected Strike","Warcry","True Grit","Dark Embrace","Fire Breathing","Anger","Demon Form+1","Sword Boomerang","Limit Break+1","Power Through","Power Through","Blood for Blood","Warcry","Hemokinesis","Ghostly Armor","Wild Strike","Wild Strike","Wild Strike","Carnage","Carnage","Carnage","Infernal Blade","Infernal Blade","Infernal Blade","Armaments","Armaments","Armaments","Headbutt","Headbutt","Headbutt","Cleave","Cleave","Cleave","Pommel Strike","Pommel Strike","Pommel Strike","Sword Boomerang","Sword Boomerang","Sword Boomerang","Brutality","Brutality","Brutality","Flex","Flex","Flex","Parasite","Parasite","Parasite","Spot Weakness","Spot Weakness","Spot Weakness","Cleave+1","Cleave+1","Cleave+1","Shrug It Off","Shrug It Off","Shrug It Off","Pain","Pain","Pain","Impervious","Impervious","Impervious","Quick Slash+1","Quick Slash+1","Quick Slash+1","Machine Learning","Machine Learning","Machine Learning","Riddle With Holes+1","Riddle With Holes+1","Riddle With Holes+1","Caltrops","Caltrops","Caltrops","Conserve Battery+1","Conserve Battery+1","Conserve Battery+1","Jack Of All Trades","Jack Of All Trades","Jack Of All Trades","Doubt","Doubt","Doubt","Mind Blast+1","Mind Blast+1","Mind Blast+1","Parasite","Parasite","Parasite","Footwork+1","Footwork+1","Footwork+1"],"relics":["Black Blood","Golden Idol","Sundial","Regal Pillow","Tiny Chest","Oddly Smooth Stone","Meat on the Bone","Cursed Key","Molten Egg 2","PrismaticShard","Bottled Tornado","WingedGreaves","NlothsMask","Pen Nib","Vajra"],"potions_floor_usage":[30,31,33,44],"damage_taken":[{"damage":2,"enemies":"Small Slimes","floor":1,"turns":2},{"damage":0,"enemies":"2 Louse","floor":3,"turns":1},{"damage":0,"enemies":"Jaw Worm","floor":4,"turns":2},{"damage":43,"enemies":"Gremlin Gang","floor":5,"turns":3},{"damage":0,"enemies":"Gremlin Nob","floor":7,"turns":3},{"damage":16,"enemies":"Exordium Thugs","floor":8,"turns":3},{"damage":9,"enemies":"3 Louse","floor":10,"turns":3},{"damage":7,"enemies":"Blue Slaver","floor":14,"turns":3},{"damage":0,"enemies":"Slime Boss","floor":16,"turns":7},{"damage":9,"enemies":"Shell Parasite","floor":18,"turns":3},{"damage":15,"enemies":"Spheric Guardian","floor":21,"turns":3},{"damage":32,"enemies":"Snake Plant","floor":23,"turns":3},{"damage":14,"enemies":"Shelled Parasite and Fungi","floor":24,"turns":5},{"damage":25,"enemies":"3 Cultists","floor":27,"turns":5},{"damage":35,"enemies":"Cultist and Chosen","floor":28,"turns":5},{"damage":38,"enemies":"Shelled Parasite and Fungi","floor":30,"turns":5},{"damage":8,"enemies":"3 Cultists","floor":31,"turns":5},{"damage":102,"enemies":"Collector","floor":33,"turns":8},{"damage":21,"enemies":"3 Darklings","floor":35,"turns":4},{"damage":45,"enemies":"Mind Bloom Boss Battle","floor":36,"turns":7},{"damage":12,"enemies":"Orb Walker","floor":37,"turns":2},{"damage":27,"enemies":"3 Darklings","floor":39,"turns":4},{"damage":32,"enemies":"Maw","floor":42,"turns":9},{"damage":49,"enemies":"Sphere and 2 Shapes","floor":44,"turns":5},{"damage":0,"enemies":"Spire Growth","floor":47,"turns":1},{"damage":63,"enemies":"Transient","floor":48,"turns":5}],"seed_played":"6044146435856067833","potions_obtained":[{"floor":1,"key":"Block Potion"},{"floor":3,"key":"Block Potion"},{"floor":4,"key":"SkillPotion"},{"floor":30,"key":"SneckoOil"},{"floor":31,"key":"SpeedPotion"},{"floor":33,"key":"Swift Potion"}],"is_trial":true,"path_per_floor":["M","?","M","M","M","R","E","M","T","M","$","?","R","M","R","B",null,"M","T","?","M","$","M","M","?","T","M","M","R","M","M","R","B",null,"M","?","M","?","M","R","R","M","T","M","T","$","M"],"character_chosen":"IRONCLAD","items_purchased":["Tiny Chest","Oddly Smooth Stone","PrismaticShard","Vajra"],"campfire_rested":1,"item_purchase_floors":[11,11,22,46],"current_hp_per_floor":[80,60,66,72,51,51,57,55,55,60,60,53,53,52,52,58,80,77,77,77,68,68,54,53,80,80,73,47,47,27,37,76,48,80,69,59,57,57,52,52,52,49,49,53,53,53,63,0],"gold":253,"neow_bonus":"","is_prod":false,"is_daily":false,"chose_seed":false,"campfire_upgraded":6,"win_rate":0,"timestamp":1539198704,"path_taken":["M","?","M","?","M","R","E","M","T","?","$","?","R","?","R","BOSS","M","?","?","M","$","M","M","?","T","?","?","R","?","M","R","BOSS","M","?","?","?","?","R","R","M","T","?","?","$","M","M"],"build_version":"2018-10-04v2","purchased_purges":0,"victory":false,"max_hp_per_floor":[80,80,80,80,80,80,80,80,80,80,80,80,80,80,80,80,80,80,80,80,80,80,80,80,80,80,80,80,80,80,80,80,80,80,80,80,80,80,80,80,80,80,80,80,80,80,80,80],"card_choices":[{"not_picked":["Evolve"],"picked":"Wild Strike","floor":1},{"not_picked":["Clash"],"picked":"Carnage","floor":3},{"not_picked":["Ghostly Armor"],"picked":"Infernal Blade","floor":4},{"not_picked":["Carnage"],"picked":"Armaments","floor":5},{"not_picked":["Havoc"],"picked":"Headbutt","floor":7},{"not_picked":["Reckless Charge"],"picked":"Cleave","floor":8},{"not_picked":["Heavy Blade"],"picked":"Pommel Strike","floor":10},{"not_picked":["Power Through"],"picked":"Sword Boomerang","floor":14},{"not_picked":["Limit Break"],"picked":"Brutality","floor":16},{"not_picked":["Power Through"],"picked":"Flex","floor":18},{"not_picked":["Body Slam+1","Entrench"],"picked":"SKIP","floor":21},{"not_picked":["Trip"],"picked":"Cleave+1","floor":23},{"not_picked":["Skim"],"picked":"Shrug It Off","floor":24},{"not_picked":["Reinforced Body","Steam+1"],"picked":"SKIP","floor":27},{"not_picked":["Twin Strike+1"],"picked":"Impervious","floor":28},{"not_picked":["Redo"],"picked":"Quick Slash+1","floor":30},{"not_picked":["Dodge and Roll","Entrench"],"picked":"SKIP","floor":31},{"not_picked":["Doppelganger"],"picked":"Machine Learning","floor":33},{"not_picked":["Twin Strike+1"],"picked":"Riddle With Holes+1","floor":35},{"not_picked":["Poisoned Stab+1"],"picked":"Caltrops","floor":36},{"not_picked":["Heavy Blade+1","Compile Driver+1"],"picked":"SKIP","floor":37},{"not_picked":["Shockwave"],"picked":"Conserve Battery+1","floor":39},{"not_picked":["Clash+1"],"picked":"Jack Of All Trades","floor":42},{"not_picked":["Endless Agony+1"],"picked":"Mind Blast+1","floor":44},{"not_picked":["Capacitor"],"picked":"Footwork+1","floor":47}],"player_experience":212202,"relics_obtained":[{"floor":7,"key":"Sundial"},{"floor":9,"key":"Regal Pillow"},{"floor":19,"key":"Molten Egg 2"},{"floor":26,"key":"Bottled Tornado"},{"floor":36,"key":"WingedGreaves"},{"floor":45,"key":"Pen Nib"}],"event_choices":[{"event_name":"Golden Idol","player_choice":"Take Damage","floor":2,"damage_taken":0},{"event_name":"Scrap Ooze","player_choice":"success","floor":12,"damage_taken":7},{"event_name":"The Library","player_choice":"Read","floor":20,"damage_taken":0},{"event_name":"Wheel of Change","player_choice":"Full Heal","floor":25,"damage_taken":0},{"event_name":"MindBloom","player_choice":"Fight","floor":36,"damage_taken":0},{"event_name":"FaceTrader","player_choice":"Trade","floor":38,"damage_taken":0}],"is_beta":false,"boss_relics":[{"not_picked":["Coffee Dripper","Runic Cube"],"picked":"Cursed Key"},{"not_picked":["Runic Dome","Astrolabe"],"picked":"Black Blood"}],"items_purged_floors":[],"is_endless":false,"potions_floor_spawned":[1,3,4,8,10,14,21,24,30,31,33,35,37,39],"killed_by":"Transient","ascension_level":0}