{"gold_per_floor":[109,127,52,70,70,70,88,88,112,132,152,163,163,63,63,159,159,177,52,63,81,92,92,92,92,92,92,103,103],"floor_reached":29,"playtime":892,"items_purged":["Strike_R","Strike_R","Strike_R"],"score":217,"play_id":"8b20cdfc-5736-4514-a169-abe7c5089be4","local_time":"20190927221325","is_ascension_mode":false,"campfire_choices":[{"data":"Armaments","floor":6.0,"key":"SMITH"},{"data":"Bash","floor":8.0,"key":"SMITH"},{"data":"Dropkick","floor":13.0,"key":"SMITH"},{"floor":15.0,"key":"REST"},{"data":"Searing Blow","floor":23.0,"key":"SMITH"},{"data":"Searing Blow+1","floor":25.0,"key":"SMITH"}],"neow_cost":"NONE","seed_source_timestamp":1150917501355800,"circlet_count":0,"master_deck":["Strike_R","Strike_R","Defend_R","Defend_R","Defend_R","Defend_R","Bash+1","Armaments+1","Dropkick+1","Havoc","Searing Blow+2"],"special_seed":0,"relics":["Sozu"],"potions_floor_usage":[],"damage_taken":[{"damage":6.0,"enemies":"Cultist","floor":1.0,"turns":3.0},{"damage":0.0,"enemies":"2 Louse","floor":2.0,"turns":2.0},{"damage":3.0,"enemies":"Small Slimes","floor":4.0,"turns":3.0},{"damage":4.0,"enemies":"Exordium Wildlife","floor":7.0,"turns":4.0},{"damage":10.0,"enemies":"Looter","floor":10.0,"turns":2.0},{"damage":19.0,"enemies":"The Mushroom Lair","floor":11.0,"turns":5.0},{"damage":1.0,"enemies":"Gremlin Gang","floor":12.0,"turns":6.0},{"damage":50.0,"enemies":"Hexaghost","floor":16.0,"turns":10.0},{"damage":0.0,"enemies":"Shell Parasite","floor":18.0,"turns":6.0},{"damage":22.0,"enemies":"Spheric Guardian","floor":20.0,"turns":8.0},{"damage":6.0,"enemies":"Centurion and Healer","floor":21.0,"turns":8.0},{"damage":5.0,"enemies":"Snecko","floor":22.0,"turns":5.0},{"damage":11.0,"enemies":"Snake Plant","floor":28.0,"turns":3.0},{"damage":25,"enemies":"Sentry and Sphere","floor":29,"turns":5}],"seed_played":"7330036562170667218","potions_obtained":[],"is_trial":false,"path_per_floor":["M","M","$","M","$","R","M","R","T","M","?","M","R","$","R","B",null,"M","$","M","M","M","R","?","R","T","?","M","M"],"character_chosen":"IRONCLAD","items_purchased":[],"campfire_rested":1,"item_purchase_floors":[],"current_hp_per_floor":[74,74,74,71,71,71,67,67,67,57,38,37,37,37,61,11,80,80,80,58,52,47,47,47,47,47,32,21,0],"gold":103,"neow_bonus":"BOSS_RELIC","is_prod":false,"is_daily":false,"chose_seed":false,"campfire_upgraded":5,"win_rate":0,"timestamp":1569615205,"path_taken":["M","M","$","M","$","R","M","R","T","?","?","M","R","$","R","BOSS","M","$","M","M","M","R","?","R","T","?","M","M"],"build_version":"2019-09-27","purchased_purges":3,"victory":false,"max_hp_per_floor":[80,80,80,80,80,80,80,80,80,80,80,80,80,80,80,80,80,80,80,80,80,80,80,80,80,80,85,85,85],"card_choices":[{"not_picked":["Burning Pact","Combust"],"picked":"Armaments","floor":1.0},{"not_picked":["Warcry","Entrench","Combust"],"picked":"SKIP","floor":2.0},{"not_picked":["Headbutt","Uppercut","Sever Soul"],"picked":"SKIP","floor":4.0},{"not_picked":["Battle Trance","Burning Pact","Heavy Blade"],"picked":"SKIP","floor":7.0},{"not_picked":["Blood for Blood","Rampage","Brutality"],"picked":"SKIP","floor":10.0},{"not_picked":["Body Slam","Perfected Strike"],"picked":"Dropkick","floor":12.0},{"not_picked":["Sword Boomerang","Infernal Blade"],"picked":"Havoc","floor":18.0},{"not_picked":["Clash","Twin Strike","Wild Strike"],"picked":"SKIP","floor":20.0},{"not_picked":["Flame Barrier","Ghostly Armor"],"picked":"Searing Blow","floor":21.0},{"not_picked":["Sever Soul","Ghostly Armor","Cleave+1"],"picked":"SKIP","floor":22.0},{"not_picked":["Clash+1","Flex","Carnage"],"picked":"SKIP","floor":28.0}],"player_experience":312240,"relics_obtained":[],"event_choices":[{"damage_healed":0.0,"max_hp_gain":0.0,"max_hp_loss":0.0,"gold_gain":0.0,"event_name":"Mushrooms","player_choice":"Fought Mushrooms","floor":11.0,"gold_loss":0.0,"damage_taken":0.0},{"damage_healed":0.0,"max_hp_gain":0.0,"max_hp_loss":0.0,"gold_gain":0.0,"event_name":"Cursed Tome","player_choice":"Ignored","floor":24.0,"gold_loss":0.0,"damage_taken":0.0},{"damage_healed":0.0,"max_hp_gain":5.0,"max_hp_loss":0.0,"gold_gain":0.0,"event_name":"Forgotten Altar","player_choice":"Shed Blood","floor":27.0,"gold_loss":0.0,"damage_taken":20.0}],"is_beta":true,"boss_relics":[{"not_picked":["Black Star","Ectoplasm","Calling Bell"]}],"items_purged_floors":[3,14,19],"is_endless":false,"potions_floor_spawned":[1,4,7,18,21,22],"killed_by":"Sentry and Sphere","ascension_level":0}