{"gold_per_floor":[118,68,68,143,243,243,266,285,285,285,348,366,366,381,381,381],"floor_reached":16,"playtime":357,"items_purged":[],"score":98,"play_id":"cff9e528-659b-4bd4-b143-f9c25b6cb19e","local_time":"20181012105540","is_ascension_mode":false,"campfire_choices":[{"data":"Twin Strike","floor":6,"key":"SMITH"},{"data":"Bash","floor":10,"key":"SMITH"},{"floor":15,"key":"REST"}],"neow_cost":"NONE","seed_source_timestamp":154116589259937,"circlet_count":0,"master_deck":["Strike_R","Strike_R","Strike_R","Strike_R","Defend_R","Defend_R","Defend_R","Defend_R","Bash+1","Twin Strike+1"],"relics":["Burning Blood","Juzu Bracelet","Odd Mushroom","Bag of Marbles","Tiny Chest","Golden Idol"],"potions_floor_usage":[16],"damage_taken":[{"damage":15,"enemies":"Jaw Worm","floor":1,"turns":7},{"damage":27,"enemies":"The Mushroom Lair","floor":7,"turns":6},{"damage":0,"enemies":"Small Slimes","floor":8,"turns":3},{"damage":26,"enemies":"Lagavulin","floor":11,"turns":5},{"damage":1,"enemies":"Cultist","floor":12,"turns":4},{"damage":5,"enemies":"3 Louse","floor":14,"turns":3},{"damage":88,"enemies":"The Guardian","floor":16,"turns":13}],"seed_played":"-5680367256960544769","potions_obtained":[{"floor":8,"key":"FairyPotion"},{"floor":11,"key":"SpeedPotion"},{"floor":14,"key":"Dexterity Potion"}],"is_trial":false,"path_per_floor":["M","?","$","?","?","R","?","M","T","R","E","M","?","M","R"],"character_chosen":"IRONCLAD","items_purchased":[],"campfire_rested":1,"item_purchase_floors":[],"current_hp_per_floor":[71,71,71,60,60,60,39,45,45,45,25,30,30,31,53,0],"gold":381,"neow_bonus":"RANDOM_COMMON_RELIC","is_prod":false,"is_daily":false,"chose_seed":false,"campfire_upgraded":2,"win_rate":0,"timestamp":1539356140,"path_taken":["M","?","?","?","?","R","?","M","T","R","E","M","?","M","R","BOSS"],"build_version":"2018-10-11","purchased_purges":0,"victory":false,"max_hp_per_floor":[80,80,80,80,80,80,80,80,80,80,80,80,74,74,74,74],"card_choices":[{"not_picked":["Thunderclap","Reckless Charge"],"picked":"Twin Strike","floor":1},{"not_picked":["Havoc","Berserk","Wild Strike"],"picked":"SKIP","floor":8},{"not_picked":["Dual Wield","Evolve","Blood for Blood"],"picked":"SKIP","floor":11},{"not_picked":["Perfected Strike","Anger","Flex"],"picked":"SKIP","floor":12},{"not_picked":["Berserk","Twin Strike","Clash"],"picked":"SKIP","floor":14}],"player_experience":234659,"relics_obtained":[{"floor":7,"key":"Odd Mushroom"},{"floor":9,"key":"Bag of Marbles"},{"floor":11,"key":"Tiny Chest"}],"event_choices":[{"event_name":"The Cleric","player_choice":"Card Removal","floor":2,"damage_taken":0},{"event_name":"World of Goop","player_choice":"Gather Gold","floor":4,"damage_taken":0},{"event_name":"Golden Shrine","player_choice":"Pray","floor":5,"damage_taken":0},{"event_name":"Mushrooms","player_choice":"Fought Mushrooms","floor":7,"damage_taken":0},{"event_name":"Golden Idol","player_choice":"Lose Max HP","floor":13,"damage_taken":0}],"is_beta":false,"boss_relics":[],"items_purged_floors":[],"is_endless":false,"potions_floor_spawned":[8,11,14],"killed_by":"The Guardian","ascension_level":0}