{"gold_per_floor":[114,128,140,240,251,145,160,127,127,162,162,195,209,219,219,324,324,299,299,316],"floor_reached":20,"playtime":4186,"items_purged":[],"score":188,"play_id":"073ed272-25a5-4deb-aebf-bff130068fd8","local_time":"20190809000122","is_ascension_mode":false,"campfire_choices":[{"floor":11,"key":"REST"},{"floor":15,"key":"REST"}],"neow_cost":"NONE","seed_source_timestamp":5918867092400,"circlet_count":0,"master_deck":["Strike_G","Strike_G","Strike_G","Strike_G","Strike_G","Defend_G","Defend_G","Defend_G","Defend_G","Defend_G","Survivor","Neutralize+1","Sucker Punch","Poisoned Stab","Riddle With Holes","Choke","Leg Sweep","Infinite Blades","Flechettes","Catalyst","Bullet Time","Crippling Poison","Distraction","Quick Slash","Tools of the Trade","Acrobatics"],"relics":["Ring of the Snake","Strawberry","Smiling Mask","Bottled Tornado","White Beast Statue"],"potions_floor_usage":[10,10,12,16,16,16,20],"damage_taken":[{"damage":6,"enemies":"2 Louse","floor":1,"turns":3},{"damage":1,"enemies":"Cultist","floor":2,"turns":4},{"damage":7,"enemies":"Small Slimes","floor":3,"turns":3},{"damage":16,"enemies":"2 Fungi Beasts","floor":5,"turns":3},{"damage":6,"enemies":"Lots of Slimes","floor":7,"turns":6},{"damage":14,"enemies":"Gremlin Nob","floor":10,"turns":4},{"damage":30,"enemies":"3 Sentries","floor":12,"turns":7},{"damage":12,"enemies":"Looter","floor":13,"turns":3},{"damage":6,"enemies":"Large Slime","floor":14,"turns":3},{"damage":38,"enemies":"Slime Boss","floor":16,"turns":13},{"damage":39,"enemies":"2 Thieves","floor":18,"turns":5},{"damage":24,"enemies":"3 Byrds","floor":20,"turns":6}],"seed_played":"-4029139977996348185","potions_obtained":[{"floor":2,"key":"Swift Potion"},{"floor":3,"key":"PowerPotion"},{"floor":5,"key":"SteroidPotion"},{"floor":12,"key":"SpeedPotion"},{"floor":14,"key":"EntropicBrew"},{"floor":18,"key":"PowerPotion"},{"floor":20,"key":"Poison Potion"}],"is_trial":false,"path_per_floor":["M","M","M","?","M","$","M","?","T","E","R","E","M","M","R","B",null,"M","?","M"],"character_chosen":"THE_SILENT","items_purchased":["Infinite Blades","Flechettes"],"campfire_rested":2,"item_purchase_floors":[6,6],"current_hp_per_floor":[64,63,56,56,40,40,34,34,41,27,50,20,8,2,25,2,77,38,38,14],"gold":316,"neow_bonus":"THREE_CARDS","is_prod":false,"is_daily":false,"chose_seed":false,"campfire_upgraded":0,"win_rate":0,"timestamp":1565326882,"path_taken":["M","M","M","?","M","?","M","?","T","E","R","E","M","M","R","BOSS","M","?","M"],"build_version":"2019-07-05","purchased_purges":0,"victory":false,"max_hp_per_floor":[70,70,70,70,70,70,70,70,77,77,77,77,77,77,77,77,77,77,77,77],"card_choices":[{"not_picked":["Slice","Blade Dance"],"picked":"Sucker Punch","floor":0},{"not_picked":["Prepared","All Out Attack"],"picked":"Poisoned Stab","floor":1},{"not_picked":["Distraction","Slice"],"picked":"Riddle With Holes","floor":2},{"not_picked":["Deadly Poison","Prepared"],"picked":"Choke","floor":3},{"not_picked":["Dodge and Roll","Sucker Punch"],"picked":"Leg Sweep","floor":5},{"not_picked":["Flechettes","Deflect"],"picked":"Catalyst","floor":7},{"not_picked":["Deflect","Poisoned Stab"],"picked":"Bullet Time","floor":10},{"not_picked":["Escape Plan","Sucker Punch"],"picked":"Crippling Poison","floor":12},{"not_picked":["Catalyst","Outmaneuver"],"picked":"Distraction","floor":13},{"not_picked":["Sucker Punch","Cloak And Dagger"],"picked":"Quick Slash","floor":14},{"not_picked":["Phantasmal Killer","Venomology"],"picked":"Tools of the Trade","floor":16},{"not_picked":["Poisoned Stab","Quick Slash"],"picked":"Acrobatics","floor":18}],"player_experience":206503,"relics_obtained":[{"floor":9,"key":"Strawberry"},{"floor":10,"key":"Smiling Mask"},{"floor":12,"key":"Bottled Tornado"}],"event_choices":[{"damage_healed":0,"gold_gain":100,"player_choice":"Pray","damage_taken":0,"max_hp_gain":0,"max_hp_loss":0,"event_name":"Golden Shrine","floor":4,"gold_loss":0},{"damage_healed":0,"gold_gain":0,"player_choice":"Left Gold","damage_taken":0,"max_hp_gain":0,"max_hp_loss":0,"event_name":"World of Goop","floor":8,"gold_loss":33},{"damage_healed":0,"gold_gain":0,"player_choice":"Upgraded","damage_taken":0,"max_hp_gain":0,"max_hp_loss":0,"event_name":"Upgrade Shrine","floor":19,"gold_loss":0,"cards_upgraded":["Neutralize"]}],"is_beta":false,"boss_relics":[{"not_picked":["Fusion Hammer","Coffee Dripper"],"picked":"White Beast Statue"}],"items_purged_floors":[],"is_endless":false,"potions_floor_spawned":[2,3,5,12,14,18,20],"killed_by":"3 Byrds","ascension_level":0}