{"gold_per_floor":[109,109,125,135,155,183,183,358,358,358,54,84,84,97,97,194,194,212,212,193,14,14],"floor_reached":22,"playtime":1300,"items_purged":["Defend_R","Defend_R"],"score":248,"play_id":"30939b52-2f9d-4758-a304-cc4bb1d0a9fe","local_time":"20190914040030","is_ascension_mode":true,"campfire_choices":[{"data":"Demon Form","floor":7,"key":"SMITH"},{"data":"Armaments","floor":10,"key":"SMITH"},{"data":"True Grit","floor":13,"key":"SMITH"},{"data":"Heavy Blade","floor":15,"key":"SMITH"}],"neow_cost":"NONE","seed_source_timestamp":217725258382900,"circlet_count":0,"master_deck":["Defend_R","Bash","True Grit+1","Armaments+1","Clothesline","Heavy Blade+1","Demon Form+1","Rampage","Fiend Fire","Spot Weakness","Dark Embrace","Thunderclap","Bite","Bite","Bite","Bite","Bite","Searing Blow"],"relics":["Burning Blood","Omamori","Mango","White Beast Statue","Bag of Marbles","Pantograph","Empty Cage"],"potions_floor_usage":[6,14,16,16,16,18,18,22,22],"damage_taken":[{"damage":7,"enemies":"2 Louse","floor":1,"turns":3},{"damage":7,"enemies":"Jaw Worm","floor":3,"turns":4},{"damage":1,"enemies":"Small Slimes","floor":4,"turns":4},{"damage":0,"enemies":"2 Fungi Beasts","floor":5,"turns":4},{"damage":32,"enemies":"Gremlin Nob","floor":6,"turns":4},{"damage":21,"enemies":"Lagavulin","floor":12,"turns":7},{"damage":0,"enemies":"Looter","floor":14,"turns":2},{"damage":22,"enemies":"Slime Boss","floor":16,"turns":7},{"damage":60,"enemies":"3 Byrds","floor":18,"turns":6},{"damage":28,"enemies":"2 Thieves","floor":20,"turns":4},{"damage":29,"enemies":"Snake Plant","floor":22,"turns":3}],"seed_played":"-9168739598814270299","potions_obtained":[{"floor":1,"key":"Poison Potion"},{"floor":3,"key":"SkillPotion"},{"floor":12,"key":"EntropicBrew"},{"floor":14,"key":"PowerPotion"},{"floor":16,"key":"Explosive Potion"},{"floor":18,"key":"SteroidPotion"},{"floor":20,"key":"AttackPotion"}],"is_trial":false,"path_per_floor":["M","?","M","M","M","E","R","?","T","R","$","E","R","M","R","B",null,"M","?","M","$","M"],"character_chosen":"IRONCLAD","items_purchased":["Bag of Marbles","Rampage","Searing Blow"],"campfire_rested":0,"item_purchase_floors":[11,11,21],"current_hp_per_floor":[79,79,78,80,80,68,68,68,68,68,68,53,53,59,59,68,94,40,40,24,24,0],"gold":14,"neow_bonus":"RANDOM_COMMON_RELIC","is_prod":false,"is_daily":false,"chose_seed":false,"campfire_upgraded":4,"win_rate":0,"timestamp":1568451630,"path_taken":["M","?","M","M","M","E","R","?","T","R","$","E","R","M","R","BOSS","M","?","M","$","M"],"build_version":"2019-09-12","purchased_purges":2,"victory":false,"max_hp_per_floor":[80,80,80,80,80,94,94,94,94,94,94,94,94,94,94,94,94,94,65,65,65,65],"card_choices":[{"not_picked":["Infernal Blade","Feel No Pain"],"picked":"True Grit","floor":1},{"not_picked":["Body Slam","Havoc"],"picked":"Armaments","floor":3},{"not_picked":["Bloodletting","Havoc"],"picked":"Clothesline","floor":4},{"not_picked":["Armaments","Warcry"],"picked":"Heavy Blade","floor":5},{"not_picked":["True Grit","Combust"],"picked":"Demon Form","floor":6},{"not_picked":["Sever Soul","Cleave"],"picked":"Fiend Fire","floor":12},{"not_picked":["Clothesline","Seeing Red"],"picked":"Spot Weakness","floor":14},{"not_picked":["Juggernaut","Offering"],"picked":"Dark Embrace","floor":16},{"not_picked":["Warcry","Searing Blow"],"picked":"Thunderclap","floor":18},{"not_picked":["Warcry","Perfected Strike","Reckless Charge"],"picked":"SKIP","floor":20}],"player_experience":558851,"relics_obtained":[{"floor":6,"key":"Mango"},{"floor":9,"key":"White Beast Statue"},{"floor":12,"key":"Pantograph"}],"event_choices":[{"damage_healed":0,"gold_gain":0,"player_choice":"Ignored","damage_taken":0,"max_hp_gain":0,"max_hp_loss":0,"event_name":"Shining Light","floor":2,"gold_loss":0},{"damage_healed":0,"gold_gain":175,"player_choice":"AGREE","damage_taken":0,"max_hp_gain":0,"max_hp_loss":0,"event_name":"Liars Game","floor":8,"gold_loss":0,"cards_obtained":["Doubt"]},{"damage_healed":0,"gold_gain":0,"player_choice":"Became a vampire","damage_taken":0,"max_hp_gain":0,"max_hp_loss":29,"event_name":"Vampires","floor":19,"gold_loss":0,"cards_obtained":["Bite","Bite","Bite","Bite","Bite"]}],"is_beta":true,"boss_relics":[{"not_picked":["Tiny House","Black Star"],"picked":"Empty Cage"}],"items_purged_floors":[11,21],"is_endless":false,"potions_floor_spawned":[1,3,12,14,16,18,20],"killed_by":"Snake Plant","ascension_level":3}