{"gold_per_floor":[112,37,37,37,37,65,240,240,312,312,141,141,152,184,184,285,285,302,302,401,120,120,132,132,146,146,164,199,213,225,560,560,655,655,672,686,686,701,27,27,0,0,27,56,72,106,106,106,106,106],"floor_reached":50,"playtime":1950,"items_purged":["Accuracy","Regret","Caltrops","Defend_G"],"score":719,"play_id":"6d6dc1f1-31c3-4eb0-8738-9ef092a30d68","local_time":"20181020151211","daily_mods":["Insanity","Time Dilation","Binary"],"is_ascension_mode":false,"campfire_choices":[{"data":"Backstab","floor":10.0,"key":"SMITH"},{"data":"Backstab","floor":12.0,"key":"SMITH"},{"floor":15.0,"key":"REST"},{"data":"Noxious Fumes","floor":24.0,"key":"SMITH"},{"floor":32.0,"key":"REST"},{"data":"Envenom","floor":40.0,"key":"SMITH"},{"data":"Tools of the Trade","floor":42.0,"key":"SMITH"},{"floor":47.0,"key":"REST"},{"floor":49.0,"key":"REST"}],"neow_cost":"","seed_source_timestamp":0,"circlet_count":0,"master_deck":["Sucker Punch","Phantasmal Killer","A Thousand Cuts","Backstab+1","PiercingWail","Distraction","Endless Agony","Tools of the Trade+1","Storm of Steel","Backflip","Slice","Survivor","Eviscerate","Riddle With Holes","Well Laid Plans","Glass Knife+1","Slice","Finisher","Flying Knee","Endless Agony","Leg Sweep","PiercingWail","Glass Knife","Backflip","Expertise","Finisher","Dash","Flechettes","Sucker Punch","Predator","Slice+1","A Thousand Cuts","Venomology","Dodge and Roll","Blade Dance","PiercingWail","Skewer","Slice","Neutralize","Defend_G","All Out Attack","Riddle With Holes","Underhanded Strike","Backstab+1","Envenom+1","Unload","Venomology","Poisoned Stab","Deadly Poison","Noxious Fumes+1","Infinite Blades","Shame"],"special_seed":0,"relics":["Ring of the Snake","Dream Catcher","Gremlin Horn","Ancient Tea Set","Matryoshka","Happy Flower","Busted Crown","Whetstone","Snake Skull","Mummified Hand","Potion Belt","Old Coin","Cursed Key","ClockworkSouvenir","Ninja Scroll","Red Mask","Juzu Bracelet","Bronze Scales","Vajra","Frozen Egg 2"],"potions_floor_usage":[50,50,50,50],"damage_taken":[{"damage":0.0,"enemies":"2 Louse","floor":1.0,"turns":1.0},{"damage":0.0,"enemies":"Gremlin Nob","floor":6.0,"turns":2.0},{"damage":0.0,"enemies":"Cultist","floor":13.0,"turns":1.0},{"damage":6.0,"enemies":"3 Sentries","floor":14.0,"turns":5.0},{"damage":25.0,"enemies":"Hexaghost","floor":16.0,"turns":9.0},{"damage":0.0,"enemies":"2 Thieves","floor":18.0,"turns":1.0},{"damage":0.0,"enemies":"Spheric Guardian","floor":23.0,"turns":2.0},{"damage":0.0,"enemies":"Cultist and Chosen","floor":25.0,"turns":4.0},{"damage":0.0,"enemies":"3 Cultists","floor":27.0,"turns":4.0},{"damage":0.0,"enemies":"Gremlin Leader","floor":28.0,"turns":2.0},{"damage":5.0,"enemies":"Shelled Parasite and Fungi","floor":29.0,"turns":2.0},{"damage":0.0,"enemies":"Chosen and Byrds","floor":30.0,"turns":2.0},{"damage":41.0,"enemies":"Book of Stabbing","floor":31.0,"turns":3.0},{"damage":44.0,"enemies":"Automaton","floor":33.0,"turns":8.0},{"damage":20.0,"enemies":"3 Darklings","floor":35.0,"turns":4.0},{"damage":0.0,"enemies":"Orb Walker","floor":36.0,"turns":1.0},{"damage":9.0,"enemies":"Transient","floor":38.0,"turns":5.0},{"damage":20.0,"enemies":"Reptomancer","floor":44.0,"turns":5.0},{"damage":12.0,"enemies":"Writhing Mass","floor":45.0,"turns":3.0},{"damage":0.0,"enemies":"Nemesis","floor":46.0,"turns":3.0},{"damage":67,"enemies":"Time Eater","floor":50,"turns":4}],"seed_played":"-6454492374678865145","potions_obtained":[{"floor":1.0,"key":"Weak Potion"},{"floor":13.0,"key":"SkillPotion"},{"floor":23.0,"key":"LiquidBronze"},{"floor":28.0,"key":"LiquidBronze"},{"floor":29.0,"key":"GhostInAJar"},{"floor":31.0,"key":"Explosive Potion"},{"floor":46.0,"key":"GhostInAJar"}],"is_trial":true,"path_per_floor":["M","$","?","$","?","E","?","?","T","R","$","R","M","E","R","B",null,"M","?","?","$","?","M","R","M","T","M","E","M","M","E","R","B",null,"M","M","?","M","$","R","?","R","T","E","M","E","R","?","R"],"character_chosen":"THE_SILENT","items_purchased":["Caltrops","Whetstone","ClockworkSouvenir","Ninja Scroll","Infinite Blades"],"campfire_rested":4,"item_purchase_floors":[11,21,39,39,39],"current_hp_per_floor":[70,70,70,70,70,70,70,45,45,45,45,45,45,39,60,35,70,70,70,70,70,70,70,70,70,70,70,70,65,65,24,45,1,70,50,50,50,41,41,41,41,41,41,21,9,9,30,30,51,0],"gold":106,"neow_bonus":"","is_prod":false,"is_daily":false,"chose_seed":false,"campfire_upgraded":5,"win_rate":0,"timestamp":1540062731,"path_taken":["M","$","?","$","?","E","?","?","T","R","$","R","?","E","R","BOSS","M","?","?","$","?","M","R","M","T","M","E","M","M","E","R","BOSS","M","M","?","?","$","R","?","R","T","E","M","E","R","?","R","BOSS"],"build_version":"2018-10-18","purchased_purges":4,"victory":false,"max_hp_per_floor":[70,70,70,70,70,70,70,70,70,70,70,70,70,70,70,70,70,70,70,70,70,70,70,70,70,70,70,70,70,70,70,70,70,70,70,70,70,70,70,70,70,70,70,70,70,70,70,70,70,70],"card_choices":[{"not_picked":["Concentrate"],"picked":"Poisoned Stab","floor":1.0},{"not_picked":["Slice","Blade Dance"],"picked":"SKIP","floor":6.0},{"not_picked":["Dodge and Roll"],"picked":"Deadly Poison","floor":13.0},{"not_picked":["Phantasmal Killer","Deflect"],"picked":"SKIP","floor":14.0}],"player_experience":242950,"relics_obtained":[{"floor":6.0,"key":"Gremlin Horn"},{"floor":9.0,"key":"Matryoshka"},{"floor":14.0,"key":"Happy Flower"},{"floor":26.0,"key":"Snake Skull"},{"floor":26.0,"key":"Mummified Hand"},{"floor":28.0,"key":"Potion Belt"},{"floor":31.0,"key":"Old Coin"},{"floor":43.0,"key":"Juzu Bracelet"},{"floor":43.0,"key":"Bronze Scales"},{"floor":44.0,"key":"Vajra"},{"floor":46.0,"key":"Frozen Egg 2"}],"event_choices":[{"cards_removed":["Strike_G"],"damage_healed":0.0,"max_hp_gain":0.0,"max_hp_loss":0.0,"gold_gain":0.0,"event_name":"Purifier","player_choice":"Purged","floor":3.0,"gold_loss":0.0,"damage_taken":0.0},{"damage_healed":0.0,"max_hp_gain":0.0,"max_hp_loss":0.0,"gold_gain":0.0,"event_name":"Big Fish","player_choice":"Box","floor":5.0,"gold_loss":0.0,"damage_taken":0.0,"relics_obtained":["Dream Catcher"],"cards_obtained":["Regret"]},{"damage_healed":0.0,"max_hp_gain":0.0,"max_hp_loss":0.0,"gold_gain":175.0,"event_name":"Liars Game","player_choice":"AGREE","floor":7.0,"gold_loss":0.0,"damage_taken":0.0,"cards_obtained":["Doubt"]},{"damage_healed":0.0,"max_hp_gain":0.0,"max_hp_loss":0.0,"gold_gain":0.0,"event_name":"Scrap Ooze","player_choice":"Success","floor":8.0,"gold_loss":0.0,"damage_taken":25.0,"relics_obtained":["Ancient Tea Set"]},{"damage_healed":0.0,"max_hp_gain":0.0,"max_hp_loss":0.0,"gold_gain":0.0,"event_name":"The Library","player_choice":"Read","floor":19.0,"gold_loss":0.0,"damage_taken":0.0,"cards_obtained":["Noxious Fumes"]},{"damage_healed":0.0,"max_hp_gain":0.0,"max_hp_loss":0.0,"gold_gain":99.0,"event_name":"Nest","player_choice":"Stole From Cult","floor":20.0,"gold_loss":0.0,"damage_taken":0.0},{"cards_removed":["Doubt"],"damage_healed":0.0,"max_hp_gain":0.0,"max_hp_loss":0.0,"gold_gain":0.0,"event_name":"Back to Basics","player_choice":"Elegance","floor":22.0,"gold_loss":0.0,"damage_taken":0.0},{"damage_healed":0.0,"max_hp_gain":0.0,"max_hp_loss":0.0,"gold_gain":0.0,"event_name":"SensoryStone","player_choice":"Memory 1","floor":37.0,"gold_loss":0.0,"damage_taken":0.0},{"damage_healed":0.0,"max_hp_gain":0.0,"max_hp_loss":0.0,"gold_gain":0.0,"event_name":"Tomb of Lord Red Mask","player_choice":"Paid","floor":41.0,"gold_loss":27.0,"damage_taken":0.0,"relics_obtained":["Red Mask"]},{"damage_healed":0.0,"max_hp_gain":0.0,"max_hp_loss":0.0,"gold_gain":0.0,"event_name":"Mysterious Sphere","player_choice":"Ignored","floor":48.0,"gold_loss":0.0,"damage_taken":0.0}],"is_beta":false,"boss_relics":[{"not_picked":["Pandora\u0027s Box","Coffee Dripper"],"picked":"Busted Crown"},{"not_picked":["Ring of the Serpent","Orrery"],"picked":"Cursed Key"}],"items_purged_floors":[2,11,21,39],"is_endless":false,"potions_floor_spawned":[1,13,23,27,28,29,31,33,36,46],"killed_by":"Time Eater","ascension_level":0}