{"gold_per_floor":[114,128,141,153,153,153,187,34,34,34,53,53,63,95,95,192,192,205,224,224,239,38,38,38],"floor_reached":24,"playtime":5848,"items_purged":[],"score":218,"play_id":"fc47ecd0-99ae-4329-822a-0cc994ef0a00","local_time":"20190815201750","is_ascension_mode":true,"campfire_choices":[{"floor":6,"key":"RECALL"},{"floor":10,"key":"REST"},{"floor":12,"key":"REST"},{"floor":15,"key":"REST"},{"data":"FTL","floor":23,"key":"SMITH"}],"neow_cost":"NONE","seed_source_timestamp":98713248146400,"circlet_count":0,"master_deck":["Strike_B","Strike_B","Defend_B","Defend_B","Defend_B","Zap","Dualcast","FTL+1","Cold Snap","Fusion","Consume","Undo","Capacitor","Leap","Go for the Eyes","Glacier","Machine Learning","Buffer","Barrage","FTL","Doom and Gloom","Force Field","Chill+1"],"relics":["Cracked Core","FossilizedHelix","Strawberry","Dead Branch","Black Star","Lee\u0027s Waffle"],"potions_floor_usage":[14,16,21,21,24],"damage_taken":[{"damage":9,"enemies":"Jaw Worm","floor":1,"turns":4},{"damage":0,"enemies":"Cultist","floor":2,"turns":3},{"damage":6,"enemies":"Small Slimes","floor":3,"turns":3},{"damage":4,"enemies":"2 Fungi Beasts","floor":4,"turns":5},{"damage":52,"enemies":"Gremlin Nob","floor":7,"turns":6},{"damage":0,"enemies":"Large Slime","floor":11,"turns":7},{"damage":10,"enemies":"Gremlin Gang","floor":13,"turns":5},{"damage":21,"enemies":"3 Sentries","floor":14,"turns":10},{"damage":5,"enemies":"Slime Boss","floor":16,"turns":15},{"damage":16,"enemies":"Spheric Guardian","floor":18,"turns":11},{"damage":14,"enemies":"Shell Parasite","floor":19,"turns":8},{"damage":37,"enemies":"Shelled Parasite and Fungi","floor":21,"turns":7},{"damage":101,"enemies":"Gremlin Leader","floor":24,"turns":10}],"seed_played":"-7389444945842850573","potions_obtained":[{"floor":3,"key":"Dexterity Potion"},{"floor":11,"key":"SteroidPotion"},{"floor":13,"key":"Energy Potion"},{"floor":16,"key":"LiquidBronze"},{"floor":18,"key":"Explosive Potion"},{"floor":21,"key":"PowerPotion"}],"is_trial":false,"path_per_floor":["M","M","M","M","?","R","E","$","T","R","M","R","M","E","R","B",null,"M","M","?","M","$","R","E"],"character_chosen":"DEFECT","items_purchased":["Strawberry","Lee\u0027s Waffle"],"campfire_rested":3,"item_purchase_floors":[8,22],"current_hp_per_floor":[66,66,60,56,56,56,4,11,11,35,35,59,49,28,52,47,82,66,52,52,15,89,89,0],"gold":38,"neow_bonus":"TRANSFORM_CARD","is_prod":false,"is_daily":false,"chose_seed":false,"campfire_upgraded":1,"win_rate":0,"timestamp":1565918270,"path_taken":["M","M","M","M","?","R","E","$","T","R","?","R","M","E","R","BOSS","M","M","?","M","$","R","E"],"build_version":"2019-07-05","purchased_purges":0,"victory":false,"max_hp_per_floor":[75,75,75,75,75,75,75,82,82,82,82,82,82,82,82,82,82,82,82,82,82,89,89,89],"card_choices":[{"not_picked":["Coolheaded","Consume"],"picked":"Cold Snap","floor":1},{"not_picked":["Rip and Tear","Streamline"],"picked":"Fusion","floor":2},{"not_picked":["Steam","Sunder"],"picked":"Consume","floor":3},{"not_picked":["Hologram","Stack"],"picked":"Undo","floor":4},{"not_picked":["Compile Driver","Go for the Eyes"],"picked":"Leap","floor":7},{"not_picked":["Thunder Strike","Force Field"],"picked":"Go for the Eyes","floor":11},{"not_picked":["Blizzard","Double Energy"],"picked":"Glacier","floor":13},{"not_picked":["Beam Cell","Conserve Battery"],"picked":"Machine Learning","floor":14},{"not_picked":["Hyperbeam","Meteor Strike"],"picked":"Buffer","floor":16},{"not_picked":["Capacitor","Gash+1"],"picked":"Barrage","floor":18},{"not_picked":["Steam","Cold Snap"],"picked":"FTL","floor":19},{"not_picked":["Fusion+1","Sweeping Beam+1"],"picked":"Chill+1","floor":21}],"player_experience":349322,"relics_obtained":[{"floor":7,"key":"FossilizedHelix"},{"floor":14,"key":"Dead Branch"}],"event_choices":[{"damage_healed":0,"gold_gain":0,"player_choice":"1 cards matched","damage_taken":0,"max_hp_gain":0,"max_hp_loss":0,"event_name":"Match and Keep!","floor":5,"gold_loss":0,"cards_obtained":["Capacitor"]},{"damage_healed":0,"gold_gain":0,"cards_transformed":["Defend_B","Strike_B"],"player_choice":"Became Test Subject","damage_taken":0,"max_hp_gain":0,"max_hp_loss":0,"event_name":"Drug Dealer","floor":20,"gold_loss":0,"cards_obtained":["Doom and Gloom","Force Field"]}],"is_beta":false,"boss_relics":[{"not_picked":["White Beast Statue","Snecko Eye"],"picked":"Black Star"}],"items_purged_floors":[],"is_endless":false,"potions_floor_spawned":[3,11,13,16,18,21],"killed_by":"Gremlin Leader","ascension_level":1}