{"gold_per_floor":[215,226,34,34,46,46,76,76,76,95,110,127,147,162,162,260,260,275,275,293,312,14,14,31,31,31,49,49,79,92,110,110,212,212,230,240,240,240,257,257,274,274,298,308,327,42,77,91,91,91],"floor_reached":50,"playtime":10020,"items_purged":["Defend_R"],"score":529,"play_id":"02fab565-33f4-402a-80c3-0bf24b14db14","local_time":"20190815171041","is_ascension_mode":true,"campfire_choices":[{"floor":6,"key":"RECALL"},{"floor":8,"key":"REST"},{"floor":15,"key":"REST"},{"floor":23,"key":"REST"},{"data":"Apotheosis","floor":25,"key":"SMITH"},{"floor":32,"key":"REST"},{"floor":40,"key":"REST"},{"floor":49,"key":"REST"}],"neow_cost":"NONE","seed_source_timestamp":83549872781500,"circlet_count":0,"master_deck":["Strike_R","Strike_R","Strike_R","Strike_R","Defend_R","Defend_R","Bash","Iron Wave","Burning Pact","Evolve","Shrug It Off","Whirlwind","Thunderclap","Sentinel","Pommel Strike","Infernal Blade","Fiend Fire","Heavy Blade+1","Iron Wave","Rage+1","Clothesline","Apotheosis+1","Uppercut","Corruption","Shockwave+1","Anger+1","Perfected Strike+1","Feed+1","Perfected Strike+1","Shockwave","Pommel Strike+1","Uppercut+1","Flex+1"],"relics":["Burning Blood","Happy Flower","Bottled Tornado","Busted Crown","Molten Egg 2","Gremlin Horn","Fusion Hammer","Regal Pillow","Incense Burner","Darkstone Periapt"],"potions_floor_usage":[7,14,14,16,16,24,29,30,33,47,47,50],"damage_taken":[{"damage":6,"enemies":"Jaw Worm","floor":1,"turns":3},{"damage":2,"enemies":"Small Slimes","floor":2,"turns":4},{"damage":10,"enemies":"Cultist","floor":5,"turns":4},{"damage":61,"enemies":"Lagavulin","floor":7,"turns":13},{"damage":10,"enemies":"Blue Slaver","floor":10,"turns":5},{"damage":15,"enemies":"Exordium Thugs","floor":11,"turns":5},{"damage":9,"enemies":"3 Louse","floor":12,"turns":3},{"damage":12,"enemies":"Looter","floor":13,"turns":4},{"damage":15,"enemies":"Exordium Thugs","floor":14,"turns":6},{"damage":20,"enemies":"Slime Boss","floor":16,"turns":9},{"damage":41,"enemies":"2 Thieves","floor":18,"turns":4},{"damage":5,"enemies":"3 Byrds","floor":20,"turns":4},{"damage":29,"enemies":"Cultist and Chosen","floor":21,"turns":8},{"damage":12,"enemies":"Centurion and Healer","floor":24,"turns":5},{"damage":8,"enemies":"3 Cultists","floor":27,"turns":4},{"damage":23,"enemies":"Book of Stabbing","floor":29,"turns":5},{"damage":5,"enemies":"Chosen and Byrds","floor":30,"turns":5},{"damage":21,"enemies":"Snake Plant","floor":31,"turns":4},{"damage":23,"enemies":"Automaton","floor":33,"turns":9},{"damage":25,"enemies":"3 Shapes","floor":35,"turns":4},{"damage":27,"enemies":"3 Darklings","floor":36,"turns":4},{"damage":16,"enemies":"Spire Growth","floor":39,"turns":4},{"damage":9,"enemies":"Transient","floor":41,"turns":5},{"damage":36,"enemies":"Sphere and 2 Shapes","floor":44,"turns":3},{"damage":8,"enemies":"Maw","floor":45,"turns":8},{"damage":35,"enemies":"Nemesis","floor":47,"turns":5},{"damage":16,"enemies":"Jaw Worm Horde","floor":48,"turns":3},{"damage":70,"enemies":"Donu and Deca","floor":50,"turns":6}],"seed_played":"-1713710948738534328","potions_obtained":[{"floor":5,"key":"SkillPotion"},{"floor":10,"key":"Block Potion"},{"floor":11,"key":"SkillPotion"},{"floor":12,"key":"Explosive Potion"},{"floor":14,"key":"PowerPotion"},{"floor":18,"key":"Energy Potion"},{"floor":20,"key":"Dexterity Potion"},{"floor":27,"key":"LiquidBronze"},{"floor":29,"key":"AttackPotion"},{"floor":35,"key":"FairyPotion"},{"floor":41,"key":"BloodPotion"},{"floor":45,"key":"Poison Potion"},{"floor":47,"key":"Weak Potion"}],"is_trial":false,"path_per_floor":["M","M","$","?","M","R","E","R","T","M","M","M","M","M","R","B",null,"M","?","M","M","$","R","M","R","T","M","$","E","M","M","R","B",null,"M","M","?","?","M","R","M","?","T","M","M","$","E","M","R","B"],"character_chosen":"IRONCLAD","items_purchased":["Happy Flower","Evolve","Apotheosis","Uppercut","Incense Burner"],"campfire_rested":6,"item_purchase_floors":[3,3,22,22,46],"current_hp_per_floor":[80,80,80,73,69,69,14,38,38,34,25,22,16,7,31,17,80,45,45,46,23,23,47,41,41,41,39,39,22,23,8,32,15,80,61,40,40,40,30,54,51,51,51,25,23,23,15,9,50,0],"gold":91,"neow_bonus":"HUNDRED_GOLD","is_prod":false,"is_daily":false,"chose_seed":false,"campfire_upgraded":1,"win_rate":0,"timestamp":1565907041,"path_taken":["M","M","$","?","M","R","E","R","T","M","M","M","M","M","R","BOSS","M","?","M","M","$","R","M","R","T","M","?","E","M","M","R","BOSS","M","M","?","?","?","R","M","?","T","M","M","$","E","M","R","BOSS"],"build_version":"2019-07-05","purchased_purges":1,"victory":false,"max_hp_per_floor":[80,80,80,80,80,80,80,80,80,80,80,80,80,80,80,80,80,80,80,80,80,80,80,80,80,80,80,80,80,80,80,80,80,80,80,80,80,80,80,80,80,80,80,84,84,84,84,88,88,88],"card_choices":[{"not_picked":["Seeing Red","Headbutt"],"picked":"Iron Wave","floor":1},{"not_picked":["True Grit","Blood for Blood"],"picked":"Burning Pact","floor":2},{"not_picked":["Rage","True Grit"],"picked":"Shrug It Off","floor":5},{"not_picked":["Second Wind","Battle Trance"],"picked":"Whirlwind","floor":7},{"not_picked":["Twin Strike","Headbutt"],"picked":"Thunderclap","floor":10},{"not_picked":["Armaments","Carnage"],"picked":"Sentinel","floor":11},{"not_picked":["Warcry","Body Slam"],"picked":"Twin Strike","floor":12},{"not_picked":["Twin Strike","Cleave"],"picked":"Pommel Strike","floor":13},{"not_picked":["Wild Strike","Rage"],"picked":"Infernal Blade","floor":14},{"not_picked":["Exhume","Brutality"],"picked":"Fiend Fire","floor":16},{"not_picked":[],"picked":"Heavy Blade+1","floor":18},{"not_picked":[],"picked":"Rage+1","floor":20},{"not_picked":[],"picked":"Clothesline","floor":21},{"not_picked":[],"picked":"Corruption","floor":24},{"not_picked":[],"picked":"Shockwave+1","floor":27},{"not_picked":[],"picked":"Anger+1","floor":29},{"not_picked":[],"picked":"Perfected Strike+1","floor":30},{"not_picked":["Armaments"],"picked":"SKIP","floor":31},{"not_picked":[],"picked":"Feed+1","floor":33},{"not_picked":["Cleave+1"],"picked":"SKIP","floor":35},{"not_picked":[],"picked":"Perfected Strike+1","floor":36},{"not_picked":[],"picked":"Pommel Strike+1","floor":39},{"not_picked":["Corruption"],"picked":"SKIP","floor":41},{"not_picked":["Twin Strike+1"],"picked":"SKIP","floor":44},{"not_picked":[],"picked":"Uppercut+1","floor":45},{"not_picked":[],"picked":"Flex+1","floor":47},{"not_picked":["Flex"],"picked":"SKIP","floor":48}],"player_experience":335318,"relics_obtained":[{"floor":7,"key":"Bottled Tornado"},{"floor":26,"key":"Molten Egg 2"},{"floor":29,"key":"Gremlin Horn"},{"floor":43,"key":"Regal Pillow"},{"floor":47,"key":"Darkstone Periapt"}],"event_choices":[{"cards_removed":["Defend_R"],"damage_healed":0,"gold_gain":0,"player_choice":"Card Removal","damage_taken":7,"max_hp_gain":0,"max_hp_loss":0,"event_name":"Golden Wing","floor":4,"gold_loss":0},{"damage_healed":0,"gold_gain":0,"cards_transformed":["Strike_R"],"player_choice":"Transformed","damage_taken":0,"max_hp_gain":0,"max_hp_loss":0,"event_name":"Transmorgrifier","floor":19,"gold_loss":0,"cards_obtained":["Iron Wave"]},{"cards_removed":["Twin Strike"],"damage_healed":0,"gold_gain":0,"player_choice":"Removed Attack","damage_taken":0,"max_hp_gain":0,"max_hp_loss":0,"event_name":"Falling","floor":37,"gold_loss":0},{"damage_healed":0,"gold_gain":0,"player_choice":"1 cards matched","damage_taken":0,"max_hp_gain":0,"max_hp_loss":0,"event_name":"Match and Keep!","floor":38,"gold_loss":0,"cards_obtained":["Shockwave"]},{"damage_healed":0,"gold_gain":0,"player_choice":"Ignored","damage_taken":0,"max_hp_gain":0,"max_hp_loss":0,"event_name":"Mysterious Sphere","floor":42,"gold_loss":0}],"is_beta":false,"boss_relics":[{"not_picked":["Sozu","Black Star"],"picked":"Busted Crown"},{"not_picked":["Orrery","White Beast Statue"],"picked":"Fusion Hammer"}],"items_purged_floors":[22],"is_endless":false,"potions_floor_spawned":[5,10,11,12,14,18,20,27,29,35,41,45,47],"killed_by":"Donu and Deca","ascension_level":1}