{"gold_per_floor":[110,110,185,197,122,122,151,161,161,61,61,81,92,56,56,151,151,166,166,166,184,59,93,113,143,143,173,23,38,38,57,57,160,160,175,175,25,25,36,36,90,90],"floor_reached":42,"playtime":3205,"items_purged":["Secret Technique","Violence","Strike_G","Strike_G"],"score":554,"play_id":"8efd67f9-173c-4028-ae4d-8cfcf02b2c8c","local_time":"20181011115221","daily_mods":["Allstar","ControlledChaos","Terminal"],"is_ascension_mode":true,"campfire_choices":[{"data":"Madness","floor":6,"key":"SMITH"},{"data":"Footwork","floor":15,"key":"SMITH"},{"data":"Noxious Fumes","floor":32,"key":"SMITH"},{"data":"Madness","floor":40,"key":"SMITH"}],"neow_cost":"","seed_source_timestamp":66086366180606,"circlet_count":0,"master_deck":["Defend_G","Defend_G","Defend_G","Defend_G","Defend_G","Strike_G","Strike_G+1","Survivor","Neutralize","Madness+1","Master of Strategy","Panache","Backflip","Outmaneuver+1","Backstab","Backflip","Footwork+1","Noxious Fumes+1","Blade Dance","Noxious Fumes+1","Die Die Die","Backflip+1","Madness","Madness+1","Dodge and Roll+1"],"relics":["Ring of the Snake","Frozen Eye","Blood Vial","Bag of Marbles","Ninja Scroll","Eternal Feather","The Specimen","Shuriken","Mummified Hand","Calipers","Juzu Bracelet","Pocketwatch"],"potions_floor_usage":[23,24,24,24,41,41,42],"damage_taken":[{"damage":0,"enemies":"Cultist","floor":1,"turns":2},{"damage":0,"enemies":"2 Louse","floor":4,"turns":4},{"damage":12,"enemies":"Lagavulin","floor":7,"turns":9},{"damage":0,"enemies":"Jaw Worm","floor":8,"turns":1},{"damage":0,"enemies":"Blue Slaver","floor":12,"turns":3},{"damage":0,"enemies":"Exordium Thugs","floor":13,"turns":3},{"damage":14,"enemies":"The Guardian","floor":16,"turns":12},{"damage":0,"enemies":"2 Thieves","floor":18,"turns":3},{"damage":11,"enemies":"Shell Parasite","floor":21,"turns":6},{"damage":38,"enemies":"Slavers","floor":23,"turns":6},{"damage":3,"enemies":"Shelled Parasite and Fungi","floor":24,"turns":5},{"damage":6,"enemies":"Book of Stabbing","floor":25,"turns":5},{"damage":0,"enemies":"Slavers","floor":27,"turns":6},{"damage":0,"enemies":"Centurion and Healer","floor":29,"turns":3},{"damage":6,"enemies":"Sentry and Sphere","floor":31,"turns":3},{"damage":7,"enemies":"Collector","floor":33,"turns":6},{"damage":0,"enemies":"3 Shapes","floor":35,"turns":2},{"damage":0,"enemies":"3 Darklings","floor":39,"turns":2},{"damage":19,"enemies":"Mysterious Sphere","floor":41,"turns":4},{"damage":24,"enemies":"Nemesis","floor":42,"turns":4}],"seed_played":"7957344582082417520","potions_obtained":[{"floor":4,"key":"Regen Potion"},{"floor":12,"key":"SteroidPotion"},{"floor":13,"key":"Swift Potion"},{"floor":21,"key":"Regen Potion"},{"floor":23,"key":"Block Potion"},{"floor":29,"key":"Energy Potion"},{"floor":33,"key":"Poison Potion"},{"floor":35,"key":"GamblersBrew"}],"is_trial":true,"path_per_floor":["M","T","?","M","$","R","E","M","T","$","?","M","M","$","R","B",null,"M","?","?","M","$","E","M","E","T","E","$","M","?","M","R","B",null,"M","?","$","?","M","R","?"],"character_chosen":"THE_SILENT","items_purchased":["Footwork","Juzu Bracelet"],"campfire_rested":0,"item_purchase_floors":[14,37],"current_hp_per_floor":[68,67,56,58,58,58,48,50,50,50,38,40,42,42,42,30,52,51,50,49,38,38,2,15,11,11,13,13,15,28,24,36,30,35,34,33,32,28,30,29,10,0],"gold":90,"neow_bonus":"","is_prod":false,"is_daily":false,"chose_seed":false,"campfire_upgraded":4,"win_rate":0,"timestamp":1539273141,"path_taken":["M","?","?","?","$","R","E","M","T","?","?","M","?","$","R","BOSS","M","?","?","M","?","E","M","E","T","E","$","?","?","M","R","BOSS","M","?","$","?","M","R","?","E"],"build_version":"2018-10-04v2","purchased_purges":4,"victory":false,"max_hp_per_floor":[68,67,66,65,64,63,62,61,60,59,58,57,56,55,54,53,52,51,50,49,48,47,46,45,44,43,42,41,40,39,38,37,36,35,34,33,32,31,30,29,28,28],"card_choices":[{"not_picked":["Poisoned Stab","Flying Knee"],"picked":"Backflip","floor":1},{"not_picked":["Dodge and Roll","Blade Dance","Underhanded Strike"],"picked":"SKIP","floor":4},{"not_picked":["Backflip","Night Terror"],"picked":"Outmaneuver","floor":7},{"not_picked":["Choke","PiercingWail","Riddle With Holes"],"picked":"SKIP","floor":8},{"not_picked":["Cloak And Dagger","Dodge and Roll"],"picked":"Backstab","floor":12},{"not_picked":["Deflect","Reflex"],"picked":"Backflip","floor":13},{"not_picked":["Dagger Spray","Flying Knee"],"picked":"Noxious Fumes","floor":18},{"not_picked":["Cloak And Dagger","Dagger Spray"],"picked":"Blade Dance","floor":21},{"not_picked":["Endless Agony","Dagger Spray"],"picked":"Noxious Fumes+1","floor":23},{"not_picked":["Underhanded Strike","Flying Knee"],"picked":"Die Die Die","floor":24},{"not_picked":["Predator","Flechettes+1","Dagger Throw"],"picked":"SKIP","floor":25},{"not_picked":["Dagger Spray","Distraction","Infinite Blades"],"picked":"SKIP","floor":27},{"not_picked":["Infinite Blades","Deflect","Outmaneuver"],"picked":"SKIP","floor":29},{"not_picked":["Skewer+1","Sucker Punch","Bane"],"picked":"SKIP","floor":31},{"not_picked":["Dagger Spray+1","Bane"],"picked":"Backflip+1","floor":35},{"not_picked":["Acrobatics","Burst"],"picked":"Dodge and Roll+1","floor":39}],"player_experience":224211,"relics_obtained":[{"floor":2,"key":"Blood Vial"},{"floor":7,"key":"Bag of Marbles"},{"floor":9,"key":"Ninja Scroll"},{"floor":23,"key":"The Specimen"},{"floor":25,"key":"Shuriken"},{"floor":26,"key":"Mummified Hand"},{"floor":27,"key":"Calipers"},{"floor":41,"key":"Pocketwatch"}],"event_choices":[{"event_name":"World of Goop","player_choice":"Gather Gold","floor":3,"damage_taken":0},{"event_name":"Shining Light","player_choice":"Entered Light","floor":11,"damage_taken":0},{"event_name":"FaceTrader","player_choice":"Leave","floor":19,"damage_taken":0},{"event_name":"Back to Basics","player_choice":"Elegance","floor":20,"damage_taken":0},{"event_name":"The Library","player_choice":"Heal","floor":30,"damage_taken":0},{"event_name":"Tomb of Lord Red Mask","player_choice":"Ignored","floor":36,"damage_taken":0},{"event_name":"Winding Halls","player_choice":"Embrace Madness","floor":38,"damage_taken":0},{"event_name":"Mysterious Sphere","player_choice":"Fight","floor":41,"damage_taken":0}],"is_beta":false,"boss_relics":[{"not_picked":["Lizard Tail","Orrery"],"picked":"Eternal Feather"},{"not_picked":["Astrolabe","Coffee Dripper","HoveringKite"]}],"items_purged_floors":[5,10,22,28],"is_endless":false,"potions_floor_spawned":[4,12,13,18,21,23,29,33,35,39],"killed_by":"Nemesis","ascension_level":2}