{"gold_per_floor":[362,382,398,408,68,68,243,270,270,240,240,240,1,36,36,131,131,141,176,176,6,42,42,42],"floor_reached":24,"playtime":2733,"items_purged":[],"score":192,"play_id":"cd9d72e8-a30b-49ec-9c31-d6589e627cfa","local_time":"20190810170430","is_ascension_mode":false,"campfire_choices":[{"data":"Neutralize","floor":6,"key":"SMITH"},{"data":"Bane","floor":12,"key":"SMITH"},{"data":"Malaise","floor":15,"key":"SMITH"},{"floor":23,"key":"REST"}],"neow_cost":"CURSE","seed_source_timestamp":79210345556200,"circlet_count":0,"master_deck":["Strike_G","Strike_G","Strike_G","Strike_G","Strike_G","Defend_G","Defend_G","Defend_G","Defend_G","Defend_G","Survivor","Neutralize+1","Clumsy","Slice","Footwork","Noxious Fumes","Dagger Spray","Catalyst","Doubt","Dagger Throw","Bane+1","Acrobatics","Malaise+1","Unload","Terror","Sucker Punch+1","Sadistic Nature","Calculated Gamble"],"relics":["Ring of the Snake","Matryoshka","Odd Mushroom","Happy Flower","Pantograph","TwistedFunnel","Omamori","WristBlade","Red Mask","SsserpentHead"],"potions_floor_usage":[8,22,24,24],"damage_taken":[{"damage":3,"enemies":"Jaw Worm","floor":1,"turns":5},{"damage":3,"enemies":"2 Louse","floor":2,"turns":4},{"damage":2,"enemies":"Small Slimes","floor":3,"turns":5},{"damage":2,"enemies":"2 Fungi Beasts","floor":4,"turns":4},{"damage":26,"enemies":"The Mushroom Lair","floor":8,"turns":4},{"damage":3,"enemies":"Looter","floor":10,"turns":4},{"damage":14,"enemies":"Gremlin Nob","floor":14,"turns":4},{"damage":5,"enemies":"Hexaghost","floor":16,"turns":11},{"damage":8,"enemies":"3 Byrds","floor":18,"turns":5},{"damage":39,"enemies":"Masked Bandits","floor":19,"turns":5},{"damage":19,"enemies":"2 Thieves","floor":22,"turns":4},{"damage":43,"enemies":"Gremlin Leader","floor":24,"turns":5}],"seed_played":"5244989831476682134","potions_obtained":[{"floor":4,"key":"LiquidBronze"},{"floor":16,"key":"Weak Potion"},{"floor":18,"key":"PowerPotion"},{"floor":19,"key":"Weak Potion"},{"floor":22,"key":"Dexterity Potion"}],"is_trial":false,"path_per_floor":["M","M","M","M","$","R","?","?","T","M","?","R","$","E","R","B",null,"M","?","?","$","M","R","E"],"character_chosen":"THE_SILENT","items_purchased":["Matryoshka","Catalyst","TwistedFunnel","Acrobatics","Sadistic Nature"],"campfire_rested":1,"item_purchase_floors":[5,5,13,13,21],"current_hp_per_floor":[67,64,62,60,60,60,60,34,34,31,54,54,54,40,40,60,70,62,23,23,23,4,25,0],"gold":42,"neow_bonus":"TWO_FIFTY_GOLD","is_prod":false,"is_daily":false,"chose_seed":false,"campfire_upgraded":3,"win_rate":0,"timestamp":1565474670,"path_taken":["M","M","M","M","$","R","?","?","T","M","?","R","$","E","R","BOSS","M","?","?","$","?","R","E"],"build_version":"2019-07-05","purchased_purges":0,"victory":false,"max_hp_per_floor":[70,70,70,70,70,70,70,70,70,70,70,70,70,70,70,70,70,70,70,70,70,70,70,70],"card_choices":[{"not_picked":["All Out Attack","Cloak And Dagger"],"picked":"Slice","floor":1},{"not_picked":["Prepared","Dagger Spray"],"picked":"Footwork","floor":2},{"not_picked":["Eviscerate","Dagger Spray"],"picked":"Noxious Fumes","floor":3},{"not_picked":["Escape Plan","Slice"],"picked":"Dagger Spray","floor":4},{"not_picked":["Dagger Spray","All Out Attack"],"picked":"Dagger Throw","floor":8},{"not_picked":["Dagger Throw","Outmaneuver"],"picked":"Bane","floor":10},{"not_picked":["Endless Agony","Quick Slash"],"picked":"Malaise","floor":14},{"not_picked":["Malaise","Die Die Die"],"picked":"Unload","floor":16},{"not_picked":["Quick Slash","Underhanded Strike"],"picked":"Terror","floor":18},{"not_picked":["Acrobatics+1","Quick Slash"],"picked":"Sucker Punch+1","floor":19},{"not_picked":["All Out Attack+1","Sucker Punch"],"picked":"Calculated Gamble","floor":22}],"player_experience":246328,"relics_obtained":[{"floor":8,"key":"Odd Mushroom"},{"floor":9,"key":"Happy Flower"},{"floor":9,"key":"Pantograph"},{"floor":14,"key":"Omamori"},{"floor":19,"key":"Red Mask"}],"event_choices":[{"damage_healed":0,"gold_gain":175,"player_choice":"AGREE","damage_taken":0,"max_hp_gain":0,"max_hp_loss":0,"event_name":"Liars Game","floor":7,"gold_loss":0,"cards_obtained":["Doubt"]},{"damage_healed":0,"gold_gain":0,"player_choice":"Fought Mushrooms","damage_taken":0,"max_hp_gain":0,"max_hp_loss":0,"event_name":"Mushrooms","floor":8,"gold_loss":0},{"damage_healed":23,"gold_gain":0,"player_choice":"Banana","damage_taken":0,"max_hp_gain":0,"max_hp_loss":0,"event_name":"Big Fish","floor":11,"gold_loss":0},{"damage_healed":0,"gold_gain":0,"player_choice":"Fought Bandits","damage_taken":0,"max_hp_gain":0,"max_hp_loss":0,"event_name":"Masked Bandits","floor":19,"gold_loss":0},{"damage_healed":0,"gold_gain":0,"player_choice":"Trade","damage_taken":0,"relics_obtained":["SsserpentHead"],"max_hp_gain":0,"max_hp_loss":0,"event_name":"FaceTrader","floor":20,"gold_loss":0}],"is_beta":false,"boss_relics":[{"not_picked":["Fusion Hammer","Snecko Eye"],"picked":"WristBlade"}],"items_purged_floors":[],"is_endless":false,"potions_floor_spawned":[4,16,18,19,22],"killed_by":"Gremlin Leader","ascension_level":0}