{"gold_per_floor":[117,127,127,127,143,143,177,187,187,362,362,65,78,92,92,189,189,207,207,207,218,234,234,251,40,66,83,44,58,10,10,10,112,112,132,132,132,132,152,152,171,186,236,236,250,270,270,17,17,17],"floor_reached":51,"playtime":3334,"items_purged":["Doubt"],"score":741,"play_id":"85dfa779-7c59-4fa7-a2bb-31cda7139277","local_time":"20190908023841","is_ascension_mode":true,"campfire_choices":[{"floor":6,"key":"REST"},{"floor":11,"key":"REST"},{"data":"Lockon","floor":15,"key":"SMITH"},{"floor":23,"key":"REST"},{"floor":32,"key":"REST"},{"floor":40,"key":"REST"},{"floor":44,"key":"REST"},{"floor":49,"key":"REST"}],"neow_cost":"NONE","seed_source_timestamp":432634605766300,"circlet_count":0,"master_deck":["Strike_B","Strike_B","Strike_B","Strike_B","Defend_B","Zap","Dualcast","Multi-Cast+1","Coolheaded","Cold Snap","Rebound","Beam Cell","Barrage","Lockon+1","Sweeping Beam","Streamline","Rainbow","Glacier","Doom and Gloom","Barrage","Beam Cell+1","Go for the Eyes+1","Conserve Battery+1","Tempest+1","Good Instincts+1","Compile Driver+1","Chill+1","Defragment+1","Turbo+1","Fission+1","Gash","Apotheosis+1","Panache","Panacea+1","Coolheaded+1","Stack+1","Scrape+1","Gash+1","Chaos+1"],"relics":["Cracked Core","Ornamental Fan","Blue Candle","Art of War","Sozu","Toxic Egg 2","Bag of Preparation","Fusion Hammer","Meat on the Bone","Strawberry","Bottled Tornado"],"potions_floor_usage":[8,13,16,22],"damage_taken":[{"damage":5,"enemies":"Cultist","floor":1,"turns":4},{"damage":8,"enemies":"2 Louse","floor":2,"turns":3},{"damage":1,"enemies":"Small Slimes","floor":5,"turns":2},{"damage":27,"enemies":"Lagavulin","floor":7,"turns":6},{"damage":11,"enemies":"Looter","floor":8,"turns":2},{"damage":9,"enemies":"Exordium Wildlife","floor":13,"turns":4},{"damage":6,"enemies":"Blue Slaver","floor":14,"turns":3},{"damage":42,"enemies":"Hexaghost","floor":16,"turns":11},{"damage":13,"enemies":"Shell Parasite","floor":18,"turns":4},{"damage":7,"enemies":"3 Byrds","floor":21,"turns":4},{"damage":31,"enemies":"Shelled Parasite and Fungi","floor":22,"turns":4},{"damage":10,"enemies":"Cultist and Chosen","floor":24,"turns":4},{"damage":13,"enemies":"Centurion and Healer","floor":27,"turns":5},{"damage":11,"enemies":"Snake Plant","floor":29,"turns":3},{"damage":14,"enemies":"Automaton","floor":33,"turns":11},{"damage":4,"enemies":"Orb Walker","floor":35,"turns":2},{"damage":17,"enemies":"3 Shapes","floor":39,"turns":3},{"damage":33,"enemies":"Sphere and 2 Shapes","floor":41,"turns":5},{"damage":0,"enemies":"4 Shapes","floor":42,"turns":4},{"damage":11,"enemies":"Writhing Mass","floor":45,"turns":5},{"damage":16,"enemies":"Jaw Worm Horde","floor":46,"turns":4},{"damage":60,"enemies":"Donu and Deca","floor":50,"turns":8}],"seed_played":"-187804118126397728","potions_obtained":[{"floor":7,"key":"Regen Potion"},{"floor":8,"key":"Poison Potion"},{"floor":13,"key":"Dexterity Potion"},{"floor":16,"key":"Regen Potion"}],"is_trial":false,"path_per_floor":["M","M","?","?","M","R","E","M","T","?","R","$","M","M","R","B",null,"M","?","T","M","M","R","M","$","T","M","$","M","$","?","R","B",null,"M","?","T","$","M","R","M","M","T","R","M","M","?","$","R","B",null],"character_chosen":"DEFECT","items_purchased":["Art of War","Lockon","Conserve Battery+1","Tempest+1","Good Instincts+1","Chill+1","Turbo+1","Bottled Tornado"],"campfire_rested":7,"item_purchase_floors":[12,12,25,25,25,28,30,48],"current_hp_per_floor":[70,62,62,55,54,75,48,42,42,42,64,64,55,49,49,7,75,62,62,62,55,36,58,48,48,48,35,35,24,24,10,34,20,80,76,66,66,66,49,73,52,52,59,85,74,58,58,58,84,36],"gold":17,"neow_bonus":"ONE_RANDOM_RARE_CARD","is_prod":false,"is_daily":false,"chose_seed":false,"campfire_upgraded":1,"win_rate":0,"timestamp":1567928321,"path_taken":["M","M","?","?","M","R","E","M","T","?","R","$","M","M","R","BOSS","M","?","?","M","M","R","M","$","T","M","?","M","$","?","R","BOSS","M","?","?","$","?","R","?","M","T","R","M","M","?","$","R","BOSS"],"build_version":"2019-08-26","purchased_purges":1,"victory":true,"max_hp_per_floor":[75,75,75,75,75,75,75,75,75,75,75,75,75,75,75,75,75,75,75,75,75,75,75,75,75,75,75,75,75,75,80,80,80,80,80,80,80,80,80,80,80,80,87,87,87,87,87,87,87,87],"card_choices":[{"not_picked":["Compile Driver","Turbo"],"picked":"Coolheaded","floor":1},{"not_picked":["Static Discharge","Rebound"],"picked":"Cold Snap","floor":2},{"not_picked":["Sunder","Sweeping Beam"],"picked":"Rebound","floor":5},{"not_picked":["Skim","Redo"],"picked":"Beam Cell","floor":7},{"not_picked":["All For One","Sweeping Beam"],"picked":"Barrage","floor":8},{"not_picked":["Steam Power","Scrape"],"picked":"Sweeping Beam","floor":13},{"not_picked":["Ball Lightning","Beam Cell"],"picked":"Streamline","floor":14},{"not_picked":["Fission","Electrodynamics"],"picked":"Rainbow","floor":16},{"not_picked":["Rebound","Ball Lightning+1"],"picked":"Glacier","floor":18},{"not_picked":["Barrage","Storm","Rebound"],"picked":"SKIP","floor":21},{"not_picked":["Barrage","Glacier+1"],"picked":"Beam Cell+1","floor":22},{"not_picked":["Beam Cell","Self Repair"],"picked":"Go for the Eyes+1","floor":24},{"not_picked":["Gash","Beam Cell"],"picked":"Compile Driver+1","floor":27},{"not_picked":["Barrage+1","Go for the Eyes+1"],"picked":"Defragment+1","floor":29},{"not_picked":["Multi-Cast+1","Hyperbeam"],"picked":"Fission+1","floor":33},{"not_picked":["Static Discharge","Turbo+1"],"picked":"Gash","floor":35},{"not_picked":["Swift Strike","Deep Breath+1"],"picked":"Apotheosis+1","floor":36},{"not_picked":["Bandage Up+1","Mayhem"],"picked":"Panache","floor":36},{"not_picked":["Secret Technique+1","Violence+1"],"picked":"Panacea+1","floor":36},{"not_picked":["Rebound+1","Streamline+1"],"picked":"Coolheaded+1","floor":39},{"not_picked":["Streamline+1","Compile Driver+1"],"picked":"Stack+1","floor":41},{"not_picked":["Sweeping Beam","Cold Snap"],"picked":"Scrape+1","floor":42},{"not_picked":["Sweeping Beam+1","Core Surge"],"picked":"Gash+1","floor":45},{"not_picked":["Go for the Eyes","Turbo+1"],"picked":"Chaos+1","floor":46}],"player_experience":521922,"relics_obtained":[{"floor":7,"key":"Ornamental Fan"},{"floor":9,"key":"Blue Candle"},{"floor":20,"key":"Toxic Egg 2"},{"floor":26,"key":"Bag of Preparation"},{"floor":37,"key":"Meat on the Bone"},{"floor":43,"key":"Strawberry"}],"event_choices":[{"damage_healed":0,"gold_gain":0,"player_choice":"Grow","damage_taken":0,"max_hp_gain":0,"max_hp_loss":0,"event_name":"Living Wall","floor":3,"gold_loss":0,"cards_upgraded":["Multi-Cast"]},{"cards_removed":["Defend_B"],"damage_healed":0,"gold_gain":0,"player_choice":"Card Removal","damage_taken":7,"max_hp_gain":0,"max_hp_loss":0,"event_name":"Golden Wing","floor":4,"gold_loss":0},{"damage_healed":0,"gold_gain":175,"player_choice":"AGREE","damage_taken":0,"max_hp_gain":0,"max_hp_loss":0,"event_name":"Liars Game","floor":10,"gold_loss":0,"cards_obtained":["Doubt"]},{"damage_healed":0,"gold_gain":0,"cards_transformed":["Defend_B","Defend_B"],"player_choice":"Became Test Subject","damage_taken":0,"max_hp_gain":0,"max_hp_loss":0,"event_name":"Drug Dealer","floor":19,"gold_loss":0,"cards_obtained":["Doom and Gloom","Barrage"]},{"damage_healed":0,"gold_gain":0,"player_choice":"Shed Blood","damage_taken":19,"max_hp_gain":5,"max_hp_loss":0,"event_name":"Forgotten Altar","floor":31,"gold_loss":0},{"damage_healed":0,"gold_gain":0,"player_choice":"Memory 3","damage_taken":10,"max_hp_gain":0,"max_hp_loss":0,"event_name":"SensoryStone","floor":36,"gold_loss":0},{"damage_healed":0,"gold_gain":0,"player_choice":"Ignored","damage_taken":0,"max_hp_gain":0,"max_hp_loss":0,"event_name":"Mysterious Sphere","floor":47,"gold_loss":0}],"is_beta":true,"boss_relics":[{"not_picked":["FrozenCore","Nuclear Battery"],"picked":"Sozu"},{"not_picked":["Philosopher\u0027s Stone","White Beast Statue"],"picked":"Fusion Hammer"}],"items_purged_floors":[12],"is_endless":false,"potions_floor_spawned":[7,8,13,16,22,27,29,33,39,41],"ascension_level":3}