{"gold_per_floor":[115,115,115,145,161,161,186,186,186,200,216,216,246,281,281,355,355,369,387,387,86,100,100,134,134,158,158,158,158,168,182,182,257,257,272,272,296,308,35,67,67,12,12,30,30,30,42,95,95,95],"floor_reached":51,"playtime":3008,"items_purged":["Strike_G","Strike_G"],"score":1267,"play_id":"f6d1ccd1-4d4b-44ea-862f-19db457d1481","local_time":"20190928165830","is_ascension_mode":true,"campfire_choices":[{"data":"Neutralize","floor":6.0,"key":"SMITH"},{"data":"Dash","floor":8.0,"key":"SMITH"},{"data":"Terror","floor":12.0,"key":"SMITH"},{"floor":15.0,"key":"REST"},{"floor":23.0,"key":"REST"},{"data":"Infinite Blades","floor":25.0,"key":"SMITH"},{"data":"A Thousand Cuts","floor":27.0,"key":"SMITH"},{"data":"A Thousand Cuts","floor":32.0,"key":"SMITH"},{"floor":41.0,"key":"REST"},{"floor":45.0,"key":"REST"},{"floor":49.0,"key":"REST"}],"neow_cost":"NONE","seed_source_timestamp":1040148657584800,"circlet_count":0,"master_deck":["AscendersBane","Defend_G","Defend_G","Defend_G","Defend_G","Defend_G","Survivor","Neutralize+1","Dagger Spray","Dodge and Roll","Dash+1","Terror+1","Predator+1","A Thousand Cuts+1","Dodge and Roll+1","Crippling Poison","Choke","Blade Dance","A Thousand Cuts+1","Noxious Fumes","Poisoned Stab+1","Bullet Time","Finisher+1","Infinite Blades+1","PiercingWail","A Thousand Cuts","Dodge and Roll+1","Well Laid Plans"],"special_seed":0,"relics":["Ring of the Snake","NeowsBlessing","Tiny Chest","Mummified Hand","Shuriken","Ancient Tea Set","Philosopher\u0027s Stone","Orrery","Whetstone","Bag of Marbles","SacredBark","Art of War","Anchor","Boot","Molten Egg 2","Toy Ornithopter"],"potions_floor_usage":[50,50],"damage_taken":[{"damage":0.0,"enemies":"Jaw Worm","floor":1.0,"turns":1.0},{"damage":0.0,"enemies":"Small Slimes","floor":5.0,"turns":1.0},{"damage":0.0,"enemies":"Gremlin Nob","floor":7.0,"turns":1.0},{"damage":4.0,"enemies":"2 Louse","floor":10.0,"turns":2.0},{"damage":8.0,"enemies":"2 Fungi Beasts","floor":11.0,"turns":3.0},{"damage":23.0,"enemies":"3 Sentries","floor":14.0,"turns":9.0},{"damage":13.0,"enemies":"Slime Boss","floor":16.0,"turns":9.0},{"damage":17.0,"enemies":"Spheric Guardian","floor":18.0,"turns":4.0},{"damage":5.0,"enemies":"3 Byrds","floor":19.0,"turns":5.0},{"damage":4.0,"enemies":"Snake Plant","floor":22.0,"turns":2.0},{"damage":6.0,"enemies":"Gremlin Leader","floor":24.0,"turns":7.0},{"damage":0.0,"enemies":"Centurion and Healer","floor":30.0,"turns":2.0},{"damage":3.0,"enemies":"Snecko","floor":31.0,"turns":3.0},{"damage":33.0,"enemies":"Collector","floor":33.0,"turns":6.0},{"damage":0.0,"enemies":"Orb Walker","floor":35.0,"turns":1.0},{"damage":8.0,"enemies":"3 Shapes","floor":38.0,"turns":4.0},{"damage":33.0,"enemies":"Reptomancer","floor":40.0,"turns":5.0},{"damage":26.0,"enemies":"Maw","floor":44.0,"turns":6.0},{"damage":22.0,"enemies":"Sphere and 2 Shapes","floor":47.0,"turns":5.0},{"damage":82,"enemies":"Awakened One","floor":50,"turns":14}],"seed_played":"4823056228677985884","potions_obtained":[{"floor":5.0,"key":"Regen Potion"},{"floor":7.0,"key":"Energy Potion"},{"floor":19.0,"key":"SteroidPotion"},{"floor":22.0,"key":"Block Potion"},{"floor":30.0,"key":"Regen Potion"},{"floor":33.0,"key":"SkillPotion"},{"floor":44.0,"key":"Regen Potion"}],"is_trial":false,"path_per_floor":["M","?","?","?","M","R","E","R","T","M","M","R","?","E","R","B",null,"M","M","?","$","M","R","E","R","T","R","?","?","M","M","R","B",null,"M","?","T","M","$","E","R","$","T","M","R","?","M","T","R","B",null],"character_chosen":"THE_SILENT","items_purchased":["Blade Dance","Orrery","Anchor","Dexterity Potion"],"campfire_rested":5,"item_purchase_floors":[21,21,39,42],"current_hp_per_floor":[59,52,57,46,46,46,46,46,46,42,34,34,34,26,47,34,62,45,40,40,40,36,57,51,51,51,51,51,51,51,60,60,27,60,60,60,60,52,52,19,40,40,40,14,35,35,13,13,33,16],"gold":95,"neow_bonus":"THREE_ENEMY_KILL","is_prod":false,"is_daily":false,"chose_seed":false,"campfire_upgraded":6,"win_rate":0,"timestamp":1569715110,"path_taken":["M","?","?","?","M","R","E","R","T","M","?","R","?","E","R","BOSS","M","M","?","$","M","R","E","R","T","R","?","?","M","?","R","BOSS","M","?","?","M","$","E","R","?","T","M","R","?","?","?","R","BOSS"],"build_version":"2019-09-27","purchased_purges":2,"victory":true,"max_hp_per_floor":[66,66,71,71,71,71,71,71,71,71,71,71,71,71,71,71,71,71,71,71,71,71,71,71,71,71,71,71,71,71,71,71,71,71,71,71,71,71,71,71,71,71,71,71,71,67,67,67,67,67],"card_choices":[{"not_picked":["PiercingWail","Acrobatics"],"picked":"Dagger Spray","floor":1.0},{"not_picked":["Expertise","Deflect"],"picked":"Dodge and Roll","floor":5.0},{"not_picked":["Backflip","Doppelganger"],"picked":"Dash","floor":7.0},{"not_picked":["Tactician","Dagger Throw"],"picked":"Terror","floor":10.0},{"not_picked":["Blade Dance","Underhanded Strike"],"picked":"Predator","floor":11.0},{"not_picked":["Sucker Punch","Reflex","Predator"],"picked":"SKIP","floor":14.0},{"not_picked":["Adrenaline","Malaise"],"picked":"A Thousand Cuts","floor":16.0},{"not_picked":["Bane","Heel Hook","Prepared"],"picked":"SKIP","floor":18.0},{"not_picked":["Dagger Throw+1","Dagger Spray+1"],"picked":"Dodge and Roll+1","floor":19.0},{"not_picked":["Masterful Stab+1","Concentrate"],"picked":"A Thousand Cuts","floor":21.0},{"not_picked":["Slice","Riddle With Holes"],"picked":"Noxious Fumes","floor":21.0},{"not_picked":["Quick Slash","Prepared"],"picked":"Poisoned Stab","floor":21.0},{"not_picked":["Riddle With Holes","Eviscerate+1"],"picked":"Bullet Time","floor":21.0},{"not_picked":["PiercingWail","Accuracy"],"picked":"Finisher+1","floor":21.0},{"not_picked":["All Out Attack+1","Acrobatics","Poisoned Stab"],"picked":"SKIP","floor":22.0},{"not_picked":["Acrobatics","Glass Knife"],"picked":"Infinite Blades","floor":24.0},{"not_picked":["Outmaneuver","Dagger Throw"],"picked":"PiercingWail","floor":30.0},{"not_picked":["Underhanded Strike","Crippling Poison+1","Accuracy"],"picked":"SKIP","floor":31.0},{"not_picked":["Burst","Tools of the Trade"],"picked":"A Thousand Cuts","floor":33.0},{"not_picked":["Sucker Punch+1","Poisoned Stab","PiercingWail"],"picked":"SKIP","floor":35.0},{"not_picked":["Dagger Throw+1","Dagger Spray"],"picked":"Dodge and Roll+1","floor":38.0},{"not_picked":["PiercingWail","Deflect","Outmaneuver+1"],"picked":"SKIP","floor":40.0},{"not_picked":["Choke+1","Outmaneuver+1","Sucker Punch+1"],"picked":"SKIP","floor":44.0},{"not_picked":["Riddle With Holes+1","Phantasmal Killer"],"picked":"Well Laid Plans","floor":47.0}],"player_experience":1484877,"relics_obtained":[{"floor":7.0,"key":"Mummified Hand"},{"floor":9.0,"key":"Shuriken"},{"floor":14.0,"key":"Ancient Tea Set"},{"floor":24.0,"key":"Whetstone"},{"floor":26.0,"key":"Bag of Marbles"},{"floor":37.0,"key":"Art of War"},{"floor":40.0,"key":"Boot"},{"floor":43.0,"key":"Molten Egg 2"},{"floor":48.0,"key":"Toy Ornithopter"}],"event_choices":[{"cards_removed":["Strike_G"],"damage_healed":0.0,"max_hp_gain":0.0,"max_hp_loss":0.0,"gold_gain":0.0,"event_name":"Golden Wing","player_choice":"Card Removal","floor":2.0,"gold_loss":0.0,"damage_taken":7.0},{"damage_healed":0.0,"max_hp_gain":5.0,"max_hp_loss":0.0,"gold_gain":0.0,"event_name":"Big Fish","player_choice":"Donut","floor":3.0,"gold_loss":0.0,"damage_taken":0.0},{"damage_healed":0.0,"max_hp_gain":0.0,"max_hp_loss":0.0,"gold_gain":0.0,"event_name":"Scrap Ooze","player_choice":"Success","floor":4.0,"gold_loss":0.0,"damage_taken":11.0,"relics_obtained":["Tiny Chest"]},{"damage_healed":0.0,"max_hp_gain":0.0,"max_hp_loss":0.0,"gold_gain":30.0,"event_name":"Dead Adventurer","player_choice":"Searched \u00271\u0027 times","floor":13.0,"gold_loss":0.0,"damage_taken":0.0},{"damage_healed":0.0,"max_hp_gain":0.0,"max_hp_loss":0.0,"gold_gain":0.0,"cards_transformed":["Strike_G","Strike_G"],"event_name":"Drug Dealer","player_choice":"Became Test Subject","floor":20.0,"gold_loss":0.0,"damage_taken":0.0,"cards_obtained":["Crippling Poison","Choke"]},{"damage_healed":0.0,"max_hp_gain":0.0,"max_hp_loss":0.0,"gold_gain":0.0,"event_name":"Ghosts","player_choice":"Ignored","floor":28.0,"gold_loss":0.0,"damage_taken":0.0},{"damage_healed":0.0,"max_hp_gain":0.0,"max_hp_loss":0.0,"gold_gain":0.0,"event_name":"Match and Keep!","player_choice":"1 cards matched","floor":29.0,"gold_loss":0.0,"damage_taken":0.0,"cards_obtained":["Backstab"]},{"cards_removed":["Backstab"],"damage_healed":0.0,"max_hp_gain":0.0,"max_hp_loss":0.0,"gold_gain":0.0,"event_name":"Falling","player_choice":"Removed Attack","floor":36.0,"gold_loss":0.0,"damage_taken":0.0},{"damage_healed":0.0,"max_hp_gain":0.0,"max_hp_loss":4.0,"gold_gain":0.0,"event_name":"Winding Halls","player_choice":"Max HP","floor":46.0,"gold_loss":0.0,"damage_taken":0.0}],"is_beta":true,"boss_relics":[{"not_picked":["Fusion Hammer","Empty Cage"],"picked":"Philosopher\u0027s Stone"},{"not_picked":["Coffee Dripper","SlaversCollar"],"picked":"SacredBark"}],"items_purged_floors":[21,39],"is_endless":false,"potions_floor_spawned":[5,7,19,22,30,33,44,47],"ascension_level":16}