{"gold_per_floor":[365,36,54,71,87,87,105,27,27,27,56,73,73,87,87,191,191,204,12,26,41,61,61,86,86,113,113,73,73],"floor_reached":29,"playtime":3639,"items_purged":[],"score":247,"play_id":"2abf11fb-2bad-4c33-b90b-868dd3a52afc","local_time":"20190806031755","is_ascension_mode":false,"campfire_choices":[{"floor":6,"key":"REST"},{"data":"Madness","floor":15,"key":"SMITH"},{"floor":23,"key":"REST"},{"floor":25,"key":"DIG"},{"floor":27,"key":"DIG"}],"neow_cost":"PERCENT_DAMAGE","seed_source_timestamp":172976647080000,"circlet_count":0,"master_deck":["Strike_R","Strike_R","Strike_R","Strike_R","Strike_R","Defend_R","Defend_R","Defend_R","Bash","Infernal Blade","Burning Pact","Ghostly Armor","Pommel Strike","Feel No Pain","Madness+1","Heavy Blade","Shockwave","Clothesline","Thunderclap","Whirlwind","Carnage","Twin Strike","Immolate","Impervious","Iron Wave+1","Infernal Blade","Armaments","Rampage","Anger+1","Carnage"],"relics":["Burning Blood","Pocketwatch","Gremlin Horn","Eternal Feather","ClockworkSouvenir","Shovel","Shuriken","Boot","Meat on the Bone"],"potions_floor_usage":[14,16,16,29],"damage_taken":[{"damage":21,"enemies":"2 Louse","floor":1,"turns":3},{"damage":0,"enemies":"Jaw Worm","floor":3,"turns":2},{"damage":0,"enemies":"Cultist","floor":4,"turns":4},{"damage":5,"enemies":"Exordium Wildlife","floor":5,"turns":2},{"damage":10,"enemies":"2 Fungi Beasts","floor":7,"turns":4},{"damage":40,"enemies":"3 Sentries","floor":11,"turns":5},{"damage":8,"enemies":"3 Louse","floor":12,"turns":3},{"damage":5,"enemies":"Red Slaver","floor":14,"turns":5},{"damage":37,"enemies":"Slime Boss","floor":16,"turns":7},{"damage":6,"enemies":"Chosen","floor":18,"turns":3},{"damage":22,"enemies":"Shell Parasite","floor":20,"turns":6},{"damage":17,"enemies":"Snecko","floor":21,"turns":6},{"damage":15,"enemies":"Snake Plant","floor":22,"turns":4},{"damage":21,"enemies":"Slavers","floor":24,"turns":5},{"damage":81,"enemies":"Gremlin Leader","floor":29,"turns":7}],"seed_played":"-7880995526646111936","potions_obtained":[{"floor":1,"key":"Fire Potion"},{"floor":3,"key":"Swift Potion"},{"floor":14,"key":"SkillPotion"},{"floor":21,"key":"Dexterity Potion"}],"is_trial":false,"path_per_floor":["M","$","M","M","M","R","M","$","T","?","E","M","?","M","R","B",null,"M","$","M","M","M","R","E","R","T","R","$","E"],"character_chosen":"IRONCLAD","items_purchased":["Burning Pact","Ghostly Armor","Pommel Strike","Feel No Pain","Madness","Whirlwind","ClockworkSouvenir","Carnage"],"campfire_rested":2,"item_purchase_floors":[2,2,2,2,2,8,19,28],"current_hp_per_floor":[41,41,47,53,54,78,74,74,74,67,33,31,80,80,80,49,80,80,80,64,53,44,80,65,80,80,80,80,0],"gold":73,"neow_bonus":"TWO_FIFTY_GOLD","is_prod":false,"is_daily":false,"chose_seed":false,"campfire_upgraded":1,"win_rate":0.0,"timestamp":1565079475,"path_taken":["M","$","M","M","M","R","M","$","T","?","E","M","?","M","R","BOSS","M","$","M","M","?","R","E","R","T","R","$","E"],"build_version":"2019-07-05","purchased_purges":0,"victory":false,"max_hp_per_floor":[80,80,80,80,80,80,80,80,80,80,80,80,80,80,80,80,80,80,80,80,80,80,80,80,80,80,80,80,80],"card_choices":[{"not_picked":["Thunderclap","Heavy Blade"],"picked":"Infernal Blade","floor":1},{"not_picked":["Wild Strike","Sword Boomerang"],"picked":"Heavy Blade","floor":3},{"not_picked":["Wild Strike","Perfected Strike"],"picked":"Shockwave","floor":4},{"not_picked":["Body Slam","Sword Boomerang"],"picked":"Clothesline","floor":5},{"not_picked":["Body Slam","Cleave"],"picked":"Thunderclap","floor":7},{"not_picked":["Dropkick","Sword Boomerang"],"picked":"Carnage","floor":11},{"not_picked":["Dropkick","Disarm"],"picked":"Twin Strike","floor":12},{"not_picked":["Flex","Clash"],"picked":"Immolate","floor":14},{"not_picked":["Double Tap","Barricade"],"picked":"Impervious","floor":16},{"not_picked":["Perfected Strike+1","Bloodletting"],"picked":"Iron Wave+1","floor":18},{"not_picked":["Metallicize","Dual Wield"],"picked":"Infernal Blade","floor":20},{"not_picked":["Feel No Pain","Rage"],"picked":"Armaments","floor":21},{"not_picked":["Iron Wave+1","Rage"],"picked":"Rampage","floor":22},{"not_picked":["Sword Boomerang","True Grit"],"picked":"Anger+1","floor":24}],"player_experience":127531,"relics_obtained":[{"floor":9,"key":"Pocketwatch"},{"floor":11,"key":"Gremlin Horn"},{"floor":24,"key":"Shovel"},{"floor":25,"key":"Shuriken"},{"floor":26,"key":"Boot"},{"floor":27,"key":"Meat on the Bone"}],"event_choices":[{"cards_removed":["Defend_R"],"damage_healed":0,"gold_gain":0,"player_choice":"Card Removal","damage_taken":7,"max_hp_gain":0,"max_hp_loss":0,"event_name":"Golden Wing","floor":10,"gold_loss":0},{"damage_healed":49,"gold_gain":0,"player_choice":"Full Heal","damage_taken":0,"max_hp_gain":0,"max_hp_loss":0,"event_name":"Wheel of Change","floor":13,"gold_loss":0}],"is_beta":false,"boss_relics":[{"not_picked":["Lizard Tail","Sozu"],"picked":"Eternal Feather"}],"items_purged_floors":[],"is_endless":false,"potions_floor_spawned":[1,3,14,21],"killed_by":"Gremlin Leader","ascension_level":0}