{"gold_per_floor":[138,186,234,234,294,384,384,489,489,540,618,618,657,657],"floor_reached":14,"playtime":477,"items_purged":[],"score":129,"play_id":"bd566368-4e2a-48ac-809b-bd4a24fbbb22","local_time":"20181011180807","daily_mods":["Cursed Run","Blue Cards","Midas"],"is_ascension_mode":true,"campfire_choices":[],"neow_cost":"","seed_source_timestamp":66086366180606,"circlet_count":0,"master_deck":["Strike_R","Strike_R","Strike_R","Strike_R","Defend_R","Defend_R","Defend_R","Defend_R","Bash","Headbutt","Reinforced Body","Conserve Battery","Regret","White Noise","Regret","Whirlwind"],"relics":["Cursed Key","Darkstone Periapt","Du-Vu Doll","Orichalcum","Centennial Puzzle","Gambling Chip","Gremlin Horn","StoneCalendar"],"potions_floor_usage":[11,14,14],"damage_taken":[{"damage":0,"enemies":"Small Slimes","floor":1,"turns":3},{"damage":0,"enemies":"2 Louse","floor":2,"turns":3},{"damage":1,"enemies":"Cultist","floor":3,"turns":3},{"damage":0,"enemies":"2 Fungi Beasts","floor":5,"turns":4},{"damage":30,"enemies":"3 Sentries","floor":6,"turns":11},{"damage":18,"enemies":"Lagavulin","floor":8,"turns":7},{"damage":12,"enemies":"3 Louse","floor":10,"turns":3},{"damage":19,"enemies":"Gremlin Nob","floor":11,"turns":4},{"damage":9,"enemies":"Looter","floor":13,"turns":3},{"damage":4,"enemies":"Exordium Thugs","floor":14,"turns":2}],"seed_played":"8838283797770241528","potions_obtained":[{"floor":2,"key":"Weak Potion"},{"floor":3,"key":"Strength Potion"},{"floor":8,"key":"Weak Potion"},{"floor":11,"key":"LiquidBronze"}],"is_trial":true,"path_per_floor":["M","M","M","?","M","E","?","E","T","M","E","?","M"],"character_chosen":"IRONCLAD","items_purchased":[],"campfire_rested":0,"item_purchase_floors":[],"current_hp_per_floor":[80,80,79,79,79,49,55,37,43,31,12,12,3,0],"gold":657,"neow_bonus":"","is_prod":false,"is_daily":false,"chose_seed":false,"campfire_upgraded":0,"win_rate":0,"timestamp":1539295687,"path_taken":["M","M","M","?","?","E","?","E","T","?","E","?","M","M"],"build_version":"2018-10-04v2","purchased_purges":0,"victory":false,"max_hp_per_floor":[80,80,80,80,80,80,86,86,92,92,92,92,92,92],"card_choices":[{"not_picked":["Barrage","Conserve Battery"],"picked":"Headbutt","floor":1},{"not_picked":["Perfected Strike","Wild Strike","Exhume"],"picked":"SKIP","floor":2},{"not_picked":["Body Slam","Dual Wield"],"picked":"Reinforced Body","floor":3},{"not_picked":["Cleave","Coolheaded","Compile Driver"],"picked":"SKIP","floor":5},{"not_picked":["Go for the Eyes","Sentinel"],"picked":"Conserve Battery","floor":6},{"not_picked":["Iron Wave","Hello World"],"picked":"White Noise","floor":8},{"not_picked":["Chill","Chaos","Compile Driver"],"picked":"SKIP","floor":10},{"not_picked":["Wild Strike","Undo"],"picked":"Whirlwind","floor":11},{"not_picked":["Buffer","Barrage","Anger"],"picked":"SKIP","floor":13}],"player_experience":230013,"relics_obtained":[{"floor":6,"key":"Orichalcum"},{"floor":8,"key":"Gambling Chip"},{"floor":9,"key":"Gremlin Horn"},{"floor":11,"key":"StoneCalendar"}],"event_choices":[{"event_name":"Living Wall","player_choice":"Forget","floor":4,"damage_taken":0},{"event_name":"Big Fish","player_choice":"Box","floor":7,"damage_taken":0},{"event_name":"Accursed Blacksmith","player_choice":"Ignore","floor":12,"damage_taken":0}],"is_beta":false,"boss_relics":[],"items_purged_floors":[],"is_endless":false,"potions_floor_spawned":[2,3,8,10,11],"killed_by":"Exordium Thugs","ascension_level":3}