{"gold_per_floor":[118,138,138,155,155,185,200,211,211,221,221,232,242,242,242,371,371,396,58,73,73,73,73,73,86,133,133,58,183,183,202,202,202],"floor_reached":33,"playtime":2886,"items_purged":["Strike_B"],"score":249,"play_id":"944cc4be-c86f-4be9-bd76-6d970e8bbbc7","local_time":"20190813011133","is_ascension_mode":false,"campfire_choices":[{"floor":11,"key":"REST"},{"floor":15,"key":"REST"},{"data":"Tempest","floor":23,"key":"SMITH"},{"data":"Coolheaded","floor":27,"key":"SMITH"},{"floor":32,"key":"REST"}],"neow_cost":"TEN_PERCENT_HP_LOSS","seed_source_timestamp":12477544415200,"circlet_count":0,"master_deck":["Strike_B","Strike_B","Defend_B","Defend_B","Defend_B","Zap","Dualcast","Echo Form","Beam Cell","Tempest+1","Leap","Double Energy","Creative AI","Ball Lightning","Lockon","Cold Snap","Defragment","Seek","Streamline+1","Genetic Algorithm","Lockon","Coolheaded+1","Reinforced Body"],"relics":["Cracked Core","Matryoshka","Mercury Hourglass","Pear","Golden Idol","Sozu","Strawberry","Cables","Singing Bowl","Bag of Preparation","Incense Burner","Dodecahedron"],"potions_floor_usage":[13,13,16],"damage_taken":[{"damage":5,"enemies":"2 Louse","floor":1,"turns":3},{"damage":6,"enemies":"Cultist","floor":2,"turns":3},{"damage":6,"enemies":"Jaw Worm","floor":4,"turns":3},{"damage":19,"enemies":"Lagavulin","floor":6,"turns":7},{"damage":10,"enemies":"3 Louse","floor":7,"turns":4},{"damage":7,"enemies":"Blue Slaver","floor":8,"turns":2},{"damage":0,"enemies":"Large Slime","floor":10,"turns":3},{"damage":0,"enemies":"2 Fungi Beasts","floor":12,"turns":2},{"damage":7,"enemies":"Exordium Wildlife","floor":13,"turns":5},{"damage":21,"enemies":"The Guardian","floor":16,"turns":9},{"damage":10,"enemies":"Shell Parasite","floor":18,"turns":4},{"damage":5,"enemies":"Chosen","floor":20,"turns":3},{"damage":13,"enemies":"Centurion and Healer","floor":25,"turns":3},{"damage":2,"enemies":"Colosseum Slavers","floor":29,"turns":3},{"damage":25,"enemies":"Colosseum Nobs","floor":29,"turns":4},{"damage":31,"enemies":"3 Cultists","floor":31,"turns":5},{"damage":39,"enemies":"Champ","floor":33,"turns":6}],"seed_played":"-2264317313428748286","potions_obtained":[{"floor":2,"key":"Dexterity Potion"},{"floor":7,"key":"Poison Potion"},{"floor":8,"key":"Dexterity Potion"},{"floor":10,"key":"FocusPotion"},{"floor":12,"key":"Fire Potion"}],"is_trial":false,"path_per_floor":["M","M","?","M","?","E","M","M","T","M","R","M","M","?","R","B",null,"M","$","M","$","?","R","?","M","T","R","?","?","?","M","R","B"],"character_chosen":"DEFECT","items_purchased":["Strawberry","Genetic Algorithm","Lockon"],"campfire_rested":3,"item_purchase_floors":[19,19,19],"current_hp_per_floor":[63,57,57,51,51,32,22,15,25,25,48,48,41,22,45,24,78,68,75,70,70,70,70,70,57,57,57,57,32,32,1,27,0],"gold":202,"neow_bonus":"THREE_RARE_CARDS","is_prod":false,"is_daily":false,"chose_seed":false,"campfire_upgraded":2,"win_rate":0,"timestamp":1565676693,"path_taken":["M","M","?","M","?","E","M","M","T","?","R","M","M","?","R","BOSS","M","$","M","$","?","R","?","M","T","R","?","?","?","M","R","BOSS"],"build_version":"2019-07-05","purchased_purges":1,"victory":false,"max_hp_per_floor":[68,68,68,68,68,68,68,68,78,78,78,78,78,78,78,78,78,78,85,85,85,85,85,85,85,85,85,85,87,87,87,87,87],"card_choices":[{"not_picked":["All For One","Hyperbeam"],"picked":"Echo Form","floor":0},{"not_picked":["Gash","Ball Lightning"],"picked":"Beam Cell","floor":1},{"not_picked":["Compile Driver","Reinforced Body"],"picked":"Tempest","floor":2},{"not_picked":["Rebound","Conserve Battery"],"picked":"Leap","floor":4},{"not_picked":["Rip and Tear","Compile Driver"],"picked":"Creative AI","floor":6},{"not_picked":["Compile Driver","Rebound"],"picked":"Ball Lightning","floor":7},{"not_picked":["Turbo","Cold Snap"],"picked":"Lockon","floor":8},{"not_picked":["BootSequence","Turbo"],"picked":"Cold Snap","floor":10},{"not_picked":["Fusion","Tempest"],"picked":"Defragment","floor":12},{"not_picked":["Steam","Biased Cognition","Leap"],"picked":"SKIP","floor":13},{"not_picked":["Reboot","Buffer"],"picked":"Seek","floor":16},{"not_picked":["Ball Lightning","Turbo"],"picked":"Streamline+1","floor":18},{"not_picked":["Beam Cell","Rebound"],"picked":"Coolheaded","floor":20},{"not_picked":["Beam Cell","Compile Driver+1","Gash"],"picked":"SKIP","floor":25},{"not_picked":["Conserve Battery","Sunder","Creative AI"],"picked":"Singing Bowl","floor":29},{"not_picked":["Blizzard","Compile Driver"],"picked":"Reinforced Body","floor":31}],"player_experience":290589,"relics_obtained":[{"floor":6,"key":"Matryoshka"},{"floor":9,"key":"Mercury Hourglass"},{"floor":9,"key":"Pear"},{"floor":26,"key":"Singing Bowl"},{"floor":26,"key":"Bag of Preparation"},{"floor":29,"key":"Incense Burner"},{"floor":29,"key":"Dodecahedron"}],"event_choices":[{"damage_healed":0,"gold_gain":0,"player_choice":"Ignored","damage_taken":0,"max_hp_gain":0,"max_hp_loss":0,"event_name":"Shining Light","floor":3,"gold_loss":0},{"damage_healed":0,"gold_gain":0,"cards_transformed":["Strike_B"],"player_choice":"Transformed","damage_taken":0,"max_hp_gain":0,"max_hp_loss":0,"event_name":"Transmorgrifier","floor":5,"gold_loss":0,"cards_obtained":["Double Energy"]},{"damage_healed":0,"gold_gain":0,"player_choice":"Take Damage","damage_taken":19,"relics_obtained":["Golden Idol"],"max_hp_gain":0,"max_hp_loss":0,"event_name":"Golden Idol","floor":14,"gold_loss":0},{"cards_removed":["Defend_B"],"damage_healed":0,"gold_gain":0,"player_choice":"Elegance","damage_taken":0,"max_hp_gain":0,"max_hp_loss":0,"event_name":"Back to Basics","floor":22,"gold_loss":0},{"damage_healed":0,"gold_gain":0,"player_choice":"Stole Relic","damage_taken":0,"relics_obtained":["Cables"],"max_hp_gain":0,"max_hp_loss":0,"event_name":"Addict","floor":24,"gold_loss":0,"cards_obtained":["Shame"]},{"cards_removed":["Shame"],"damage_healed":0,"gold_gain":0,"player_choice":"Gave Gold","damage_taken":0,"max_hp_gain":0,"max_hp_loss":0,"event_name":"Beggar","floor":28,"gold_loss":75},{"damage_healed":0,"gold_gain":0,"player_choice":"Fight","damage_taken":0,"max_hp_gain":0,"max_hp_loss":0,"event_name":"Colosseum","floor":29,"gold_loss":0},{"damage_healed":0,"gold_gain":0,"player_choice":"Fought Nobs","damage_taken":0,"max_hp_gain":0,"max_hp_loss":0,"event_name":"Colosseum","floor":29,"gold_loss":0},{"damage_healed":0,"gold_gain":0,"player_choice":"Ignored","damage_taken":0,"max_hp_gain":0,"max_hp_loss":0,"event_name":"Cursed Tome","floor":30,"gold_loss":0}],"is_beta":false,"boss_relics":[{"not_picked":["Runic Dome","Snecko Eye"],"picked":"Sozu"}],"items_purged_floors":[19],"is_endless":false,"potions_floor_spawned":[2,7,8,10,12,18,25],"killed_by":"Champ","ascension_level":0}