{"gold_per_floor":[110,35,47,61,11,42,42,42,42,42,60,80,80,96,96,96],"floor_reached":16,"playtime":624,"items_purged":["Bloodletting"],"score":101,"play_id":"4981d412-6375-4b1e-ae3d-17caa513ab55","local_time":"20190526124320","daily_mods":["Specialized","Green Cards","Terminal"],"is_ascension_mode":false,"campfire_choices":[{"floor":15,"key":"DIG"}],"neow_cost":"","seed_source_timestamp":0,"circlet_count":0,"master_deck":["Strike_R","Strike_R","Strike_R","Strike_R","Strike_R","Defend_R","Defend_R","Defend_R","Defend_R","Bash","Bloodletting","Bloodletting","Uppercut","Inflame","Terror","Wild Strike","Quick Slash"],"relics":["Burning Blood","Bird Faced Urn","Shovel","Spirit Poop","The Courier"],"potions_floor_usage":[6,14,14],"damage_taken":[{"damage":0,"enemies":"Cultist","floor":1,"turns":4},{"damage":0,"enemies":"Small Slimes","floor":3,"turns":5},{"damage":0,"enemies":"2 Louse","floor":4,"turns":3},{"damage":48,"enemies":"3 Sentries","floor":6,"turns":12},{"damage":6,"enemies":"Exordium Thugs","floor":11,"turns":5},{"damage":9,"enemies":"Large Slime","floor":12,"turns":6},{"damage":2,"enemies":"3 Louse","floor":14,"turns":3},{"damage":55,"enemies":"Slime Boss","floor":16,"turns":11}],"seed_played":"4019253699954150630","potions_obtained":[{"floor":1,"key":"Strength Potion"},{"floor":4,"key":"Poison Potion"},{"floor":6,"key":"Swift Potion"}],"is_trial":true,"path_per_floor":["M","$","M","M","?","E","?","?","T","?","M","M","$","M","R","B"],"character_chosen":"IRONCLAD","items_purchased":[],"campfire_rested":0,"item_purchase_floors":[],"current_hp_per_floor":[78,77,76,75,74,32,25,43,43,43,45,44,44,48,48,0],"gold":96,"neow_bonus":"","is_prod":false,"is_daily":false,"chose_seed":false,"campfire_upgraded":0,"win_rate":0,"timestamp":1558889000,"path_taken":["M","$","M","?","?","E","?","?","T","?","M","M","$","?","R","BOSS"],"build_version":"2019-01-23","purchased_purges":1,"victory":false,"max_hp_per_floor":[78,77,76,75,74,73,72,71,70,66,65,64,63,62,61,61],"card_choices":[{"not_picked":["Anger","Armaments"],"picked":"Uppercut","floor":1},{"not_picked":["Dagger Spray","Flex","Berserk"],"picked":"SKIP","floor":3},{"not_picked":["Combust","Tactician"],"picked":"Inflame","floor":4},{"not_picked":["Backstab","Ghostly Armor"],"picked":"Terror","floor":6},{"not_picked":["Dodge and Roll","Warcry"],"picked":"Wild Strike","floor":11},{"not_picked":["Deadly Poison","Iron Wave","Infinite Blades"],"picked":"SKIP","floor":12},{"not_picked":["Finisher","PiercingWail"],"picked":"Quick Slash","floor":14}],"player_experience":309160,"relics_obtained":[{"floor":6,"key":"Bird Faced Urn"},{"floor":9,"key":"Shovel"},{"floor":15,"key":"The Courier"}],"event_choices":[{"cards_removed":["Bloodletting"],"damage_healed":0,"gold_gain":0,"player_choice":"Card Removal","damage_taken":0,"max_hp_gain":0,"max_hp_loss":0,"event_name":"The Cleric","floor":5,"gold_loss":50},{"cards_removed":["Bloodletting"],"damage_healed":0,"gold_gain":0,"player_choice":"Card Removal","damage_taken":7,"max_hp_gain":0,"max_hp_loss":0,"event_name":"Golden Wing","floor":7,"gold_loss":0},{"damage_healed":18,"gold_gain":0,"player_choice":"Healed and dodged fight","damage_taken":0,"max_hp_gain":0,"max_hp_loss":0,"event_name":"Mushrooms","floor":8,"gold_loss":0,"cards_obtained":["Parasite"]},{"cards_removed":["Parasite"],"damage_healed":0,"gold_gain":0,"player_choice":"Offered Curse","damage_taken":0,"relics_obtained":["Spirit Poop"],"max_hp_gain":0,"max_hp_loss":0,"event_name":"Bonfire Elementals","floor":10,"gold_loss":0}],"is_beta":false,"boss_relics":[],"items_purged_floors":[2],"is_endless":true,"potions_floor_spawned":[1,4,6],"killed_by":"Slime Boss","ascension_level":0}