{"gold_per_floor":[359,375,386,34,209,209,16,50,50,79,89,89,89,118,130,244,256,282,16,33,33,48,48,80,94,119,146,166,180,26,26,26,124,124,138,138,183,199,48,48,68,68,93,93,128,128,160,171,171,171],"floor_reached":51,"playtime":4356,"items_purged":["Doubt","Strike_R"],"score":804,"play_id":"986e1bcb-3b59-465e-b335-8dfc1c495bb1","local_time":"20190901040803","is_ascension_mode":true,"campfire_choices":[{"data":"Apotheosis","floor":6.0,"key":"SMITH"},{"floor":12.0,"key":"REST"},{"floor":15.0,"key":"REST"},{"data":"True Grit","floor":23.0,"key":"SMITH"},{"floor":32.0,"key":"REST"},{"floor":40,"key":"REST"},{"floor":49,"key":"REST"}],"neow_cost":"TEN_PERCENT_HP_LOSS","seed_source_timestamp":0,"circlet_count":0,"master_deck":["Strike_R","Strike_R","Strike_R","Strike_R","Defend_R","Defend_R","Defend_R","Bash","Heavy Blade","Whirlwind","Shrug It Off","Apotheosis+1","Corruption","Disarm","Spot Weakness","Clothesline","True Grit+1","Feed","Clash+1","Flash of Steel","Blood for Blood","Fiend Fire+1","Dropkick+1","Feel No Pain","Juggernaut","Anger+1","Seeing Red+1","Havoc+1","Madness","Secret Technique","Secret Technique","Entrench","Second Wind+1"],"special_seed":0,"relics":["Burning Blood","Ancient Tea Set","Tiny Chest","Pocketwatch","Nunchaku","Regal Pillow","MawBank","Runic Cube","Art of War","FaceOfCleric","Unceasing Top","Omamori","Whetstone","Necronomicon","Fusion Hammer","Juzu Bracelet","Oddly Smooth Stone","Lantern","Anchor"],"potions_floor_usage":[45,45,50],"damage_taken":[{"damage":15.0,"enemies":"Small Slimes","floor":1.0,"turns":3.0},{"damage":2.0,"enemies":"2 Louse","floor":2.0,"turns":3.0},{"damage":1.0,"enemies":"Cultist","floor":3.0,"turns":3.0},{"damage":25.0,"enemies":"Gremlin Nob","floor":8.0,"turns":5.0},{"damage":32.0,"enemies":"3 Sentries","floor":10.0,"turns":6.0},{"damage":1.0,"enemies":"Exordium Thugs","floor":11.0,"turns":3.0},{"damage":9.0,"enemies":"Gremlin Gang","floor":14.0,"turns":4.0},{"damage":35.0,"enemies":"The Guardian","floor":16.0,"turns":8.0},{"damage":2.0,"enemies":"3 Byrds","floor":18.0,"turns":4.0},{"damage":2.0,"enemies":"Chosen","floor":20.0,"turns":4.0},{"damage":12.0,"enemies":"3 Cultists","floor":22.0,"turns":4.0},{"damage":22.0,"enemies":"Book of Stabbing","floor":24.0,"turns":5.0},{"damage":14.0,"enemies":"Chosen and Byrds","floor":25.0,"turns":5.0},{"damage":26.0,"enemies":"Centurion and Healer","floor":28.0,"turns":4.0},{"damage":9.0,"enemies":"Snake Plant","floor":29.0,"turns":4.0},{"damage":12.0,"enemies":"Champ","floor":33.0,"turns":8.0},{"damage":22.0,"enemies":"3 Shapes","floor":35.0,"turns":5.0},{"damage":6,"enemies":"Orb Walker","floor":38,"turns":3},{"damage":0,"enemies":"3 Darklings","floor":41,"turns":1},{"damage":64,"enemies":"Nemesis","floor":45,"turns":3},{"damage":31,"enemies":"Reptomancer","floor":47,"turns":4},{"damage":0,"enemies":"Maw","floor":48,"turns":6},{"damage":46,"enemies":"Donu and Deca","floor":50,"turns":8}],"seed_played":"-2081932808575835519","potions_obtained":[{"floor":1.0,"key":"Dexterity Potion"},{"floor":2.0,"key":"PowerPotion"},{"floor":10.0,"key":"AttackPotion"},{"floor":14.0,"key":"FairyPotion"},{"floor":22.0,"key":"Fire Potion"},{"floor":24.0,"key":"Poison Potion"},{"floor":25.0,"key":"Poison Potion"},{"floor":29.0,"key":"FearPotion"},{"floor":33.0,"key":"Energy Potion"},{"floor":45,"key":"SneckoOil"},{"floor":48,"key":"Dexterity Potion"}],"is_trial":false,"path_per_floor":["M","M","M","$","?","R","$","E","T","E","M","R","?","M","R","B",null,"M","$","M","?","M","R","E","M","T","T","M","M","$","?","R","B",null,"M","?","T","M","$","R","M","?","T","?","E","?","E","M","R","B",null],"character_chosen":"IRONCLAD","items_purchased":["Apotheosis","Ancient Tea Set","Tiny Chest","Corruption","Art of War","Flash of Steel","Blood for Blood","Feel No Pain","PowerPotion"],"campfire_rested":5,"item_purchase_floors":[4,4,7,7,19,19,19,30,39],"current_hp_per_floor":[63,67,72,72,72,72,72,53,53,27,32,68,50,47,72,43,72,72,72,72,72,67,67,56,49,49,49,34,32,32,16,56,51,86,74,74,74,78,78,94,95,95,95,85,28,52,28,35,79,40],"gold":171,"neow_bonus":"TWO_FIFTY_GOLD","is_prod":false,"is_daily":false,"chose_seed":false,"campfire_upgraded":2,"win_rate":0,"timestamp":1567328883,"path_taken":["M","M","M","$","?","R","$","E","T","E","M","R","?","M","R","BOSS","M","$","M","?","M","R","E","?","T","?","?","M","$","?","R","BOSS","M","?","?","M","$","R","M","?","T","?","E","?","E","M","R","BOSS"],"build_version":"2019-08-26","purchased_purges":2,"victory":true,"max_hp_per_floor":[72,72,72,72,72,72,72,72,72,72,72,72,72,72,72,72,72,72,72,72,72,73,73,78,79,79,79,84,85,85,85,85,86,86,90,90,90,94,94,94,95,95,95,95,96,96,97,98,98,99],"card_choices":[{"not_picked":["Burning Pact","Rage"],"picked":"Heavy Blade","floor":1.0},{"not_picked":["Cleave","Headbutt"],"picked":"Whirlwind","floor":2.0},{"not_picked":["Metallicize","Seeing Red"],"picked":"Shrug It Off","floor":3.0},{"not_picked":["Wild Strike","Heavy Blade"],"picked":"Disarm","floor":8.0},{"not_picked":["Flex","Shrug It Off"],"picked":"Spot Weakness","floor":10.0},{"not_picked":["Cleave","Shrug It Off"],"picked":"Clothesline","floor":11.0},{"not_picked":["Iron Wave","Bloodletting"],"picked":"True Grit","floor":14.0},{"not_picked":["Offering","Berserk"],"picked":"Feed","floor":16.0},{"not_picked":["Headbutt","Perfected Strike"],"picked":"Clash","floor":18.0},{"not_picked":["Flex","Feel No Pain"],"picked":"Fiend Fire","floor":20.0},{"not_picked":["Pommel Strike","Wild Strike","True Grit"],"picked":"SKIP","floor":22.0},{"not_picked":["Thunderclap","Armaments","Iron Wave+1"],"picked":"SKIP","floor":24.0},{"not_picked":["Heavy Blade","Headbutt","Shrug It Off"],"picked":"SKIP","floor":25.0},{"not_picked":["Combust","Fire Breathing"],"picked":"Dropkick+1","floor":28.0},{"not_picked":["True Grit","Thunderclap","Shrug It Off"],"picked":"SKIP","floor":29.0},{"not_picked":["Offering","Berserk"],"picked":"Juggernaut","floor":33.0},{"not_picked":["Warcry+1","Clash+1"],"picked":"Anger+1","floor":35.0},{"not_picked":["Iron Wave","Juggernaut"],"picked":"Seeing Red+1","floor":38},{"not_picked":["Clash","Spot Weakness+1"],"picked":"Havoc+1","floor":41},{"not_picked":["Good Instincts","Jack Of All Trades"],"picked":"Madness","floor":44},{"not_picked":["PanicButton","Metamorphosis"],"picked":"Secret Technique","floor":44},{"not_picked":["Madness","Flash of Steel"],"picked":"Secret Technique","floor":44},{"not_picked":["Reckless Charge","Sword Boomerang+1"],"picked":"Entrench","floor":45},{"not_picked":["True Grit","Seeing Red+1"],"picked":"Second Wind+1","floor":47},{"not_picked":["Thunderclap+1","Pommel Strike","Dropkick"],"picked":"SKIP","floor":48}],"player_experience":503865,"relics_obtained":[{"floor":8.0,"key":"Pocketwatch"},{"floor":9.0,"key":"Nunchaku"},{"floor":10.0,"key":"Regal Pillow"},{"floor":24.0,"key":"Unceasing Top"},{"floor":26.0,"key":"Omamori"},{"floor":27.0,"key":"Whetstone"},{"floor":31.0,"key":"Necronomicon"},{"floor":37,"key":"Juzu Bracelet"},{"floor":43,"key":"Oddly Smooth Stone"},{"floor":45,"key":"Lantern"},{"floor":47,"key":"Anchor"}],"event_choices":[{"damage_healed":0.0,"max_hp_gain":0.0,"max_hp_loss":0.0,"gold_gain":175.0,"event_name":"Liars Game","player_choice":"AGREE","floor":5.0,"gold_loss":0.0,"damage_taken":0.0,"cards_obtained":["Doubt"]},{"damage_healed":0.0,"max_hp_gain":0.0,"max_hp_loss":0.0,"gold_gain":0.0,"event_name":"Scrap Ooze","player_choice":"Success","floor":13.0,"gold_loss":0.0,"damage_taken":18.0,"relics_obtained":["MawBank"]},{"damage_healed":0.0,"max_hp_gain":0.0,"max_hp_loss":0.0,"gold_gain":0.0,"event_name":"FaceTrader","player_choice":"Trade","floor":21.0,"gold_loss":0.0,"damage_taken":0.0,"relics_obtained":["FaceOfCleric"]},{"damage_healed":0.0,"max_hp_gain":0.0,"max_hp_loss":0.0,"gold_gain":0.0,"event_name":"Cursed Tome","player_choice":"Obtained Book","floor":31.0,"gold_loss":0.0,"damage_taken":16.0},{"damage_healed":0,"gold_gain":0,"player_choice":"Ignored","damage_taken":0,"max_hp_gain":0,"max_hp_loss":0,"event_name":"Mysterious Sphere","floor":36,"gold_loss":0},{"cards_removed":["Defend_R"],"damage_healed":0,"gold_gain":0,"player_choice":"Removed Skill","damage_taken":0,"max_hp_gain":0,"max_hp_loss":0,"event_name":"Falling","floor":42,"gold_loss":0},{"damage_healed":0,"gold_gain":0,"player_choice":"Memory 3","damage_taken":10,"max_hp_gain":0,"max_hp_loss":0,"event_name":"SensoryStone","floor":44,"gold_loss":0},{"damage_healed":24,"gold_gain":0,"player_choice":"Writhe","damage_taken":0,"max_hp_gain":0,"max_hp_loss":0,"event_name":"Winding Halls","floor":46,"gold_loss":0,"cards_obtained":["Writhe"]}],"is_beta":true,"boss_relics":[{"not_picked":["Calling Bell","Ectoplasm"],"picked":"Runic Cube"},{"not_picked":["Mark of Pain","White Beast Statue"],"picked":"Fusion Hammer"}],"items_purged_floors":[30,39],"is_endless":false,"potions_floor_spawned":[1,2,10,14,22,24,25,29,33,45,48],"ascension_level":2}