{"gold_per_floor":[113,113,124,139,139,172,182,182,182,215,215,235,235,235,235,361,361,377,377,377,39,58,97,27,70,94,94,19,32,56,56],"floor_reached":31,"playtime":917,"items_purged":["Hyperbeam"],"score":394,"play_id":"689228ee-0981-47b6-9a95-40e1cf338deb","local_time":"20181024131442","is_ascension_mode":true,"campfire_choices":[{"data":"Leap","floor":8,"key":"SMITH"},{"data":"Beam Cell","floor":11,"key":"SMITH"},{"data":"Static Discharge","floor":13,"key":"SMITH"},{"floor":15,"key":"REST"},{"floor":27,"key":"REST"}],"neow_cost":"NONE","seed_source_timestamp":1198746099915082,"circlet_count":0,"master_deck":["Strike_B","Strike_B","Strike_B","Defend_B","Defend_B","Defend_B","Defend_B","Zap","Dualcast","Static Discharge+1","Leap+1","Go for the Eyes","Hello World","Beam Cell+1","Echo Form","Beam Cell+1","Genetic Algorithm","Conserve Battery","Defragment","Malaise"],"relics":["Cracked Core","FaceOfCleric","PreservedInsect","FossilizedHelix","Letter Opener","Pocketwatch","Golden Idol","Busted Crown","Ornamental Fan","PrismaticShard","Symbiotic Virus","Dodecahedron","Dream Catcher"],"potions_floor_usage":[6,6,25],"damage_taken":[{"damage":2,"enemies":"Jaw Worm","floor":1,"turns":3},{"damage":0,"enemies":"Cultist","floor":3,"turns":4},{"damage":3,"enemies":"Small Slimes","floor":4,"turns":3},{"damage":18,"enemies":"Gremlin Nob","floor":6,"turns":4},{"damage":8,"enemies":"3 Louse","floor":7,"turns":2},{"damage":0,"enemies":"3 Sentries","floor":10,"turns":3},{"damage":0,"enemies":"2 Fungi Beasts","floor":12,"turns":2},{"damage":0,"enemies":"Slime Boss","floor":16,"turns":9},{"damage":21,"enemies":"2 Thieves","floor":18,"turns":3},{"damage":0,"enemies":"Colosseum Slavers","floor":19,"turns":2},{"damage":11,"enemies":"Spheric Guardian","floor":22,"turns":4},{"damage":20,"enemies":"Book of Stabbing","floor":23,"turns":5},{"damage":15,"enemies":"Slavers","floor":25,"turns":3},{"damage":22,"enemies":"Centurion and Healer","floor":29,"turns":6},{"damage":0,"enemies":"Snecko","floor":30,"turns":6},{"damage":25,"enemies":"3 Cultists","floor":31,"turns":4}],"seed_played":"8722419240214143715","potions_obtained":[{"floor":3,"key":"Explosive Potion"},{"floor":4,"key":"Weak Potion"},{"floor":16,"key":"Swift Potion"},{"floor":22,"key":"Ancient Potion"}],"is_trial":false,"path_per_floor":["M","?","M","M","?","E","M","R","T","E","R","M","R","?","R","B",null,"M","?","T","$","M","E","$","E","T","R","?","M","M"],"character_chosen":"DEFECT","items_purchased":["Genetic Algorithm","PrismaticShard","Defragment"],"campfire_rested":2,"item_purchase_floors":[21,21,24],"current_hp_per_floor":[73,73,74,72,65,48,41,41,41,42,42,43,43,43,65,66,76,56,57,57,57,47,28,28,14,14,38,38,17,18,0],"gold":56,"neow_bonus":"ONE_RANDOM_RARE_CARD","is_prod":false,"is_daily":false,"chose_seed":false,"campfire_upgraded":3,"win_rate":0,"timestamp":1540401282,"path_taken":["M","?","M","M","?","E","M","R","T","E","R","M","R","?","R","BOSS","M","?","?","$","?","E","?","E","T","R","?","M","?","M"],"build_version":"2018-10-18","purchased_purges":1,"victory":false,"max_hp_per_floor":[75,75,76,77,77,78,79,79,79,80,80,81,81,75,75,76,76,77,78,78,78,79,80,80,81,81,81,81,82,83,83],"card_choices":[{"not_picked":["Beam Cell","Cold Snap"],"picked":"Static Discharge","floor":1},{"not_picked":["Sweeping Beam","Go for the Eyes"],"picked":"Leap","floor":3},{"not_picked":["Double Energy","Rebound"],"picked":"Go for the Eyes","floor":4},{"not_picked":["Rebound","Heatsinks"],"picked":"Hello World","floor":6},{"not_picked":["Ball Lightning","Rebound"],"picked":"Beam Cell","floor":7},{"not_picked":["Meteor Strike","Chaos","Streamline"],"picked":"SKIP","floor":10},{"not_picked":["Ball Lightning","Go for the Eyes","Rip and Tear"],"picked":"SKIP","floor":12},{"not_picked":["Reboot","Fission"],"picked":"Echo Form","floor":16},{"not_picked":[],"picked":"Beam Cell+1","floor":18},{"not_picked":[],"picked":"Conserve Battery","floor":22},{"not_picked":["Streamline"],"picked":"SKIP","floor":23},{"not_picked":["Flying Knee"],"picked":"SKIP","floor":25},{"not_picked":[],"picked":"Malaise","floor":27},{"not_picked":["Flex"],"picked":"SKIP","floor":29},{"not_picked":["FTL+1"],"picked":"SKIP","floor":30}],"player_experience":250603,"relics_obtained":[{"floor":6,"key":"FossilizedHelix"},{"floor":9,"key":"Letter Opener"},{"floor":10,"key":"Pocketwatch"},{"floor":20,"key":"Ornamental Fan"},{"floor":23,"key":"Symbiotic Virus"},{"floor":25,"key":"Dodecahedron"},{"floor":26,"key":"Dream Catcher"}],"event_choices":[{"damage_healed":0,"gold_gain":0,"player_choice":"Trade","damage_taken":0,"relics_obtained":["FaceOfCleric"],"max_hp_gain":0,"max_hp_loss":0,"event_name":"FaceTrader","floor":2,"gold_loss":0},{"damage_healed":0,"gold_gain":0,"player_choice":"Success","damage_taken":7,"relics_obtained":["PreservedInsect"],"max_hp_gain":0,"max_hp_loss":0,"event_name":"Scrap Ooze","floor":5,"gold_loss":0},{"damage_healed":0,"gold_gain":0,"player_choice":"Lose Max HP","damage_taken":0,"relics_obtained":["Golden Idol"],"max_hp_gain":0,"max_hp_loss":6,"event_name":"Golden Idol","floor":14,"gold_loss":0},{"damage_healed":0,"gold_gain":0,"player_choice":"Fight","damage_taken":0,"max_hp_gain":0,"max_hp_loss":0,"event_name":"Colosseum","floor":19,"gold_loss":0},{"damage_healed":0,"gold_gain":0,"player_choice":"Fled From Nobs","damage_taken":0,"max_hp_gain":0,"max_hp_loss":0,"event_name":"Colosseum","floor":19,"gold_loss":0},{"cards_removed":["Strike_B"],"damage_healed":0,"gold_gain":0,"player_choice":"Gave Gold","damage_taken":0,"max_hp_gain":0,"max_hp_loss":0,"event_name":"Beggar","floor":28,"gold_loss":75}],"is_beta":false,"boss_relics":[{"not_picked":["White Beast Statue","Runic Pyramid"],"picked":"Busted Crown"}],"items_purged_floors":[21],"is_endless":false,"potions_floor_spawned":[3,4,16,19,22],"killed_by":"3 Cultists","ascension_level":2}