{"gold_per_floor":[118,129,145,161,213,213,231,251,251,263,280,294,294,311,311,416,416,436,436,134,147,162,162,162,162,162,177,177,197,211,225,225,225],"floor_reached":33,"playtime":10491,"items_purged":["Defend_R"],"score":274,"play_id":"ba953852-ede1-413b-9eee-a6144e1b2396","local_time":"20190803222101","is_ascension_mode":false,"campfire_choices":[{"data":"True Grit","floor":6,"key":"SMITH"},{"data":"Corruption","floor":15,"key":"SMITH"},{"data":"Shockwave","floor":23,"key":"SMITH"},{"data":"Burning Pact","floor":25,"key":"SMITH"},{"data":"Battle Trance","floor":32,"key":"SMITH"}],"neow_cost":"NONE","seed_source_timestamp":153343893813300,"circlet_count":0,"master_deck":["Strike_R","Strike_R","Strike_R","Strike_R","Strike_R","Defend_R","Defend_R","Defend_R","Bash","Armaments","Clothesline","True Grit+1","Rampage","Clothesline","Burning Pact+1","Corruption+1","Flame Barrier","Reaper","Dropkick","Ghostly","Ghostly","Ghostly","Ghostly","Ghostly","Shockwave+1","Shrug It Off+1","Pommel Strike+1","Battle Trance+1","Shrug It Off"],"relics":["Black Blood","Regal Pillow","Bag of Marbles","Omamori","WarpedTongs","Membership Card","Ice Cream","Oddly Smooth Stone"],"potions_floor_usage":[16,16,21,30,33,33,33],"damage_taken":[{"damage":1,"enemies":"Cultist","floor":1,"turns":4},{"damage":0,"enemies":"2 Louse","floor":2,"turns":4},{"damage":6,"enemies":"Jaw Worm","floor":3,"turns":3},{"damage":11,"enemies":"Large Slime","floor":4,"turns":6},{"damage":8,"enemies":"Looter","floor":7,"turns":3},{"damage":8,"enemies":"Exordium Thugs","floor":8,"turns":5},{"damage":10,"enemies":"Large Slime","floor":10,"turns":7},{"damage":2,"enemies":"3 Louse","floor":11,"turns":3},{"damage":8,"enemies":"2 Fungi Beasts","floor":12,"turns":3},{"damage":0,"enemies":"Blue Slaver","floor":14,"turns":4},{"damage":26,"enemies":"Slime Boss","floor":16,"turns":12},{"damage":37,"enemies":"Shell Parasite","floor":18,"turns":8},{"damage":13,"enemies":"3 Byrds","floor":21,"turns":9},{"damage":19,"enemies":"Centurion and Healer","floor":22,"turns":10},{"damage":10,"enemies":"Cultist and Chosen","floor":27,"turns":9},{"damage":17,"enemies":"3 Cultists","floor":29,"turns":7},{"damage":38,"enemies":"Centurion and Healer","floor":30,"turns":10},{"damage":2,"enemies":"Snecko","floor":31,"turns":6},{"damage":42,"enemies":"Automaton","floor":33,"turns":10}],"seed_played":"-6528789389016052663","potions_obtained":[{"floor":2,"key":"BloodPotion"},{"floor":4,"key":"Fire Potion"},{"floor":7,"key":"GamblersBrew"},{"floor":18,"key":"FearPotion"},{"floor":30,"key":"Block Potion"},{"floor":31,"key":"Block Potion"}],"is_trial":false,"path_per_floor":["M","M","M","M","T","R","M","M","T","M","M","M","?","M","R","B",null,"M","?","$","M","M","R","?","R","T","M","?","M","M","M","R","B"],"character_chosen":"IRONCLAD","items_purchased":["Shockwave","Membership Card","FearPotion"],"campfire_rested":0,"item_purchase_floors":[20,20,20],"current_hp_per_floor":[80,80,80,75,75,75,73,71,71,67,71,69,69,75,75,55,80,58,40,40,40,40,40,40,40,40,40,40,33,24,39,39,0],"gold":225,"neow_bonus":"RANDOM_COMMON_RELIC","is_prod":false,"is_daily":false,"chose_seed":false,"campfire_upgraded":5,"win_rate":0.0,"timestamp":1564888861,"path_taken":["M","M","M","M","?","R","M","?","T","M","M","?","?","?","R","BOSS","M","?","$","M","M","R","?","R","T","M","?","M","M","M","R","BOSS"],"build_version":"2019-07-05","purchased_purges":1,"victory":false,"max_hp_per_floor":[80,80,80,80,80,80,80,80,80,80,80,80,80,80,80,80,80,80,40,40,40,40,40,40,40,40,40,40,40,40,40,40,40],"card_choices":[{"not_picked":["Clash","Clothesline"],"picked":"Armaments","floor":1},{"not_picked":["Whirlwind","Flex","Headbutt"],"picked":"SKIP","floor":2},{"not_picked":["Heavy Blade","Flex"],"picked":"Clothesline","floor":3},{"not_picked":["Bloodletting","Cleave"],"picked":"True Grit","floor":4},{"not_picked":["Headbutt","Clash","Anger"],"picked":"SKIP","floor":7},{"not_picked":["Anger","Sword Boomerang"],"picked":"Rampage","floor":8},{"not_picked":["Warcry","Thunderclap"],"picked":"Clothesline","floor":10},{"not_picked":["Heavy Blade","Fiend Fire"],"picked":"Burning Pact","floor":11},{"not_picked":["Ghostly Armor","Pommel Strike"],"picked":"Corruption","floor":12},{"not_picked":["Cleave","Metallicize"],"picked":"Flame Barrier","floor":14},{"not_picked":["Juggernaut","Limit Break"],"picked":"Reaper","floor":16},{"not_picked":["Bloodletting+1","Metallicize"],"picked":"Dropkick","floor":18},{"not_picked":["Headbutt","True Grit+1","Combust+1"],"picked":"SKIP","floor":21},{"not_picked":["Thunderclap","Sword Boomerang"],"picked":"Shrug It Off+1","floor":22},{"not_picked":["Iron Wave","Armaments"],"picked":"Pommel Strike+1","floor":27},{"not_picked":["Anger","Power Through"],"picked":"Battle Trance","floor":29},{"not_picked":["Clash","Impervious"],"picked":"Shrug It Off","floor":30},{"not_picked":["Headbutt","Warcry","Armaments"],"picked":"SKIP","floor":31}],"player_experience":44363,"relics_obtained":[{"floor":5,"key":"Bag of Marbles"},{"floor":9,"key":"Omamori"},{"floor":26,"key":"Ice Cream"}],"event_choices":[{"damage_healed":0,"gold_gain":0,"player_choice":"Rummage","damage_taken":0,"relics_obtained":["WarpedTongs"],"max_hp_gain":0,"max_hp_loss":0,"event_name":"Accursed Blacksmith","floor":13,"gold_loss":0,"cards_obtained":["Pain"]},{"damage_healed":0,"gold_gain":0,"player_choice":"Became a Ghost","damage_taken":0,"max_hp_gain":0,"max_hp_loss":40,"event_name":"Ghosts","floor":19,"gold_loss":0,"cards_obtained":["Ghostly","Ghostly","Ghostly","Ghostly","Ghostly"]},{"damage_healed":0,"gold_gain":0,"player_choice":"Ignored","damage_taken":0,"max_hp_gain":0,"max_hp_loss":0,"event_name":"Vampires","floor":24,"gold_loss":0},{"damage_healed":0,"gold_gain":0,"player_choice":"Opened","damage_taken":0,"relics_obtained":["Oddly Smooth Stone"],"max_hp_gain":0,"max_hp_loss":0,"event_name":"The Mausoleum","floor":28,"gold_loss":0,"cards_obtained":["Writhe"]}],"is_beta":false,"boss_relics":[{"not_picked":["Ectoplasm","Sozu"],"picked":"Black Blood"}],"items_purged_floors":[20],"is_endless":false,"potions_floor_spawned":[2,4,7,8,10,14,18,30,31],"killed_by":"Automaton","ascension_level":0}