{"gold_per_floor":[115,132,36,7,7,41,41,76,76,6,36,36,36,64,64,64],"floor_reached":16,"playtime":3227,"items_purged":[],"score":120,"play_id":"7aa6c347-8099-46e2-8cb4-601b4b6c92f6","local_time":"20190817025936","is_ascension_mode":true,"campfire_choices":[{"floor":7,"key":"REST"},{"floor":13,"key":"REST"},{"floor":15,"key":"REST"}],"neow_cost":"NONE","seed_source_timestamp":210482618436100,"circlet_count":0,"master_deck":["Strike_G","Strike_G+1","Strike_G","Strike_G","Defend_G","Defend_G","Defend_G","Defend_G","Defend_G","Survivor","Neutralize","Blur","Quick Slash","Panacea","Leg Sweep","Cloak And Dagger","Dagger Spray","Footwork+1","Poisoned Stab","Prepared+1","After Image"],"relics":["Ring of the Snake","Bag of Marbles","Ginger","Dream Catcher","Toxic Egg 2","Anchor"],"potions_floor_usage":[6,6,8],"damage_taken":[{"damage":0,"enemies":"Small Slimes","floor":1,"turns":5},{"damage":4,"enemies":"Jaw Worm","floor":2,"turns":4},{"damage":34,"enemies":"Gremlin Nob","floor":6,"turns":8},{"damage":12,"enemies":"3 Sentries","floor":8,"turns":18},{"damage":37,"enemies":"Gremlin Nob","floor":14,"turns":6},{"damage":39,"enemies":"The Guardian","floor":16,"turns":14}],"seed_played":"3871730987698347780","potions_obtained":[{"floor":1,"key":"Block Potion"},{"floor":2,"key":"Swift Potion"},{"floor":6,"key":"SkillPotion"}],"is_trial":false,"path_per_floor":["M","M","$","?","?","E","R","E","T","$","?","?","R","E","R","B"],"character_chosen":"THE_SILENT","items_purchased":["Panacea","Footwork"],"campfire_rested":3,"item_purchase_floors":[3,10],"current_hp_per_floor":[70,66,66,66,66,32,53,41,41,41,41,27,48,11,32,0],"gold":64,"neow_bonus":"RANDOM_COMMON_RELIC","is_prod":false,"is_daily":false,"chose_seed":false,"campfire_upgraded":0,"win_rate":0,"timestamp":1566028776,"path_taken":["M","M","$","?","?","E","R","E","T","?","?","?","R","E","R","BOSS"],"build_version":"2019-07-17","purchased_purges":0,"victory":false,"max_hp_per_floor":[70,70,70,70,70,70,70,70,70,70,70,70,70,70,70,70],"card_choices":[{"not_picked":["Dodge and Roll","Catalyst"],"picked":"Blur","floor":1},{"not_picked":["Acrobatics","Catalyst"],"picked":"Quick Slash","floor":2},{"not_picked":["Bane","Choke"],"picked":"Cloak And Dagger","floor":6},{"not_picked":["Quick Slash","Poisoned Stab"],"picked":"Dagger Spray","floor":8},{"not_picked":["Sucker Punch","Slice"],"picked":"Poisoned Stab","floor":13},{"not_picked":["Catalyst+1","Endless Agony"],"picked":"Prepared+1","floor":14},{"not_picked":["PiercingWail+1","Poisoned Stab"],"picked":"After Image","floor":15}],"player_experience":383484,"relics_obtained":[{"floor":6,"key":"Ginger"},{"floor":8,"key":"Dream Catcher"},{"floor":9,"key":"Toxic Egg 2"},{"floor":14,"key":"Anchor"}],"event_choices":[{"damage_healed":0,"gold_gain":0,"player_choice":"Left Gold","damage_taken":0,"max_hp_gain":0,"max_hp_loss":0,"event_name":"World of Goop","floor":4,"gold_loss":29},{"damage_healed":0,"gold_gain":0,"cards_transformed":["Strike_G"],"player_choice":"Change","damage_taken":0,"max_hp_gain":0,"max_hp_loss":0,"event_name":"Living Wall","floor":5,"gold_loss":0,"cards_obtained":["Leg Sweep"]},{"damage_healed":0,"gold_gain":30,"player_choice":"Searched \u00271\u0027 times","damage_taken":0,"max_hp_gain":0,"max_hp_loss":0,"event_name":"Dead Adventurer","floor":11,"gold_loss":0},{"damage_healed":0,"gold_gain":0,"player_choice":"Entered Light","damage_taken":14,"max_hp_gain":0,"max_hp_loss":0,"event_name":"Shining Light","floor":12,"gold_loss":0,"cards_upgraded":["Strike_G","Footwork"]}],"is_beta":false,"boss_relics":[],"items_purged_floors":[],"is_endless":false,"potions_floor_spawned":[1,2,6],"killed_by":"The Guardian","ascension_level":1}