{"gold_per_floor":[116,136,57,332,343,371,371,389,389,407,419,419,434,451,451,549,549,559,46,57,77,77,77,77,92,92,110,10,29,29,44,44,44],"floor_reached":33,"playtime":3557,"items_purged":["Regret","Shame"],"score":255,"play_id":"4bc396a3-3531-4288-bb61-41887a6e6cc5","local_time":"20190810180814","is_ascension_mode":false,"campfire_choices":[{"floor":7,"key":"REST"},{"floor":15,"key":"REST"},{"floor":23,"key":"REST"},{"floor":32,"key":"REST"}],"neow_cost":"NONE","seed_source_timestamp":0,"circlet_count":0,"master_deck":["Strike_G","Strike_G","Defend_G","Defend_G","Defend_G","Survivor","Neutralize","Quick Slash","Caltrops","Terror","Night Terror","All Out Attack","Backflip","Finisher","Underhanded Strike","Parasite","Footwork","Distraction","Corpse Explosion","Tactician+1","Skewer+1","Storm of Steel+1","Accuracy","Outmaneuver","Heel Hook","Choke+1","Quick Slash","Adrenaline","Riddle With Holes","Poisoned Stab"],"special_seed":0,"relics":["Ring of the Snake","Art of War","Ninja Scroll","Mercury Hourglass","Astrolabe","Paper Crane","Anchor","Shuriken","Matryoshka"],"potions_floor_usage":[11,16,16,18,31,33,33],"damage_taken":[{"damage":13,"enemies":"Jaw Worm","floor":1,"turns":6},{"damage":1,"enemies":"Cultist","floor":2,"turns":4},{"damage":3,"enemies":"Small Slimes","floor":5,"turns":3},{"damage":33,"enemies":"Gremlin Nob","floor":6,"turns":4},{"damage":10,"enemies":"2 Fungi Beasts","floor":8,"turns":4},{"damage":4,"enemies":"Exordium Wildlife","floor":10,"turns":3},{"damage":2,"enemies":"Exordium Thugs","floor":11,"turns":2},{"damage":10,"enemies":"Large Slime","floor":13,"turns":5},{"damage":0,"enemies":"Looter","floor":14,"turns":1},{"damage":24,"enemies":"Hexaghost","floor":16,"turns":8},{"damage":0,"enemies":"3 Byrds","floor":18,"turns":2},{"damage":10,"enemies":"2 Thieves","floor":20,"turns":2},{"damage":21,"enemies":"Centurion and Healer","floor":21,"turns":5},{"damage":0,"enemies":"3 Cultists","floor":25,"turns":2},{"damage":26,"enemies":"Shelled Parasite and Fungi","floor":27,"turns":4},{"damage":19,"enemies":"Centurion and Healer","floor":29,"turns":5},{"damage":0,"enemies":"Snake Plant","floor":31,"turns":4},{"damage":48,"enemies":"Automaton","floor":33,"turns":4}],"seed_played":"6253237377232112683","potions_obtained":[{"floor":8,"key":"LiquidBronze"},{"floor":10,"key":"Fire Potion"},{"floor":13,"key":"SneckoOil"},{"floor":14,"key":"Block Potion"},{"floor":16,"key":"SteroidPotion"},{"floor":18,"key":"Fruit Juice"},{"floor":20,"key":"FearPotion"},{"floor":27,"key":"Block Potion"},{"floor":31,"key":"Dexterity Potion"}],"is_trial":false,"path_per_floor":["M","M","$","?","M","E","R","M","T","M","M","?","M","M","R","B",null,"M","$","M","M","?","R","?","M","T","M","$","M","?","M","R","B"],"character_chosen":"THE_SILENT","items_purchased":["Terror","Outmaneuver","Paper Crane","Anchor"],"campfire_rested":4,"item_purchase_floors":[3,19,19,19],"current_hp_per_floor":[57,56,56,56,53,20,41,31,31,27,25,42,32,32,53,29,70,75,75,65,44,44,66,66,66,66,40,40,21,21,21,43,0],"gold":44,"neow_bonus":"RANDOM_COMMON_RELIC","is_prod":false,"is_daily":false,"chose_seed":false,"campfire_upgraded":0,"win_rate":0,"timestamp":1565478494,"path_taken":["M","M","$","?","M","E","R","M","T","M","?","?","M","M","R","BOSS","M","$","M","M","?","R","?","M","T","M","?","?","?","M","R","BOSS"],"build_version":"2019-07-05","purchased_purges":2,"victory":false,"max_hp_per_floor":[70,70,70,70,70,70,70,70,70,70,70,70,70,70,70,70,70,75,75,75,75,75,75,75,75,75,75,75,75,75,75,75,75],"card_choices":[{"not_picked":["Flying Knee","Dagger Spray"],"picked":"Quick Slash","floor":1},{"not_picked":["All Out Attack","Reflex"],"picked":"Caltrops","floor":2},{"not_picked":["Masterful Stab","Cloak And Dagger"],"picked":"Night Terror","floor":5},{"not_picked":["Backstab","Deadly Poison"],"picked":"All Out Attack","floor":6},{"not_picked":["Masterful Stab","Blade Dance"],"picked":"Backflip","floor":8},{"not_picked":["Deflect","Blur"],"picked":"Finisher","floor":10},{"not_picked":["Backflip","Bane"],"picked":"Underhanded Strike","floor":11},{"not_picked":["Flying Knee","Noxious Fumes"],"picked":"Footwork","floor":13},{"not_picked":["Quick Slash","Underhanded Strike"],"picked":"Distraction","floor":14},{"not_picked":["Bullet Time","Tools of the Trade"],"picked":"Corpse Explosion","floor":16},{"not_picked":["Quick Slash","Dodge and Roll"],"picked":"Accuracy","floor":18},{"not_picked":["Dodge and Roll","All Out Attack"],"picked":"Heel Hook","floor":20},{"not_picked":["Dagger Throw","Sucker Punch"],"picked":"Choke+1","floor":21},{"not_picked":["Escape Plan","Deadly Poison","Backstab"],"picked":"SKIP","floor":25},{"not_picked":["Eviscerate","Heel Hook+1"],"picked":"Riddle With Holes","floor":27},{"not_picked":["Escape Plan+1","Heel Hook","All Out Attack"],"picked":"SKIP","floor":29},{"not_picked":["Slice","Unload"],"picked":"Poisoned Stab","floor":31}],"player_experience":249061,"relics_obtained":[{"floor":6,"key":"Ninja Scroll"},{"floor":9,"key":"Mercury Hourglass"},{"floor":26,"key":"Matryoshka"}],"event_choices":[{"damage_healed":0,"gold_gain":275,"player_choice":"Desecrate","damage_taken":0,"max_hp_gain":0,"max_hp_loss":0,"event_name":"Golden Shrine","floor":4,"gold_loss":0,"cards_obtained":["Regret"]},{"damage_healed":17,"gold_gain":0,"player_choice":"Healed and dodged fight","damage_taken":0,"max_hp_gain":0,"max_hp_loss":0,"event_name":"Mushrooms","floor":12,"gold_loss":0,"cards_obtained":["Parasite"]},{"damage_healed":0,"gold_gain":0,"cards_transformed":["Strike_G","Strike_G"],"player_choice":"Became Test Subject","damage_taken":0,"max_hp_gain":0,"max_hp_loss":0,"event_name":"Drug Dealer","floor":22,"gold_loss":0,"cards_obtained":["Quick Slash","Adrenaline"]},{"damage_healed":0,"gold_gain":0,"player_choice":"Stole Relic","damage_taken":0,"relics_obtained":["Shuriken"],"max_hp_gain":0,"max_hp_loss":0,"event_name":"Addict","floor":24,"gold_loss":0,"cards_obtained":["Shame"]},{"damage_healed":0,"gold_gain":0,"player_choice":"Ignored","damage_taken":0,"max_hp_gain":0,"max_hp_loss":0,"event_name":"Cursed Tome","floor":30,"gold_loss":0}],"is_beta":false,"boss_relics":[{"not_picked":["White Beast Statue","Ring of the Serpent"],"picked":"Astrolabe"}],"items_purged_floors":[19,28],"is_endless":false,"potions_floor_spawned":[8,10,13,14,16,18,20,27,31],"killed_by":"Automaton","ascension_level":0}