{"gold_per_floor":[112,129,139,155,168,199,199,199,226,255,274,287,306,306,306,409,409,425,437,437,452,452],"floor_reached":22,"playtime":4792,"items_purged":[],"score":238,"play_id":"2457bd21-fd86-43c3-9e6d-cc610811c429","local_time":"20190823234435","is_ascension_mode":true,"campfire_choices":[{"data":"Endless Agony","floor":7,"key":"SMITH"},{"data":"Calculated Gamble","floor":15,"key":"SMITH"}],"neow_cost":"NONE","seed_source_timestamp":802414520211000,"circlet_count":0,"master_deck":["Strike_G","Strike_G","Strike_G","Strike_G","Strike_G","Defend_G","Defend_G","Defend_G","Defend_G","Survivor","Neutralize","Escape Plan","Deadly Poison","Bane","Poisoned Stab","Deadly Poison","Terror","Endless Agony+1","Quick Slash","Calculated Gamble+1","Glass Knife","Corpse Explosion","Prepared","Dagger Throw","Finisher","Underhanded Strike","Distraction","Catalyst","Acrobatics+1","Reflex","Bullet Time","Slice"],"relics":["Ring of the Snake","Paper Crane","Ancient Tea Set","Vajra","Orrery"],"potions_floor_usage":[6,6,10,12,19,22],"damage_taken":[{"damage":0,"enemies":"Cultist","floor":1,"turns":5},{"damage":0,"enemies":"2 Louse","floor":2,"turns":2},{"damage":3,"enemies":"Jaw Worm","floor":3,"turns":3},{"damage":17,"enemies":"Exordium Thugs","floor":4,"turns":8},{"damage":0,"enemies":"3 Louse","floor":5,"turns":3},{"damage":0,"enemies":"3 Sentries","floor":6,"turns":7},{"damage":18,"enemies":"Lagavulin","floor":10,"turns":4},{"damage":8,"enemies":"Red Slaver","floor":11,"turns":3},{"damage":0,"enemies":"2 Fungi Beasts","floor":12,"turns":2},{"damage":10,"enemies":"Lots of Slimes","floor":13,"turns":3},{"damage":8,"enemies":"Hexaghost","floor":16,"turns":6},{"damage":15,"enemies":"3 Byrds","floor":18,"turns":3},{"damage":10,"enemies":"Shell Parasite","floor":19,"turns":4},{"damage":5,"enemies":"Centurion and Healer","floor":21,"turns":5},{"damage":46,"enemies":"Shelled Parasite and Fungi","floor":22,"turns":3}],"seed_played":"-4244034212387242343","potions_obtained":[{"floor":3,"key":"EssenceOfSteel"},{"floor":5,"key":"AttackPotion"},{"floor":8,"key":"Strength Potion"},{"floor":8,"key":"GamblersBrew"},{"floor":8,"key":"EssenceOfSteel"},{"floor":10,"key":"Fruit Juice"},{"floor":16,"key":"GamblersBrew"}],"is_trial":false,"path_per_floor":["M","M","M","M","M","E","R","?","T","E","M","M","M","?","R","B",null,"M","M","?","M","M"],"character_chosen":"THE_SILENT","items_purchased":[],"campfire_rested":0,"item_purchase_floors":[],"current_hp_per_floor":[70,70,67,50,50,50,50,50,50,37,29,29,19,19,19,11,75,60,50,50,45,0],"gold":452,"neow_bonus":"TRANSFORM_CARD","is_prod":false,"is_daily":false,"chose_seed":false,"campfire_upgraded":2,"win_rate":0,"timestamp":1566621875,"path_taken":["M","M","M","M","M","E","R","?","T","E","M","?","?","?","R","BOSS","M","M","?","M","M"],"build_version":"2019-08-23","purchased_purges":0,"victory":false,"max_hp_per_floor":[70,70,70,70,70,70,70,70,70,75,75,75,75,75,75,75,75,75,75,75,75,75],"card_choices":[{"not_picked":["Bane","Heel Hook"],"picked":"Deadly Poison","floor":1},{"not_picked":["Backflip","Dagger Throw"],"picked":"Bane","floor":2},{"not_picked":["Expertise","Deflect"],"picked":"Poisoned Stab","floor":3},{"not_picked":["Cloak And Dagger","Infinite Blades"],"picked":"Deadly Poison","floor":4},{"not_picked":["Bane","Deadly Poison"],"picked":"Terror","floor":5},{"not_picked":["Escape Plan","Expertise"],"picked":"Endless Agony","floor":6},{"not_picked":["Deflect","Expertise"],"picked":"Quick Slash","floor":10},{"not_picked":["Sucker Punch","Endless Agony"],"picked":"Calculated Gamble","floor":11},{"not_picked":["Skewer","Outmaneuver","Eviscerate"],"picked":"SKIP","floor":12},{"not_picked":["Prepared","Poisoned Stab"],"picked":"Glass Knife","floor":13},{"not_picked":["Phantasmal Killer","After Image"],"picked":"Corpse Explosion","floor":16},{"not_picked":["Blur","Bane"],"picked":"Prepared","floor":17},{"not_picked":["Flying Knee","Masterful Stab"],"picked":"Dagger Throw","floor":17},{"not_picked":["Endless Agony","Calculated Gamble"],"picked":"Finisher","floor":17},{"not_picked":["Expertise","Dagger Throw"],"picked":"Underhanded Strike","floor":17},{"not_picked":["PiercingWail","Calculated Gamble"],"picked":"Distraction","floor":17},{"not_picked":["Infinite Blades","Crippling Poison+1"],"picked":"Catalyst","floor":18},{"not_picked":["Dagger Spray","Blade Dance"],"picked":"Acrobatics+1","floor":19},{"not_picked":["Escape Plan","Finisher"],"picked":"Slice","floor":21}],"player_experience":436953,"relics_obtained":[{"floor":6,"key":"Paper Crane"},{"floor":9,"key":"Ancient Tea Set"},{"floor":10,"key":"Vajra"}],"event_choices":[{"damage_healed":0,"gold_gain":0,"player_choice":"Got Potions","damage_taken":0,"max_hp_gain":0,"max_hp_loss":0,"event_name":"Lab","floor":8,"gold_loss":0},{"damage_healed":0,"gold_gain":0,"player_choice":"Ignored","damage_taken":0,"max_hp_gain":0,"max_hp_loss":0,"event_name":"Liars Game","floor":14,"gold_loss":0},{"damage_healed":0,"gold_gain":0,"player_choice":"2 cards matched","damage_taken":0,"max_hp_gain":0,"max_hp_loss":0,"event_name":"Match and Keep!","floor":20,"gold_loss":0,"cards_obtained":["Reflex","Bullet Time"]}],"is_beta":true,"boss_relics":[{"not_picked":["White Beast Statue","Coffee Dripper"],"picked":"Orrery"}],"items_purged_floors":[],"is_endless":false,"potions_floor_spawned":[3,5,10,16],"killed_by":"Shelled Parasite and Fungi","ascension_level":1}