{"gold_per_floor":[111,126,145,18,37,66,66,76,128,128,143,156,156,156,156,281,281,297,567,35,60,83,83,101,126,178,196,196,252,268,193,193,193],"floor_reached":33,"playtime":7042,"items_purged":["Defend_G","Strike_G"],"score":266,"play_id":"658598eb-b751-49b4-880e-99c27657bdf2","local_time":"20190818172928","is_ascension_mode":true,"campfire_choices":[{"floor":7,"key":"REST"},{"data":"Footwork","floor":10,"key":"SMITH"},{"floor":15,"key":"REST"},{"floor":23,"key":"REST"},{"floor":28,"key":"REST"},{"floor":32,"key":"REST"}],"neow_cost":"NONE","seed_source_timestamp":347015730020300,"circlet_count":0,"master_deck":["Strike_G","Strike_G","Defend_G","Defend_G","Survivor","Neutralize","Well Laid Plans","Deflect","Infinite Blades","Footwork+1","Dagger Throw","Blade Dance","Caltrops","Backstab","Cloak And Dagger","Malaise","Blur+1","A Thousand Cuts+1","Tactician+1","Slice","Dramatic Entrance","Concentrate","Purity","Accuracy","Slice","Envenom","Distraction+1","Terror+1","Acrobatics"],"relics":["Ring of the Snake","Unceasing Top","Strawberry","Question Card","Golden Idol","Astrolabe","Strange Spoon","Centennial Puzzle","Tiny Chest"],"potions_floor_usage":[16,18,21,22,27,30,33],"damage_taken":[{"damage":0,"enemies":"2 Louse","floor":1,"turns":3},{"damage":0,"enemies":"Small Slimes","floor":2,"turns":5},{"damage":0,"enemies":"Cultist","floor":3,"turns":4},{"damage":4,"enemies":"Exordium Thugs","floor":5,"turns":6},{"damage":28,"enemies":"Gremlin Nob","floor":6,"turns":5},{"damage":4,"enemies":"3 Louse","floor":8,"turns":6},{"damage":1,"enemies":"2 Fungi Beasts","floor":11,"turns":4},{"damage":11,"enemies":"Looter","floor":12,"turns":4},{"damage":30,"enemies":"Hexaghost","floor":16,"turns":13},{"damage":12,"enemies":"Chosen","floor":18,"turns":6},{"damage":8,"enemies":"Shell Parasite","floor":21,"turns":4},{"damage":6,"enemies":"Centurion and Healer","floor":22,"turns":6},{"damage":14,"enemies":"Snecko","floor":24,"turns":5},{"damage":12,"enemies":"Shelled Parasite and Fungi","floor":25,"turns":5},{"damage":0,"enemies":"Snake Plant","floor":27,"turns":4},{"damage":25,"enemies":"Sentry and Sphere","floor":30,"turns":5},{"damage":26,"enemies":"Collector","floor":33,"turns":4}],"seed_played":"243256775176442184","potions_obtained":[{"floor":2,"key":"GamblersBrew"},{"floor":5,"key":"Weak Potion"},{"floor":6,"key":"Swift Potion"},{"floor":21,"key":"SkillPotion"},{"floor":25,"key":"Explosive Potion"},{"floor":27,"key":"GamblersBrew"},{"floor":30,"key":"LiquidBronze"}],"is_trial":false,"path_per_floor":["M","M","M","$","M","E","R","M","T","R","M","M","?","?","R","B",null,"M","?","$","M","M","R","M","M","T","M","R","T","M","?","R","B"],"character_chosen":"THE_SILENT","items_purchased":["Dagger Throw","Concentrate","Purity","Accuracy","Strange Spoon"],"campfire_rested":5,"item_purchase_floors":[4,20,20,20,20],"current_hp_per_floor":[70,70,70,70,66,38,59,55,62,62,61,50,17,17,38,8,71,59,24,24,16,10,31,17,5,5,5,26,26,1,1,22,0],"gold":193,"neow_bonus":"TRANSFORM_CARD","is_prod":false,"is_daily":false,"chose_seed":false,"campfire_upgraded":1,"win_rate":0,"timestamp":1566167368,"path_taken":["M","M","M","$","M","E","R","M","T","R","M","M","?","?","R","BOSS","M","?","$","M","M","R","M","M","T","?","R","?","M","?","R","BOSS"],"build_version":"2019-07-17","purchased_purges":2,"victory":false,"max_hp_per_floor":[70,70,70,70,70,70,70,70,77,77,77,77,77,71,71,71,71,71,71,71,71,71,71,71,71,71,71,71,71,71,71,71,71],"card_choices":[{"not_picked":["Underhanded Strike","PiercingWail"],"picked":"Deflect","floor":1},{"not_picked":["Sucker Punch","Eviscerate"],"picked":"Infinite Blades","floor":2},{"not_picked":["Cloak And Dagger","Venomology"],"picked":"Footwork","floor":3},{"not_picked":["Underhanded Strike","Slice"],"picked":"Blade Dance","floor":5},{"not_picked":["Dash","Riddle With Holes"],"picked":"Leg Sweep","floor":6},{"not_picked":["Flying Knee","Reflex"],"picked":"Caltrops","floor":8},{"not_picked":["Underhanded Strike","Poisoned Stab"],"picked":"Backstab","floor":11},{"not_picked":["Caltrops","Flying Knee"],"picked":"Cloak And Dagger","floor":12},{"not_picked":["Doppelganger","Die Die Die","Tools of the Trade"],"picked":"Malaise","floor":16},{"not_picked":["Quick Slash+1","Expertise+1","Dodge and Roll+1"],"picked":"Slice","floor":18},{"not_picked":["Tactician+1","Deadly Poison","Finisher"],"picked":"Slice","floor":21},{"not_picked":["Flechettes","Caltrops","PiercingWail"],"picked":"Envenom","floor":22},{"not_picked":["Acrobatics","Predator","Escape Plan"],"picked":"Distraction+1","floor":24},{"not_picked":["Flechettes+1","Underhanded Strike+1","Sucker Punch"],"picked":"Terror+1","floor":25},{"not_picked":["Choke","Bane","Terror"],"picked":"Acrobatics","floor":27},{"not_picked":["Crippling Poison","Flying Knee+1","PiercingWail","Distraction"],"picked":"SKIP","floor":30}],"player_experience":421196,"relics_obtained":[{"floor":6,"key":"Unceasing Top"},{"floor":9,"key":"Strawberry"},{"floor":26,"key":"Centennial Puzzle"},{"floor":29,"key":"Tiny Chest"}],"event_choices":[{"damage_healed":0,"gold_gain":0,"player_choice":"Success","damage_taken":33,"relics_obtained":["Question Card"],"max_hp_gain":0,"max_hp_loss":0,"event_name":"Scrap Ooze","floor":13,"gold_loss":0},{"damage_healed":0,"gold_gain":0,"player_choice":"Lose Max HP","damage_taken":0,"relics_obtained":["Golden Idol"],"max_hp_gain":0,"max_hp_loss":6,"event_name":"Golden Idol","floor":14,"gold_loss":0},{"damage_healed":0,"gold_gain":270,"player_choice":"CARD GOLD GOLD GOLD ","damage_taken":35,"max_hp_gain":0,"max_hp_loss":0,"event_name":"Knowing Skull","floor":19,"potions_obtained":[],"gold_loss":0,"cards_obtained":["Dramatic Entrance"]},{"cards_removed":["Leg Sweep"],"damage_healed":0,"gold_gain":0,"player_choice":"Gave Gold","damage_taken":0,"max_hp_gain":0,"max_hp_loss":0,"event_name":"Beggar","floor":31,"gold_loss":75}],"is_beta":false,"boss_relics":[{"not_picked":["HoveringKite","Lizard Tail"],"picked":"Astrolabe"}],"items_purged_floors":[4,20],"is_endless":false,"potions_floor_spawned":[2,5,6,8,21,25,27,30],"killed_by":"Collector","ascension_level":1}