{"gold_per_floor":[115,133,143,143,153,153,182,208,208,208,208],"floor_reached":11,"playtime":526,"items_purged":[],"score":88,"play_id":"b1bf886b-ba90-40af-98ea-b7b6b85eb541","local_time":"20190928204913","is_ascension_mode":true,"campfire_choices":[{"data":"True Grit","floor":6,"key":"SMITH"}],"neow_cost":"NONE","seed_source_timestamp":716883153006100,"circlet_count":0,"master_deck":["Strike_R","Strike_R","Strike_R","Strike_R","Defend_R","Defend_R","Defend_R","Defend_R","Bash","Heavy Blade","True Grit+1","Twin Strike","Cleave","Flex","Sentinel"],"relics":["Burning Blood","Odd Mushroom","The Courier","Sundial","Question Card"],"potions_floor_usage":[8,8,8],"damage_taken":[{"damage":0,"enemies":"2 Louse","floor":1,"turns":3},{"damage":14,"enemies":"Jaw Worm","floor":2,"turns":5},{"damage":0,"enemies":"Small Slimes","floor":3,"turns":5},{"damage":12,"enemies":"Exordium Wildlife","floor":5,"turns":7},{"damage":26,"enemies":"The Mushroom Lair","floor":7,"turns":5},{"damage":40,"enemies":"Lagavulin","floor":8,"turns":6},{"damage":35,"enemies":"3 Sentries","floor":11,"turns":5}],"seed_played":"8907801959594997564","potions_obtained":[{"floor":2,"key":"PowerPotion"},{"floor":3,"key":"Dexterity Potion"},{"floor":5,"key":"Poison Potion"},{"floor":7,"key":"Regen Potion"}],"is_trial":false,"path_per_floor":["M","M","M","?","M","R","?","E","T","?","E"],"character_chosen":"IRONCLAD","items_purchased":[],"campfire_rested":0,"item_purchase_floors":[],"current_hp_per_floor":[88,80,86,86,80,80,60,38,38,26,0],"gold":208,"neow_bonus":"TEN_PERCENT_HP_BONUS","is_prod":false,"is_daily":false,"chose_seed":false,"campfire_upgraded":1,"win_rate":0,"timestamp":1569718153,"path_taken":["M","M","M","?","M","R","?","E","T","?","E"],"build_version":"2019-07-17","purchased_purges":0,"victory":false,"max_hp_per_floor":[88,88,88,88,88,88,88,88,88,88,88],"card_choices":[{"not_picked":["Wild Strike","Hemokinesis"],"picked":"Heavy Blade","floor":1},{"not_picked":["Hemokinesis","Thunderclap"],"picked":"True Grit","floor":2},{"not_picked":["Rampage","Iron Wave"],"picked":"Twin Strike","floor":3},{"not_picked":["Anger","Entrench"],"picked":"Cleave","floor":5},{"not_picked":["Cleave","Thunderclap"],"picked":"Flex","floor":7},{"not_picked":["Burning Pact","Dual Wield"],"picked":"Sentinel","floor":8}],"player_experience":321606,"relics_obtained":[{"floor":7,"key":"Odd Mushroom"},{"floor":8,"key":"The Courier"},{"floor":9,"key":"Sundial"}],"event_choices":[{"cards_removed":["Strike_R"],"damage_healed":0,"gold_gain":0,"player_choice":"Forget","damage_taken":0,"max_hp_gain":0,"max_hp_loss":0,"event_name":"Living Wall","floor":4,"gold_loss":0},{"damage_healed":0,"gold_gain":0,"player_choice":"Fought Mushrooms","damage_taken":0,"max_hp_gain":0,"max_hp_loss":0,"event_name":"Mushrooms","floor":7,"gold_loss":0},{"damage_healed":0,"gold_gain":0,"player_choice":"Success","damage_taken":12,"relics_obtained":["Question Card"],"max_hp_gain":0,"max_hp_loss":0,"event_name":"Scrap Ooze","floor":10,"gold_loss":0}],"is_beta":false,"boss_relics":[],"items_purged_floors":[],"is_endless":false,"potions_floor_spawned":[2,3,5,7],"killed_by":"3 Sentries","ascension_level":4}