{"gold_per_floor":[109,127,139,139,44,75,89,101,127,146,146,67,78,88,88,88],"floor_reached":16,"playtime":3631,"items_purged":[],"score":111,"play_id":"eec5817c-7f1e-4229-8c57-d88ef179fa85","local_time":"20190817181935","is_ascension_mode":true,"campfire_choices":[{"floor":11,"key":"REST"},{"floor":15,"key":"REST"}],"neow_cost":"NONE","seed_source_timestamp":266959002654900,"circlet_count":0,"master_deck":["Strike_B","Strike_B","Strike_B","Strike_B","Defend_B","Defend_B","Defend_B","Defend_B","Zap","Dualcast","Buffer","Coolheaded","Sweeping Beam","Auto Shields","Streamline","Loop","Amplify","Hologram","Leap","Gash","Redo","Scrape","Storm","White Noise"],"relics":["Cracked Core","Boot","Bag of Preparation","Dream Catcher"],"potions_floor_usage":[14,16,16],"damage_taken":[{"damage":0,"enemies":"Cultist","floor":1,"turns":3},{"damage":8,"enemies":"2 Louse","floor":2,"turns":3},{"damage":3,"enemies":"Jaw Worm","floor":3,"turns":5},{"damage":21,"enemies":"Lagavulin","floor":6,"turns":6},{"damage":15,"enemies":"Exordium Wildlife","floor":7,"turns":3},{"damage":15,"enemies":"Lots of Slimes","floor":8,"turns":4},{"damage":0,"enemies":"Large Slime","floor":10,"turns":5},{"damage":7,"enemies":"Exordium Wildlife","floor":13,"turns":4},{"damage":13,"enemies":"Lots of Slimes","floor":14,"turns":4},{"damage":37,"enemies":"The Guardian","floor":16,"turns":7}],"seed_played":"-7015059571701183030","potions_obtained":[{"floor":6,"key":"FearPotion"},{"floor":8,"key":"Dexterity Potion"},{"floor":10,"key":"Fire Potion"}],"is_trial":false,"path_per_floor":["M","M","M","?","$","E","M","M","T","M","R","$","M","M","R","B"],"character_chosen":"DEFECT","items_purchased":["Streamline","Loop","Scrape"],"campfire_rested":2,"item_purchase_floors":[5,5,12],"current_hp_per_floor":[75,67,64,64,64,43,28,13,13,13,35,35,28,15,37,0],"gold":88,"neow_bonus":"ONE_RANDOM_RARE_CARD","is_prod":false,"is_daily":false,"chose_seed":false,"campfire_upgraded":0,"win_rate":0,"timestamp":1566083975,"path_taken":["M","M","M","?","$","E","?","M","T","M","R","$","M","M","R","BOSS"],"build_version":"2019-07-17","purchased_purges":0,"victory":false,"max_hp_per_floor":[75,75,75,75,75,75,75,75,75,75,75,75,75,75,75,75],"card_choices":[{"not_picked":["Turbo","Redo"],"picked":"Coolheaded","floor":1},{"not_picked":["Aggregate","Self Repair"],"picked":"Sweeping Beam","floor":2},{"not_picked":["Go for the Eyes","Loop"],"picked":"Auto Shields","floor":3},{"not_picked":["Gash","Rebound"],"picked":"Amplify","floor":6},{"not_picked":["Beam Cell","Barrage"],"picked":"Hologram","floor":7},{"not_picked":["Hello World","BootSequence"],"picked":"Leap","floor":8},{"not_picked":["Leap","Sweeping Beam"],"picked":"Gash","floor":10},{"not_picked":["Recycle","Biased Cognition"],"picked":"Redo","floor":11},{"not_picked":["Go for the Eyes","Tempest"],"picked":"Storm","floor":13},{"not_picked":["Leap","Blizzard","Scrape"],"picked":"SKIP","floor":14},{"not_picked":["Conserve Battery","Stack"],"picked":"White Noise","floor":15}],"player_experience":391596,"relics_obtained":[{"floor":4,"key":"Boot"},{"floor":6,"key":"Bag of Preparation"},{"floor":9,"key":"Dream Catcher"}],"event_choices":[{"damage_healed":0,"gold_gain":0,"player_choice":"Relic","damage_taken":0,"max_hp_gain":0,"max_hp_loss":0,"event_name":"Wheel of Change","floor":4,"gold_loss":0}],"is_beta":false,"boss_relics":[],"items_purged_floors":[],"is_endless":false,"potions_floor_spawned":[6,8,10],"killed_by":"The Guardian","ascension_level":1}