{"gold_per_floor":[109,109,109,34,34,34,59,59,84,119,133,147,171,184,184,313,313,326,326,351,351],"floor_reached":21,"playtime":876,"items_purged":["Strike_R"],"score":206,"play_id":"bd86ad80-fb1e-450b-938e-0330671d770d","local_time":"20181011103724","is_ascension_mode":true,"campfire_choices":[{"data":"Pommel Strike","floor":6,"key":"SMITH"},{"data":"Defend_R","floor":8,"key":"SMITH"},{"data":"Body Slam","floor":15,"key":"SMITH"}],"neow_cost":"NONE","seed_source_timestamp":66086366180606,"circlet_count":0,"master_deck":["Strike_R+1","Strike_R","Strike_R+1","Strike_R","Defend_R","Defend_R","Defend_R","Defend_R+1","Bash","Pommel Strike+1","Battle Trance","Demon Form","Body Slam+1","Offering","Disarm"],"relics":["Burning Blood","Golden Idol","Red Skull","Centennial Puzzle","Anchor","Orrery"],"potions_floor_usage":[10,16,16],"damage_taken":[{"damage":0,"enemies":"2 Louse","floor":1,"turns":3},{"damage":0,"enemies":"Small Slimes","floor":7,"turns":3},{"damage":30,"enemies":"3 Sentries","floor":10,"turns":8},{"damage":0,"enemies":"Jaw Worm","floor":11,"turns":3},{"damage":0,"enemies":"Blue Slaver","floor":12,"turns":4},{"damage":0,"enemies":"Looter","floor":14,"turns":4},{"damage":47,"enemies":"Slime Boss","floor":16,"turns":10},{"damage":45,"enemies":"3 Byrds","floor":18,"turns":7},{"damage":19,"enemies":"Spheric Guardian","floor":20,"turns":4},{"damage":32,"enemies":"Snecko","floor":21,"turns":4}],"seed_played":"-5325005438147449408","potions_obtained":[{"floor":0,"key":"AttackPotion"},{"floor":0,"key":"PowerPotion"},{"floor":0,"key":"Poison Potion"},{"floor":7,"key":"BloodPotion"},{"floor":10,"key":"Dexterity Potion"},{"floor":20,"key":"Strength Potion"}],"is_trial":false,"path_per_floor":["M","?","?","$","?","R","M","R","T","E","M","M","T","M","R","B",null,"M","?","M"],"character_chosen":"IRONCLAD","items_purchased":[],"campfire_rested":0,"item_purchase_floors":[],"current_hp_per_floor":[80,64,44,44,44,44,50,50,50,34,40,46,46,52,52,11,80,41,41,28,0],"gold":351,"neow_bonus":"THREE_SMALL_POTIONS","is_prod":false,"is_daily":false,"chose_seed":false,"campfire_upgraded":3,"win_rate":0,"timestamp":1539268644,"path_taken":["M","?","?","$","?","R","?","R","T","E","?","M","?","?","R","BOSS","M","?","M","M"],"build_version":"2018-10-04v2","purchased_purges":1,"victory":false,"max_hp_per_floor":[80,80,80,80,80,80,80,80,80,80,80,80,80,80,80,80,80,80,80,80,80],"card_choices":[{"not_picked":["Corruption","Infernal Blade"],"picked":"Pommel Strike","floor":1},{"not_picked":["Havoc","Seeing Red","Twin Strike"],"picked":"SKIP","floor":7},{"not_picked":["Twin Strike","Shockwave"],"picked":"Battle Trance","floor":10},{"not_picked":["Anger","Sword Boomerang"],"picked":"Demon Form","floor":11},{"not_picked":["Shrug It Off","Clash"],"picked":"Body Slam","floor":12},{"not_picked":["Thunderclap","Inflame","Bloodletting"],"picked":"SKIP","floor":14},{"not_picked":["Demon Form","Immolate"],"picked":"Offering","floor":16},{"not_picked":["Sentinel","Sword Boomerang","True Grit"],"picked":"SKIP","floor":18},{"not_picked":["Sentinel","Perfected Strike"],"picked":"Disarm","floor":20}],"player_experience":222160,"relics_obtained":[{"floor":9,"key":"Red Skull"},{"floor":10,"key":"Centennial Puzzle"},{"floor":13,"key":"Anchor"}],"event_choices":[{"event_name":"Shining Light","player_choice":"Entered Light","floor":2,"damage_taken":0},{"event_name":"Golden Idol","player_choice":"Take Damage","floor":3,"damage_taken":0},{"event_name":"Liars Game","player_choice":"disagreed","floor":5,"damage_taken":0},{"event_name":"WeMeetAgain","player_choice":"Attack","floor":19,"damage_taken":0}],"is_beta":false,"boss_relics":[{"not_picked":["Runic Cube","Pandora\u0027s Box"],"picked":"Orrery"}],"items_purged_floors":[4],"is_endless":false,"potions_floor_spawned":[1,7,10,20],"killed_by":"Snecko","ascension_level":3}