{"gold_per_floor":[116,135,155,175,192,220,220,250,250,7,7,27,55,68,68,167,167,184,174,174,25,45,45,76,0,27,43,43,59,59,71,71,71],"floor_reached":33,"playtime":10954,"items_purged":[],"score":306,"play_id":"4ef81948-f3d1-4c65-a4ec-09024e5f8f25","local_time":"20190817220722","is_ascension_mode":true,"campfire_choices":[{"floor":7,"key":"REST"},{"floor":11,"key":"REST"},{"data":"Undo","floor":15,"key":"SMITH"},{"data":"Defragment","floor":23,"key":"SMITH"},{"floor":28,"key":"REST"},{"data":"Reboot","floor":30,"key":"SMITH"},{"floor":32,"key":"REST"}],"neow_cost":"NONE","seed_source_timestamp":0,"circlet_count":0,"master_deck":["Strike_B","Strike_B","Strike_B","Strike_B","Defend_B","Defend_B","Defend_B","Zap","Dualcast","Self Repair","Defragment+1","Undo+1","Go for the Eyes","Glacier","Hologram","Lockon","Stack","Melter","Conserve Battery","Core Surge","Coolheaded","Reinforced Body","Leap","Reboot+1","Cold Snap+1","Sweeping Beam"],"special_seed":0,"relics":["Cracked Core","Singing Bowl","Dodecahedron","Matryoshka","Potion Belt","Lizard Tail","Nloth\u0027s Gift","Art of War","The Courier","Regal Pillow","Smiling Mask"],"potions_floor_usage":[8,13,14,16,24,24],"damage_taken":[{"damage":5.0,"enemies":"Cultist","floor":1.0,"turns":4.0},{"damage":0,"enemies":"Small Slimes","floor":2,"turns":3},{"damage":2,"enemies":"2 Louse","floor":3,"turns":3},{"damage":6,"enemies":"Blue Slaver","floor":4,"turns":4},{"damage":6,"enemies":"Exordium Wildlife","floor":5,"turns":7},{"damage":36,"enemies":"Gremlin Nob","floor":6,"turns":6},{"damage":28,"enemies":"3 Sentries","floor":8,"turns":9},{"damage":5,"enemies":"Exordium Thugs","floor":12,"turns":6},{"damage":40,"enemies":"Gremlin Nob","floor":13,"turns":5},{"damage":6,"enemies":"Gremlin Gang","floor":14,"turns":6},{"damage":26,"enemies":"Hexaghost","floor":16,"turns":16},{"damage":0,"enemies":"Shell Parasite","floor":18,"turns":6},{"damage":25,"enemies":"2 Thieves","floor":19,"turns":4},{"damage":5,"enemies":"Sentry and Sphere","floor":22,"turns":5},{"damage":61,"enemies":"Gremlin Leader","floor":24,"turns":9},{"damage":20,"enemies":"Snake Plant","floor":27,"turns":7},{"damage":21,"enemies":"Centurion and Healer","floor":29,"turns":12},{"damage":9,"enemies":"Snecko","floor":31,"turns":9},{"damage":79,"enemies":"Automaton","floor":33,"turns":12}],"seed_played":"-1734478343774358888","potions_obtained":[{"floor":1,"key":"Explosive Potion"},{"floor":5,"key":"EssenceOfSteel"},{"floor":8,"key":"Regen Potion"},{"floor":12,"key":"Regen Potion"},{"floor":16,"key":"Dexterity Potion"},{"floor":18,"key":"PowerPotion"},{"floor":29,"key":"Ancient Potion"}],"is_trial":false,"path_per_floor":["M","M","M","M","M","E","R","E","T","$","R","M","E","M","R","B",null,"M","M","?","$","M","R","E","?","T","M","R","M","R","M","R","B"],"character_chosen":"DEFECT","items_purchased":["Matryoshka","Art of War"],"campfire_rested":4,"item_purchase_floors":[10,21],"current_hp_per_floor":[75,75,75,75,75,46,68,47,47,47,69,73,51,57,57,38,77,77,59,59,59,54,54,38,38,38,25,63,51,51,49,79,0],"gold":71,"neow_bonus":"TRANSFORM_CARD","is_prod":false,"is_daily":false,"chose_seed":false,"campfire_upgraded":3,"win_rate":0,"timestamp":1566097642,"path_taken":["M","M","M","M","M","E","R","E","T","$","R","M","E","?","R","BOSS","M","M","?","?","M","R","E","?","T","M","R","M","R","M","R","BOSS"],"build_version":"2019-07-17","purchased_purges":0,"victory":false,"max_hp_per_floor":[75,75,75,75,75,75,75,75,75,75,75,77,77,77,77,77,77,77,77,77,77,77,77,77,77,77,77,77,79,79,79,79,79],"card_choices":[{"not_picked":["Rip and Tear","Hologram"],"picked":"Defragment","floor":1},{"not_picked":["Streamline","BootSequence"],"picked":"Undo","floor":2},{"not_picked":["Reinforced Body","Loop"],"picked":"Go for the Eyes","floor":3},{"not_picked":["Steam","Force Field"],"picked":"Glacier","floor":4},{"not_picked":["Force Field","Reprogram"],"picked":"Hologram","floor":5},{"not_picked":["Ball Lightning","Rebound"],"picked":"Lockon","floor":6},{"not_picked":["Ball Lightning","Hyperbeam"],"picked":"Stack","floor":8},{"not_picked":["Scrape","Redo","Streamline"],"picked":"Singing Bowl","floor":12},{"not_picked":["Steam","Reprogram"],"picked":"Melter","floor":13},{"not_picked":["Force Field","Ball Lightning"],"picked":"Conserve Battery","floor":14},{"not_picked":["Hyperbeam","Machine Learning"],"picked":"Core Surge","floor":16},{"not_picked":["Ball Lightning","Gash"],"picked":"Coolheaded","floor":18},{"not_picked":["Ball Lightning","Rip and Tear"],"picked":"Reinforced Body","floor":19},{"not_picked":["Conserve Battery","Genetic Algorithm"],"picked":"Leap","floor":22},{"not_picked":["Stack","Buffer"],"picked":"Reboot","floor":24},{"not_picked":["Barrage+1","Force Field"],"picked":"Cold Snap+1","floor":27},{"not_picked":["Gash","Go for the Eyes","Coolheaded"],"picked":"Singing Bowl","floor":29},{"not_picked":["Melter+1","Stack"],"picked":"Sweeping Beam","floor":31}],"player_experience":395227,"relics_obtained":[{"floor":6,"key":"Singing Bowl"},{"floor":8,"key":"Dodecahedron"},{"floor":9,"key":"Bottled Flame"},{"floor":13,"key":"Potion Belt"},{"floor":24,"key":"The Courier"},{"floor":26,"key":"Regal Pillow"},{"floor":26,"key":"Smiling Mask"}],"event_choices":[{"damage_healed":0,"gold_gain":0,"player_choice":"Traded Relic","damage_taken":0,"relics_obtained":["Nloth\u0027s Gift"],"max_hp_gain":0,"max_hp_loss":0,"event_name":"N\u0027loth","floor":20,"relics_lost":["Bottled Flame"],"gold_loss":0},{"damage_healed":0,"gold_gain":0,"player_choice":"Paid Fearfully","damage_taken":0,"max_hp_gain":0,"max_hp_loss":0,"event_name":"Masked Bandits","floor":25,"gold_loss":76}],"is_beta":false,"boss_relics":[{"not_picked":["Inserter","Busted Crown"],"picked":"Lizard Tail"}],"items_purged_floors":[],"is_endless":false,"potions_floor_spawned":[1,5,8,12,16,18,29],"killed_by":"Automaton","ascension_level":1}