{"gold_per_floor":[112,112,112,112,72,72,103,103,126,167,187,48,84,109,109,233,233,256,25,45,64,79,79,120,139,165,165,204,219,219,232,232,232],"floor_reached":33,"playtime":2274,"items_purged":["Strike_R"],"score":408,"play_id":"ccf54fe9-e258-467c-82c5-7a4b6d76e47e","local_time":"20190929183040","is_ascension_mode":true,"campfire_choices":[{"data":"Headbutt","floor":6,"key":"SMITH"},{"data":"Second Wind","floor":8,"key":"SMITH"},{"data":"Spot Weakness","floor":15,"key":"SMITH"},{"data":"True Grit","floor":23,"key":"SMITH"},{"data":"Fire Breathing","floor":27,"key":"SMITH"},{"floor":32,"key":"REST"}],"neow_cost":"NONE","seed_source_timestamp":351895074752700,"circlet_count":0,"master_deck":["Strike_R","Strike_R","Strike_R","Strike_R","Defend_R","Defend_R","Defend_R","Defend_R","Bash+1","Headbutt+1","Second Wind+1","Heavy Blade","Shockwave","Feel No Pain","Clothesline","Body Slam","Fire Breathing+1","Spot Weakness+1","Bludgeon","True Grit+1","Infernal Blade+1","Shockwave","Pummel","Burning Pact","Shrug It Off+1","Fire Breathing","Inflame","Fiend Fire"],"relics":["Burning Blood","NeowsBlessing","Golden Idol","Eternal Feather","Bag of Preparation","Toy Ornithopter","Bronze Scales","Mark of Pain","Ancient Tea Set","Bottled Tornado","InkBottle","Incense Burner"],"potions_floor_usage":[13,16,22,31,33,33],"damage_taken":[{"damage":0,"enemies":"Jaw Worm","floor":1,"turns":1},{"damage":0,"enemies":"3 Sentries","floor":7,"turns":2},{"damage":0,"enemies":"Gremlin Nob","floor":10,"turns":1},{"damage":3,"enemies":"2 Louse","floor":11,"turns":3},{"damage":25,"enemies":"3 Sentries","floor":13,"turns":6},{"damage":2,"enemies":"Cultist","floor":14,"turns":4},{"damage":26,"enemies":"Slime Boss","floor":16,"turns":7},{"damage":19,"enemies":"Shell Parasite","floor":18,"turns":4},{"damage":25,"enemies":"Spheric Guardian","floor":20,"turns":4},{"damage":12,"enemies":"Centurion and Healer","floor":21,"turns":5},{"damage":12,"enemies":"Snake Plant","floor":22,"turns":2},{"damage":20,"enemies":"Slavers","floor":24,"turns":5},{"damage":9,"enemies":"Cultist and Chosen","floor":25,"turns":5},{"damage":30,"enemies":"Gremlin Leader","floor":28,"turns":4},{"damage":13,"enemies":"Shelled Parasite and Fungi","floor":29,"turns":5},{"damage":18,"enemies":"Sentry and Sphere","floor":31,"turns":4},{"damage":63,"enemies":"Collector","floor":33,"turns":7}],"seed_played":"-9222689803629555304","potions_obtained":[{"floor":5,"key":"HeartOfIron"},{"floor":5,"key":"AttackPotion"},{"floor":5,"key":"AttackPotion"},{"floor":13,"key":"Block Potion"},{"floor":16,"key":"GamblersBrew"},{"floor":22,"key":"Explosive Potion"},{"floor":28,"key":"Strength Potion"}],"is_trial":false,"path_per_floor":["M","?","?","?","?","R","E","R","T","E","M","$","E","M","R","B",null,"M","$","M","M","M","R","E","M","T","R","E","M","?","M","R","B"],"character_chosen":"IRONCLAD","items_purchased":["Feel No Pain","Clothesline","Body Slam","Ancient Tea Set"],"campfire_rested":1,"item_purchase_floors":[12,12,12,19],"current_hp_per_floor":[80,80,80,60,60,60,66,72,72,78,80,80,66,70,79,60,80,67,67,48,42,41,53,39,36,36,51,27,20,20,13,52,0],"gold":232,"neow_bonus":"THREE_ENEMY_KILL","is_prod":false,"is_daily":false,"chose_seed":false,"campfire_upgraded":5,"win_rate":0,"timestamp":1569799840,"path_taken":["M","?","?","?","?","R","E","R","T","E","M","$","E","?","R","BOSS","M","$","M","M","M","R","E","M","T","R","E","?","?","M","R","BOSS"],"build_version":"2019-09-27","purchased_purges":1,"victory":false,"max_hp_per_floor":[80,80,80,80,80,80,80,80,80,80,80,80,80,80,80,80,80,80,80,80,80,80,80,80,80,80,80,80,80,80,80,80,80],"card_choices":[{"not_picked":["Perfected Strike","Body Slam"],"picked":"Headbutt","floor":1},{"not_picked":["Clothesline","Reaper"],"picked":"Second Wind","floor":7},{"not_picked":["Dual Wield","Warcry"],"picked":"Heavy Blade","floor":10},{"not_picked":["Havoc","Anger"],"picked":"Shockwave","floor":11},{"not_picked":["Havoc","Sentinel"],"picked":"Fire Breathing","floor":13},{"not_picked":["Shrug It Off","Anger"],"picked":"Spot Weakness","floor":14},{"not_picked":["Brutality","Offering"],"picked":"Bludgeon","floor":16},{"not_picked":["Clash","Flex"],"picked":"True Grit","floor":18},{"not_picked":["Fire Breathing","Warcry+1"],"picked":"Infernal Blade+1","floor":20},{"not_picked":["Body Slam","Twin Strike"],"picked":"Shockwave","floor":21},{"not_picked":["Rampage","Flex"],"picked":"Pummel","floor":22},{"not_picked":["Heavy Blade","Clothesline"],"picked":"Burning Pact","floor":24},{"not_picked":["Twin Strike","Hemokinesis"],"picked":"Shrug It Off+1","floor":25},{"not_picked":["Searing Blow","Body Slam"],"picked":"Fire Breathing","floor":28},{"not_picked":["Second Wind+1","Rupture"],"picked":"Inflame","floor":29},{"not_picked":["Twin Strike+1","Fire Breathing"],"picked":"Fiend Fire","floor":31}],"player_experience":628983,"relics_obtained":[{"floor":7,"key":"Eternal Feather"},{"floor":9,"key":"Bag of Preparation"},{"floor":10,"key":"Toy Ornithopter"},{"floor":13,"key":"Bronze Scales"},{"floor":24,"key":"Bottled Tornado"},{"floor":26,"key":"InkBottle"},{"floor":28,"key":"Incense Burner"}],"event_choices":[{"damage_healed":0,"gold_gain":0,"player_choice":"Grow","damage_taken":0,"max_hp_gain":0,"max_hp_loss":0,"event_name":"Living Wall","floor":2,"gold_loss":0,"cards_upgraded":["Bash"]},{"damage_healed":0,"gold_gain":0,"player_choice":"Ignored","damage_taken":0,"max_hp_gain":0,"max_hp_loss":0,"event_name":"Liars Game","floor":3,"gold_loss":0},{"damage_healed":0,"gold_gain":0,"player_choice":"Take Damage","damage_taken":20,"relics_obtained":["Golden Idol"],"max_hp_gain":0,"max_hp_loss":0,"event_name":"Golden Idol","floor":4,"gold_loss":0},{"damage_healed":0,"gold_gain":0,"player_choice":"Bought 3 Potions","damage_taken":0,"max_hp_gain":0,"max_hp_loss":0,"event_name":"The Woman in Blue","floor":5,"gold_loss":0},{"damage_healed":0,"gold_gain":0,"player_choice":"Ignored","damage_taken":0,"max_hp_gain":0,"max_hp_loss":0,"event_name":"Ghosts","floor":30,"gold_loss":0}],"is_beta":true,"boss_relics":[{"not_picked":["SlaversCollar","Runic Pyramid"],"picked":"Mark of Pain"}],"items_purged_floors":[19],"is_endless":false,"potions_floor_spawned":[11,13,16,18,22,28,29],"killed_by":"Collector","ascension_level":3}