{"gold_per_floor":[12,27,39,56,68,97,117,146,200,217,63,75,75,103,103,198,198,217,234,234,234,234,247,247,274,301,316,316,19,119,119,119,219,219,233,30,42,55,55,55,55,55,55,55,104,104,204,219,219,219],"floor_reached":51,"playtime":13997,"items_purged":["Defend_R"],"score":762,"play_id":"10a3fc11-23a9-4435-8284-168603c7553d","local_time":"20190807012857","is_ascension_mode":false,"campfire_choices":[{"floor":13,"key":"REST"},{"data":"Blood for Blood","floor":15,"key":"SMITH"},{"floor":24,"key":"REST"},{"data":"Infernal Blade","floor":32,"key":"SMITH"},{"data":"Bludgeon","floor":40,"key":"SMITH"},{"data":"Discovery","floor":42,"key":"SMITH"},{"data":"Armaments","floor":44,"key":"SMITH"},{"data":"Infernal Blade","floor":49,"key":"SMITH"}],"neow_cost":"NO_GOLD","seed_source_timestamp":239486076456100,"circlet_count":0,"master_deck":["Strike_R","Strike_R","Strike_R","Strike_R","Strike_R","Defend_R","Bash","Armaments+1","Infernal Blade+1","Metallicize","Thunderclap","Intimidate","Iron Wave","Blood for Blood+1","Pommel Strike","Reaper","Discovery+1","Corruption","Bludgeon+1","Second Wind","Warcry","Necronomicurse","Ghostly Armor","Seeing Red","Cleave+1","Decay","Feel No Pain","Infernal Blade+1","Immolate","Doubt","Parasite","Parasite","Evolve","Ghostly Armor","Blood for Blood","Shrug It Off+1","Flame Barrier","Twin Strike","Pummel+1"],"relics":["Burning Blood","Thread and Needle","Kunai","Juzu Bracelet","Regal Pillow","Du-Vu Doll","Lizard Tail","Necronomicon","Shuriken","Oddly Smooth Stone","Bag of Marbles","Charon\u0027s Ashes","Paper Frog","Calling Bell","Vajra","Self Forming Clay","Calipers","Bag of Preparation","Magic Flower","Bird Faced Urn"],"potions_floor_usage":[8,8,8,14,18,25,25,30,33,50,50],"damage_taken":[{"damage":1,"enemies":"Jaw Worm","floor":1,"turns":4},{"damage":0,"enemies":"Cultist","floor":2,"turns":3},{"damage":0,"enemies":"Small Slimes","floor":3,"turns":3},{"damage":10,"enemies":"Exordium Wildlife","floor":4,"turns":5},{"damage":8,"enemies":"Gremlin Gang","floor":5,"turns":6},{"damage":25,"enemies":"3 Sentries","floor":6,"turns":11},{"damage":7,"enemies":"Large Slime","floor":7,"turns":8},{"damage":13,"enemies":"Lagavulin","floor":8,"turns":6},{"damage":11,"enemies":"Blue Slaver","floor":10,"turns":4},{"damage":18,"enemies":"Exordium Wildlife","floor":12,"turns":5},{"damage":15,"enemies":"3 Sentries","floor":14,"turns":6},{"damage":12,"enemies":"The Guardian","floor":16,"turns":9},{"damage":8,"enemies":"3 Byrds","floor":18,"turns":7},{"damage":12,"enemies":"2 Thieves","floor":19,"turns":5},{"damage":35,"enemies":"Snake Plant","floor":23,"turns":6},{"damage":22,"enemies":"Book of Stabbing","floor":25,"turns":6},{"damage":23,"enemies":"Sentry and Sphere","floor":27,"turns":5},{"damage":23,"enemies":"Colosseum Slavers","floor":30,"turns":4},{"damage":20,"enemies":"Colosseum Nobs","floor":30,"turns":4},{"damage":58,"enemies":"Automaton","floor":33,"turns":10},{"damage":11,"enemies":"3 Darklings","floor":35,"turns":2},{"damage":13,"enemies":"3 Shapes","floor":37,"turns":4},{"damage":4,"enemies":"Sphere and 2 Shapes","floor":38,"turns":3},{"damage":38,"enemies":"2 Orb Walkers","floor":45,"turns":3},{"damage":19,"enemies":"Mind Bloom Boss Battle","floor":47,"turns":5},{"damage":15,"enemies":"Spire Growth","floor":48,"turns":4},{"damage":86,"enemies":"Awakened One","floor":50,"turns":12}],"seed_played":"-3966430675196650408","potions_obtained":[{"floor":1,"key":"PowerPotion"},{"floor":2,"key":"PowerPotion"},{"floor":5,"key":"Energy Potion"},{"floor":7,"key":"GamblersBrew"},{"floor":8,"key":"Energy Potion"},{"floor":12,"key":"Explosive Potion"},{"floor":16,"key":"EssenceOfSteel"},{"floor":19,"key":"Energy Potion"},{"floor":27,"key":"Ancient Potion"},{"floor":30,"key":"SteroidPotion"},{"floor":35,"key":"Regen Potion"},{"floor":48,"key":"Dexterity Potion"}],"is_trial":false,"path_per_floor":["M","M","M","M","M","E","M","E","T","M","$","M","R","E","R","B",null,"M","M","?","?","?","M","R","E","T","M","?","$","?","?","R","B",null,"M","$","M","M","?","R","?","R","T","R","?","?","?","M","R","B",null],"character_chosen":"IRONCLAD","items_purchased":["Reaper","Discovery","Bag of Marbles","Feel No Pain","Evolve","Ghostly Armor","Blood for Blood"],"campfire_rested":2,"item_purchase_floors":[11,11,29,29,36,36,36],"current_hp_per_floor":[80,80,80,76,74,55,54,47,47,42,42,38,77,76,76,74,80,80,74,80,80,64,42,80,64,64,47,47,47,62,62,62,36,80,75,75,68,70,70,70,70,70,70,70,38,70,60,54,54,58],"gold":219,"neow_bonus":"ONE_RARE_RELIC","is_prod":false,"is_daily":false,"chose_seed":false,"campfire_upgraded":6,"win_rate":0.0,"timestamp":1565159337,"path_taken":["M","M","M","M","M","E","M","E","T","M","$","M","R","E","R","BOSS","M","M","?","?","?","M","R","E","T","M","?","?","?","?","R","BOSS","M","$","M","M","?","R","?","R","T","R","?","?","?","M","R","BOSS"],"build_version":"2019-07-05","purchased_purges":1,"victory":true,"max_hp_per_floor":[80,80,80,80,80,80,80,80,80,80,80,80,80,80,80,80,80,80,80,80,80,80,80,80,80,80,80,80,80,80,80,80,80,80,80,80,80,80,80,80,80,80,80,80,80,70,70,70,70,70],"card_choices":[{"not_picked":["Rage","Cleave"],"picked":"Armaments","floor":1},{"not_picked":["Fire Breathing","Pommel Strike"],"picked":"Infernal Blade","floor":2},{"not_picked":["Entrench","Rupture"],"picked":"Metallicize","floor":3},{"not_picked":["Disarm","Headbutt"],"picked":"Thunderclap","floor":4},{"not_picked":["Blood for Blood","Heavy Blade"],"picked":"Intimidate","floor":5},{"not_picked":["Disarm","Sever Soul"],"picked":"Iron Wave","floor":6},{"not_picked":["Inflame","True Grit"],"picked":"Blood for Blood","floor":7},{"not_picked":["Perfected Strike","Searing Blow"],"picked":"Pommel Strike","floor":8},{"not_picked":["Pummel","Thunderclap"],"picked":"Pommel Strike","floor":10},{"not_picked":["Clash","Fire Breathing","Body Slam"],"picked":"SKIP","floor":12},{"not_picked":["Impervious","Sword Boomerang"],"picked":"Corruption","floor":14},{"not_picked":["Reaper","Brutality"],"picked":"Bludgeon","floor":16},{"not_picked":["Searing Blow","Headbutt"],"picked":"Second Wind","floor":18},{"not_picked":["Armaments","Sword Boomerang+1"],"picked":"Warcry","floor":19},{"not_picked":["Anger","Perfected Strike"],"picked":"Ghostly Armor","floor":23},{"not_picked":["Armaments+1","True Grit+1"],"picked":"Seeing Red","floor":25},{"not_picked":["Headbutt","Searing Blow"],"picked":"Cleave+1","floor":27},{"not_picked":["Fiend Fire","Exhume"],"picked":"Immolate","floor":33},{"not_picked":["Wild Strike","Whirlwind","Rupture"],"picked":"SKIP","floor":35},{"not_picked":["Armaments+1","Iron Wave+1"],"picked":"Shrug It Off+1","floor":37},{"not_picked":["Burning Pact+1","Second Wind"],"picked":"Flame Barrier","floor":38},{"not_picked":["Inflame+1","Warcry"],"picked":"Twin Strike","floor":45},{"not_picked":["True Grit+1","Body Slam"],"picked":"Pummel+1","floor":47},{"not_picked":["Searing Blow+1","Rampage+1","True Grit"],"picked":"SKIP","floor":48}],"player_experience":147098,"relics_obtained":[{"floor":6,"key":"Kunai"},{"floor":8,"key":"Juzu Bracelet"},{"floor":9,"key":"Regal Pillow"},{"floor":14,"key":"Du-Vu Doll"},{"floor":22,"key":"Necronomicon"},{"floor":25,"key":"Shuriken"},{"floor":26,"key":"Oddly Smooth Stone"},{"floor":30,"key":"Charon\u0027s Ashes"},{"floor":30,"key":"Paper Frog"},{"floor":34,"key":"Vajra"},{"floor":34,"key":"Self Forming Clay"},{"floor":34,"key":"Calipers"},{"floor":43,"key":"Bag of Preparation"},{"floor":45,"key":"Magic Flower"},{"floor":47,"key":"Bird Faced Urn"}],"event_choices":[{"damage_healed":6,"gold_gain":0,"player_choice":"Full Heal","damage_taken":0,"max_hp_gain":0,"max_hp_loss":0,"event_name":"Wheel of Change","floor":20,"gold_loss":0},{"cards_removed":["Defend_R"],"damage_healed":0,"gold_gain":0,"player_choice":"Elegance","damage_taken":0,"max_hp_gain":0,"max_hp_loss":0,"event_name":"Back to Basics","floor":21,"gold_loss":0},{"damage_healed":0,"gold_gain":0,"player_choice":"Obtained Book","damage_taken":16,"max_hp_gain":0,"max_hp_loss":0,"event_name":"Cursed Tome","floor":22,"gold_loss":0},{"damage_healed":0,"gold_gain":0,"player_choice":"Smashed Altar","damage_taken":0,"max_hp_gain":0,"max_hp_loss":0,"event_name":"Forgotten Altar","floor":28,"gold_loss":0,"cards_obtained":["Decay"]},{"damage_healed":0,"gold_gain":0,"player_choice":"Fight","damage_taken":0,"max_hp_gain":0,"max_hp_loss":0,"event_name":"Colosseum","floor":30,"gold_loss":0},{"damage_healed":0,"gold_gain":0,"player_choice":"Fought Nobs","damage_taken":0,"max_hp_gain":0,"max_hp_loss":0,"event_name":"Colosseum","floor":30,"gold_loss":0},{"damage_healed":0,"gold_gain":0,"player_choice":"Read","damage_taken":0,"max_hp_gain":0,"max_hp_loss":0,"event_name":"The Library","floor":31,"gold_loss":0,"cards_obtained":["Infernal Blade"]},{"cards_removed":["Pommel Strike"],"damage_healed":0,"gold_gain":0,"player_choice":"Removed Attack","damage_taken":0,"max_hp_gain":0,"max_hp_loss":0,"event_name":"Falling","floor":39,"gold_loss":0},{"cards_removed":["Defend_R"],"damage_healed":0,"gold_gain":0,"player_choice":"Purged","damage_taken":0,"max_hp_gain":0,"max_hp_loss":0,"event_name":"Purifier","floor":41,"gold_loss":0},{"damage_healed":0,"gold_gain":0,"player_choice":"Fight","damage_taken":0,"max_hp_gain":0,"max_hp_loss":0,"event_name":"Mysterious Sphere","floor":45,"gold_loss":0},{"damage_healed":70,"gold_gain":0,"player_choice":"Heal","damage_taken":0,"max_hp_gain":0,"max_hp_loss":10,"event_name":"The Moai Head","floor":46,"gold_loss":0},{"damage_healed":0,"gold_gain":0,"player_choice":"Fight","damage_taken":0,"max_hp_gain":0,"max_hp_loss":0,"event_name":"MindBloom","floor":47,"gold_loss":0}],"is_beta":false,"boss_relics":[{"not_picked":["Runic Pyramid","Empty Cage"],"picked":"Lizard Tail"},{"not_picked":["Tiny House","Sozu"],"picked":"Calling Bell"}],"items_purged_floors":[29],"is_endless":false,"potions_floor_spawned":[1,2,5,7,8,12,16,19,27,30,35,48],"ascension_level":0}