{"gold_per_floor":[109,125,48,48,60,93,268,280,352,194,194,211,211,229,229,334,334,350,71,91,104,19,19,49,49,76,76,76,102,102,118,118,118],"floor_reached":33,"playtime":5199,"items_purged":["Defend_R","Doubt"],"score":285,"play_id":"f9570372-2991-4ebc-867e-66a361cbbbc3","local_time":"20190803040714","is_ascension_mode":false,"campfire_choices":[{"data":"Shockwave","floor":11,"key":"SMITH"},{"data":"Infernal Blade","floor":13,"key":"SMITH"},{"data":"Armaments","floor":15,"key":"SMITH"},{"data":"Searing Blow","floor":23,"key":"SMITH"},{"data":"Dual Wield","floor":25,"key":"SMITH"},{"floor":28,"key":"REST"},{"floor":32,"key":"REST"}],"neow_cost":"NONE","seed_source_timestamp":0,"circlet_count":0,"master_deck":["Strike_R+1","Strike_R","Strike_R","Strike_R+1","Strike_R","Defend_R","Defend_R","Defend_R","Bash","Perfected Strike","Perfected Strike","Shockwave+1","Power Through","Armaments+1","Infernal Blade+1","Second Wind","Feel No Pain","Shrug It Off","Shrug It Off","Fiend Fire","Searing Blow+1","Secret Weapon","Pommel Strike","Feel No Pain+1","Dual Wield+1","Infernal Blade","Second Wind+1","Burning Pact","Clothesline","Perfected Strike"],"special_seed":0,"relics":["Burning Blood","Thread and Needle","Bottled Flame","Busted Crown","Centennial Puzzle","Pen Nib","Dream Catcher","Gremlin Horn"],"potions_floor_usage":[16,16,24,33,33],"damage_taken":[{"damage":15.0,"enemies":"Jaw Worm","floor":1.0,"turns":4.0},{"damage":7.0,"enemies":"2 Louse","floor":2.0,"turns":2.0},{"damage":0.0,"enemies":"Small Slimes","floor":5.0,"turns":2.0},{"damage":9.0,"enemies":"Gremlin Nob","floor":6.0,"turns":4.0},{"damage":0.0,"enemies":"3 Louse","floor":8.0,"turns":2.0},{"damage":4,"enemies":"Lots of Slimes","floor":12,"turns":6},{"damage":0,"enemies":"Exordium Thugs","floor":14,"turns":7},{"damage":20,"enemies":"The Guardian","floor":16,"turns":13},{"damage":3,"enemies":"Shell Parasite","floor":18,"turns":4},{"damage":19,"enemies":"Chosen","floor":20,"turns":5},{"damage":4,"enemies":"Snecko","floor":21,"turns":4},{"damage":13,"enemies":"Slavers","floor":24,"turns":6},{"damage":28,"enemies":"Gremlin Leader","floor":29,"turns":6},{"damage":3,"enemies":"Chosen and Byrds","floor":31,"turns":4},{"damage":128,"enemies":"Automaton","floor":33,"turns":12}],"seed_played":"-8274857596153614182","potions_obtained":[{"floor":2.0,"key":"BloodPotion"},{"floor":5.0,"key":"LiquidBronze"},{"floor":8.0,"key":"Fire Potion"},{"floor":12,"key":"Weak Potion"},{"floor":21,"key":"SkillPotion"},{"floor":24,"key":"SpeedPotion"}],"is_trial":false,"path_per_floor":["M","M","$","?","M","E","?","M","T","$","R","M","R","M","R","B",null,"M","$","M","M","?","R","E","R","T","?","R","E","?","M","R","B"],"character_chosen":"IRONCLAD","items_purchased":["Power Through","Feel No Pain","Shrug It Off","Secret Weapon"],"campfire_rested":2,"item_purchase_floors":[3,10,10,19],"current_hp_per_floor":[71,70,70,54,60,57,57,63,63,63,63,65,65,71,71,57,80,80,80,67,69,69,69,62,62,62,47,72,50,50,53,78,0],"gold":118,"neow_bonus":"THREE_CARDS","is_prod":false,"is_daily":false,"chose_seed":false,"campfire_upgraded":5,"win_rate":0.0,"timestamp":1564823234,"path_taken":["M","M","$","?","M","E","?","M","T","$","R","M","R","M","R","BOSS","M","$","M","M","?","R","E","R","T","?","R","E","?","M","R","BOSS"],"build_version":"2019-07-05","purchased_purges":2,"victory":false,"max_hp_per_floor":[80,80,80,80,80,80,80,80,80,80,80,80,80,80,80,80,80,80,80,80,80,80,80,80,80,80,85,85,85,85,85,85,85],"card_choices":[{"not_picked":["Combust","Heavy Blade"],"picked":"Perfected Strike","floor":0.0},{"not_picked":["Iron Wave","Sword Boomerang"],"picked":"Perfected Strike","floor":1.0},{"not_picked":["Rupture","Anger"],"picked":"Shockwave","floor":2.0},{"not_picked":["Infernal Blade","Reckless Charge"],"picked":"Armaments","floor":5.0},{"not_picked":["Reckless Charge","Dark Embrace"],"picked":"Infernal Blade","floor":6.0},{"not_picked":["Feel No Pain","Anger"],"picked":"Second Wind","floor":8.0},{"not_picked":["Thunderclap","Clash"],"picked":"Shrug It Off","floor":12},{"not_picked":["Body Slam","Heavy Blade","Clash"],"picked":"SKIP","floor":14},{"not_picked":["Dark Embrace","Berserk"],"picked":"Fiend Fire","floor":16},{"not_picked":[],"picked":"Searing Blow","floor":18},{"not_picked":[],"picked":"Pommel Strike","floor":20},{"not_picked":[],"picked":"Feel No Pain+1","floor":21},{"not_picked":[],"picked":"Dual Wield","floor":24},{"not_picked":[],"picked":"Infernal Blade","floor":28},{"not_picked":[],"picked":"Second Wind+1","floor":29},{"not_picked":[],"picked":"Clothesline","floor":31},{"not_picked":[],"picked":"Perfected Strike","floor":32}],"player_experience":28628,"relics_obtained":[{"floor":6.0,"key":"Thread and Needle"},{"floor":9.0,"key":"Bottled Flame"},{"floor":24,"key":"Pen Nib"},{"floor":26,"key":"Dream Catcher"},{"floor":29,"key":"Gremlin Horn"}],"event_choices":[{"damage_healed":0.0,"max_hp_gain":0.0,"max_hp_loss":0.0,"gold_gain":0.0,"event_name":"Shining Light","player_choice":"Entered Light","floor":4.0,"gold_loss":0.0,"damage_taken":16.0,"cards_upgraded":["Strike_R","Strike_R"]},{"damage_healed":0.0,"max_hp_gain":0.0,"max_hp_loss":0.0,"gold_gain":175.0,"event_name":"Liars Game","player_choice":"AGREE","floor":7.0,"gold_loss":0.0,"damage_taken":0.0,"cards_obtained":["Doubt"]},{"damage_healed":0,"gold_gain":0,"player_choice":"Obtained Relic","damage_taken":0,"relics_obtained":["Centennial Puzzle"],"max_hp_gain":0,"max_hp_loss":0,"event_name":"Addict","floor":22,"gold_loss":85},{"damage_healed":0,"gold_gain":0,"player_choice":"Shed Blood","damage_taken":20,"max_hp_gain":5,"max_hp_loss":0,"event_name":"Forgotten Altar","floor":27,"gold_loss":0},{"damage_healed":0,"gold_gain":0,"player_choice":"Read","damage_taken":0,"max_hp_gain":0,"max_hp_loss":0,"event_name":"The Library","floor":30,"gold_loss":0,"cards_obtained":["Burning Pact"]}],"is_beta":false,"boss_relics":[{"not_picked":["Coffee Dripper","Mark of Pain"],"picked":"Busted Crown"}],"items_purged_floors":[10,19],"is_endless":false,"potions_floor_spawned":[2,5,8,12,21,24],"killed_by":"Automaton","ascension_level":0}